1863 3262
169 269 328 303 OPERIS
363 269 624 303 IMPERFECTI
661 269 835 299 CONTRA
870 268 1115 311 JULIANUM,
1154 270 1242 302 LIB.
1283 269 1345 302 lv.
1388 254 1472 313 241

185 340 296 385 AUG.
338 341 427 385 Cur
464 353 550 382 non
580 333 763 380 attendis
781 351 865 380 esse
896 346 1126 398 peccatum
1143 336 1271 382 etiam
1295 353 1382 382 non
1406 354 1487 383 vo·-

117 407 386 455 luntarium?
405 417 520 454 certe
536 407 581 452 in
601 404 675 451 illo
700 404 776 468 qui
798 405 933 462 dicit,
957 423 1234 471 quacumque
1257 424 1382 453 causa
1402 408 1490 455 hoc

119 478 238 525 dicat
261 499 272 524 :
302 501 322 521 α
344 479 389 524 Si
414 489 557 523 autem
583 475 703 540 quod
736 476 837 521 nolo
862 493 963 536 ego,
999 476 1086 523 hoc
1120 478 1260 532 faci03
1287 482 1378 538 jam
1404 497 1491 525 non

120 567 230 610 »ego
258 556 412 613 operor
435 547 544 594 illud
561 584 572 601 ‚
600 546 672 593 sed
695 545 814 610 quod
835 546 1066 593 habitatin
1084 565 1152 593 me
1169 549 1443 611 peccatum1.
1471 571 1492 593 »

121 620 214 666 Cur
232 637 319 667 non
339 618 521 666 attendis
543 635 629 664 esse
651 618 780 664 etiam
803 618 1096 664 necessitatem
1112 656 1123 675 ,
1145 635 1231 682 qua
1250 635 1417 665 necesse
1436 630 1497 665 cst

119 690 302 737 velimus
328 690 452 736 beate
475 689 639 747 vivere3
664 699 706 734 et
739 687 895 734 clausis
925 689 1060 735 oculis
1087 689 1148 735 sic
1173 688 1294 734 alteri
1319 689 1497 735 alteram

121 760 310 824 opponis
329 797 340 817 ,
369 760 492 825 quasi
523 759 724 807 voluutas
753 759 1041 817 necessitatis,
1071 770 1145 806 aut
1168 759 1394 805 necessitas
1418 777 1500 806 vo-

121 829 301 877 luntatis
319 848 404 877 esse
421 848 509 877 non
529 831 700 895 possiti)

187 900 345 948 XCIV.
386 901 484 948 Jur„
515 901 672 946 «Cum
691 916 792 960 ergo
817 899 904 946 hoc
926 900 988 946 ita
1008 900 1316 947 inconcussum
1345 901 1428 957 sit,
1457 910 1504 946 ut

122 971 241 1018 nulla
264 981 394 1035 queat
420 971 791 1031 argumentatione
808 971 994 1019 convelli
1018 989 1027 1016 :
1051 982 1099 1018 tu
1117 972 1224 1032 elige
1243 982 1391 1018 utrum
1412 989 1500 1017 ma-

121 1039 186 1087 vis
204 1077 215 1096 ‚
244 1051 287 1086 et
307 1040 376 1087 vel
403 1051 617 1098 nostram,
641 1041 709 1087 vel
731 1052 851 1087 tuam
878 1051 1125 1089 constanter
1145 1042 1309 1088 affirma
1332 1053 1507 1088 senten-

124 1112 226 1157 tiam
246 1132 258 1167 3
282 1122 331 1158 ut
357 1122 432 1158 aut
455 1113 697 1158 necessitati
717 1150 726 1168 ‚
756 1124 831 1159 aut
854 1113 1068 1159 voluntati
1098 1114 1286 1177 imputes
1304 1113 1498 1178 culpam.

126 1182 239 1227 Cum
264 1193 409 1228 autem
427 1183 528 1229 dico
550 1220 560 1239 ‚
586 1194 734 1229 utrum
751 1183 886 1229 mavis
902 1220 913 1239 ‚
935 1200 1022 1228 non
1042 1183 1102 1229 sic
1125 1183 1337 1230 admoneo
1353 1220 1364 1238 ‚
1383 1183 1506 1248 quasi

127 1262 201 1299 tua
224 1252 374 1299 adhuc
388 1253 519 1299 lateat
551 1254 724 1316 opinio,
752 1252 830 1316 qui
851 1254 1031 1298 crimina
1061 1264 1231 1300 naturae
1254 1271 1332 1318 per
1362 1254 1507 1300 Mani-

125 1322 301 1368 chaeum
325 1323 562 1387 importare
583 1323 775 1368 didicisti
801 1340 810 1367 :
840 1323 914 1368 scd
940 1323 1144 1370 ideo-hoc
1161 1341 1416 1371 commoneo
1430 1361 1442 1382 ,
1462 1334 1511 1370 ut

125 1391 433 1456 disputationis
457 1403 542 1439 tuae
563 1393 719 1440 veritas
737 1392 981 1440 denotetur.

191 1465 306 1511 Auo.
336 1463 450 1510 Velis
489 1463 601 1509 nolis
616 1501 628 1521 ,
673 1464 881 1527 quoniam
929 1481 1044 1528 saepe
1088 1463 1176 1510 hoc
1213 1463 1323 1511 dicis
1338 1501 1349 1521 ‚
1393 1481 1509 1529 saepe

127 1545 299 1599 oportet
319 1546 369 1581 ut
394 1534 566 1592 audias,
593 1552 680 1581 non
697 1535 824 1581 fuisse
849 1536 1148 1581 Manichaeum
1168 1535 1245 1599 qui
1269 1535 1403 1593 dixit,
1425 1536 1510 1582 dis-

127 1606 368 1652 sensionem
400 1606 542 1652 carnis
565 1617 607 1652 et
631 1606 807 1669 spiritus
837 1624 917 1671 per
945 1606 1351 1670 praevaricationem
1374 1607 1510 1671 primi

128 1676 318 1723 hominis
341 1677 387 1723 in
414 1688 616 1724 naturam
655 1677 893 1724 vertisse2:
926 1679 1072 1736 Quam
1108 1689 1156 1725 tu
1195 1695 1370 1724 causam
1405 1678 1510 1726 mali

128 1746 263 1811 hujus
283 1765 443 1808 negans
458 1785 469 1805 ‚
493 1765 594 1795 cum
614 1766 702 1812 quo
720 1749 835 1795 malo
852 1751 971 1796 nasci
991 1766 1165 1796 omnem
1181 1749 1408 1796 hominem
1426 1768 1507 1797 ne—

129 1835 228 1880 gare
253 1837 340 1866 non
363 1819 512 1866 sineris
530 1858 541 1877 ,
567 1821 673 1868 facis
696 1831 745 1867 ut
770 1821 1045 1868 Manichaeus
1067 1821 1165 1867 aliae
1187 1832 1356 1868 naturae
1384 1840 1508 1869 com—

130 1890 378 1936 mixtionem
405 1890 533 1937 nobis
551 1891 684 1938 inesse
705 1891 823 1938 dicat
839 1928 852 1949 ,
875 1902 917 1937 et
936 1892 1084 1939 vincat
1101 1891 1184 1938 nisi
1204 1902 1350 1938 tecum
1367 1892 1508 1940 victus

131 1960 325 2007 intereat.

197 2030 332 2077 XCV.
374 2031 400 2075 J
408 2048 478 2078 UL.
509 2053 529 2073 «
546 2030 665 2089 Quid
693 2031 826 2092 igitur
856 2032 967 2078 mihi
988 2031 1287 2096 responderis,
1314 2032 1508 2096 prudens

132 2111 175 2147 et
194 2100 402 2147 sollicitus
421 2102 595 2148 auditor
612 2103 839 2165 expendat.
870 2104 935 2149 De
955 2102 1148 2167 parvulis
1175 2113 1290 2150 certe
1316 2103 1503 2164 agimus,

131 2171 294 2236 quibus
324 2172 445 2219 nulla
475 2173 670 2237 propriae
701 2174 854 2220 mentis
879 2173 996 2220 adest
1019 2173 1244 2231 voluntas,
1271 2173 1325 2220 de
1345 2174 1510 2238 quibus

133 2242 344 2306 quaeritur
361 2262 439 2307 per
456 2244 564 2308 quid
582 2245 666 2290 sint
686 2245 767 2291 sub
786 2245 980 2301 diabolo,
1006 2262 1114 2309 quos
1133 2249 1251 2291 Deus
1268 2244 1386 2302 fecit,
1408 2263 1510 2293 cum

133 2311 248 2357 nihil
270 2312 374 2359 mali
399 2314 514 2377 ipsos
530 2315 660 2375 egisse
678 2315 933 2362 consentias.
959 2316 1028 2361 Tu
1045 2333 1115 2362 eos
1136 2315 1420 2362 concionatus
1437 2334 1479 2363 es
1494 2354 1507 2375 ,

136 2379 192 2427 ad
209 2385 282 2441 J'us
309 2382 521 2430 daemonis
539 2396 721 2449 propter
733 2398 986 2449 peccatum,
1007 2403 1095 2432 non
1114 2397 1296 2451 propter
1311 2397 1513 2433 naturam

137 2453 366 2516 pertinere.
402 2455 471 2500 Ad
499 2456 588 2502 hoc
625 2457 854 2504 insurrexit
888 2469 1034 2504 nostra
1061 2458 1315 2523 responsio:
1351 2459 1435 2505 Sed
1468 2469 1516 2505 ut

138 2540 228 2570 non
247 2535 390 2589 potest
407 2543 494 2574 esse
516 2528 605 2573 sine
622 2528 790 2576 sexibus
812 2530 968 2585 foetus,
991 2529 1052 2576 ita
1069 2547 1150 2577 nec
1173 2529 1262 2578 sine
1294 2528 1518 2578 voluntate

187 2607 199 2633 Ι
219 2611 312 2642 Rom.
336 2620 392 2650 vn,
414 2621 468 2653 19.
484 2627 528 2635 —
541 2608 558 2635 2
574 2610 723 2647 Ambros.
741 2611 796 2646 lul).
815 2624 845 2652 7.
864 2612 897 2646 in
913 2609 993 2647 Luc.
1014 2624 1068 2647 12.

271 2679 413 2713 cxmv.
1334 2684 1349 2714 1
1361 2669 1389 2714 6
