1824 3236
243 272 335 333 59ss
858 284 1007 315 minax.

241 353 336 382 Lmen
358 351 395 382 V.
423 350 599 384 Confirmat
617 351 822 392 Augustinus,
841 356 874 381 et
890 361 906 381 a
922 350 1040 381 Juliani
1057 349 1222 381 calumniis
1238 348 1378 381 vindicat
1391 358 1428 380 ea
1443 357 1512 390 quae

289 404 320 434 in
335 403 419 434 libro
431 402 570 434 secundo
590 402 630 434 de
643 401 774 443 Nuptiis
789 407 821 433 et
837 401 1118 444 Concupiscentia.
1133 401 1238 443 capite
1257 412 1292 432 ια
1306 425 1313 436 .
1330 406 1362 432 et
1381 400 1511 442 quihus-

284 454 358 486 dam
380 464 498 496 sequen
518 453 587 484 ibus
601 453 741 494 scripsit,
767 451 924 494 imprimis
937 451 1085 484 videlicet
1101 453 1188 494 quod
1213 462 1283 484 eam
1309 452 1512 483 commixtio-

287 516 359 537 nem
373 506 438 538 sive
452 505 700 537 commotionem
718 503 900 545 pudendam
917 503 1134 535 membrorum
1152 514 1216 535 non
1243 503 1377 535 baberet
1400 508 1514 533 natura

286 565 380 591 sana.
408 567 503 599 quam
533 556 633 587 h2-bet
663 561 777 587 natura
806 554 944 587 vitiata:
974 565 1009 586 ac
1035 565 1092 597 per
1115 554 1176 586 hoc
1204 554 1289 597 quod
1318 554 1343 585 is
1364 552 1417 596 qui
1443 552 1518 584 inde

287 607 446 646 nascitur,
477 608 619 648 indigeat
639 606 774 638 renasci.
797 606 923 638 Deinde
939 606 1025 648 quod
1050 605 1093 637 ibi
1109 616 1180 647 cap.
1201 605 1252 644 14,
1277 616 1316 636 πο
1336 610 1370 636 et
1388 603 1427 635 26
1439 613 1515 635 con-

288 657 417 696 tendit,
445 658 614 689 lulianum
635 657 827 699 Apostolicis
856 657 979 689 duobus
1003 657 1199 688 testimoniis
1216 681 1223 691 ,
1245 667 1256 686 1
1275 656 1353 687 Cor.
1377 656 1425 693 15,
1453 654 1512 690 56,

287 709 351 747 38,
367 715 397 741 et
417 710 510 740 Rom.
534 721 541 740 ι
560 733 569 748 ,
597 721 634 751 ²7
649 734 656 744 .
682 710 904 751 sententiaque
933 708 1125 748 Evangelica
1151 708 1246 739 Mau.
1266 719 1302 748 7,
1329 717 1364 748 ¹7
1381 716 1435 737 seu
1459 716 1511 739 12.

288 761 328 791 53
353 772 518 803 perperam
542 762 672 792 abusam
697 772 774 792 esse.
799 761 894 800 Quod
911 771 980 801 cap.
1004 760 1043 791 28
1060 760 1216 797 asseruit,
1236 760 1353 790 malum
1381 768 1435 788 seu
1460 767 1516 787 vo·

289 814 444 845 luntatcm
460 813 574 844 malam
593 813 664 844 ideo
680 823 717 844 ex
734 822 832 854 opere
854 811 912 843 Dei
932 812 1016 842 bono
1033 810 1110 841 oriri
1138 809 1295 851 potuisse,
1315 808 1389 850 quia
1407 808 1510 849 ipsum

290 875 473 906 quanquam
485 865 625 901 bonum,
654 863 693 895 de
721 863 823 894 nihilo
840 862 957 894 factum
972 867 1037 901 est,
1058 872 1122 892 non
1137 862 1177 893 de
1193 863 1272 893 Deo.
1292 861 1339 892 Ac
1356 865 1518 902 postremo

288 916 374 958 quod
401 926 472 958 rap.
504 926 540 955 17
561 914 690 952 docuit,
715 915 758 946 sic
780 915 885 946 Deum
910 924 1018 946 creare
1042 914 1159 951 malos,
1184 911 1345 954 quomodo
1362 910 1462 953 pascit
1488 914 1521 941 et

290 967 393 999 nutrit
406 967 518 998 matos.
1561 961 1589 990 3(
1603 960 1620 990 ζ’)

247 1055 344 1085 Lmen
370 1052 432 1083 v1.
451 1051 602 1084 Ostendit
620 1051 815 1091 Augustinus
831 1051 996 1083 Julianum
1024 1051 1139 1082 frustra
1155 1050 1238 1081 libro
1262 1059 1318 1080 suo
1342 1053 1432 1080 sexto
1446 1047 1514 1079 dis-

291 1109 405 1146 putare
426 1109 537 1135 contra
552 1102 584 1133 id
599 1102 685 1144 quod
699 1102 783 1133 libro
800 1103 939 1134 secundo
961 1102 1000 1133 de
1026 1101 1154 1143 Nuptiis
1174 1107 1204 1133 et
1227 1098 1517 1141 Concupiscentia,

292 1165 362 1197 rap.
392 1155 452 1193 54,
482 1160 637 1185 assertum
662 1159 731 1193 est,
757 1154 851 1195 primi
875 1153 1013 1185 hominis
1030 1159 1159 1194 peccato
1178 1157 1322 1184 naturam
1343 1151 1517 1182 humanam

291 1205 384 1237 fuisse
402 1207 433 1237 in
450 1205 590 1237 deterius
612 1210 852 1243 commutatam,
871 1206 915 1237 ita
939 1211 974 1236 ut
993 1216 1055 1236 nou
1070 1204 1172 1236 solum
1194 1203 1276 1235 facta
1292 1202 1331 1234 sit
1345 1202 1520 1244 peccatrix,

289 1258 343 1289 sed
359 1258 454 1290 etiam
468 1257 616 1299 genuerit
632 1257 781 1298 deinceps
799 1263 993 1299 peccatores,
1013 1255 1120 1288 Liberi
1138 1254 1264 1286 arbitrii
1280 1254 1364 1286 vires
1379 1275 1388 1291 ,
1403 1252 1520 1294 quibus

294 1308 427 1350 integris
442 1314 573 1351 poterat
589 1308 702 1345 homo,
722 1314 754 1340 et
772 1314 857 1340 recte
872 1319 976 1349 agere.
1001 1318 1073 1339 cum
1097 1307 1192 1339 vellet
1205 1330 1213 1341 .
1229 1311 1263 1338 et
1279 1316 1343 1337 non
1362 1315 1492 1347 peccare
1508 1328 1516 1340 ,

295 1361 318 1390 si
338 1360 438 1392 nollet
450 1382 460 1398 2
487 1359 648 1401 peccando
666 1370 739 1390 eum
765 1359 941 1401 perdidisse
957 1359 1049 1390 docet
1065 1370 1073 1389 ι
1092 1359 1176 1390 illam
1196 1364 1302 1390 autem
1320 1367 1448 1398 prorsus
1463 1356 1520 1387 im-

294 1411 410 1452 probat
425 1411 648 1443 definitionem
673 1411 829 1443 libertatis
843 1432 853 1449 ,
871 1421 943 1453 quae
969 1412 1086 1452 passim
1111 1409 1266 1450 objectari
1283 1408 1323 1440 ab
1339 1407 1521 1440 adversario

295 1463 387 1497 solet,
403 1463 544 1499 scilicet,
572 1462 777 1494 possibilitas
805 1464 957 1503 peccandi
982 1469 1012 1495 et
1036 1473 1097 1494 non
1113 1462 1285 1503 peccandi,
1304 1466 1363 1493 etc.
1383 1460 1517 1492 Dolores

290 1515 540 1556 parturientium
556 1536 565 1552 ,
595 1516 720 1555 spinas.
751 1514 875 1545 labores
889 1537 898 1553 ‚
932 1513 1083 1552 sudoreS,
1116 1519 1309 1555 caeterasque
1336 1512 1519 1544 mortalium

290 1576 447 1597 aerumnas
470 1565 586 1608 probat
615 1576 724 1608 poenas
741 1576 806 1598 esse
831 1567 969 1608 peccati;
994 1566 1048 1597 sed
1078 1565 1177 1607 ipsam
1202 1564 1360 1606 imprimis
1385 1571 1521 1596 mortem

293 1616 451 1658 poenalem
475 1628 542 1649 esse
565 1618 708 1656 homini,
732 1618 786 1659 qui
814 1619 858 1651 sic
881 1618 1035 1650 divinitus
1063 1616 1228 1649 institutus
1254 1615 1357 1648 fuerat
1374 1640 1381 1651 ,
1400 1622 1434 1648 ut
1464 1617 1521 1648 nisi

292 1675 436 1711 peccaret
454 1693 463 1708 ,
483 1680 545 1700 non
563 1675 760 1702 moreretur.
775 1671 926 1702 Extrema
946 1675 1034 1711 parte.
1051 1669 1125 1701 libri
1143 1668 1373 1710 expositionem
1393 1669 1425 1699 in
1442 1668 1520 1700 illud

296 1719 440 1761 Apostoli
463 1730 473 1750 1
495 1721 573 1751 Cor.
598 1721 646 1750 15.
664 1720 756 1750 Sicut
773 1721 804 1751 ἱη
820 1721 928 1751 Adam
946 1731 1053 1751 omnes
1073 1721 1276 1758 moriuntur,
1293 1725 1322 1751 et
1339 1720 1369 1750 in
1385 1730 1522 1762 sequen·-

294 1771 336 1801 tia
361 1770 501 1812 ejusdem
517 1771 634 1813 capitis
657 1772 760 1808 dicta,
788 1783 803 1802 a
829 1771 960 1803 Juliano
987 1772 1143 1813 prolatam
1161 1771 1313 1813 expendit
1335 1777 1366 1803 et
1390 1771 1518 1803 refellit.

291 1822 436 1853 Tandem
453 1833 510 1864 per
533 1828 636 1854 totum
653 1822 719 1854 fere
736 1822 854 1855 librum
871 1823 984 1865 dogma
1002 1823 1196 1856 catholicum
1212 1823 1251 1854 de
1267 1823 1413 1864 originali
1430 1823 1523 1860 vitio,

292 1873 378 1915 quod
393 1873 543 1905 Julianus
566 1875 604 1905 ad
624 1875 838 1906 Manichaeum
859 1875 1003 1907 baeresim
1018 1876 1146 1907 trahere
1164 1874 1283 1916 ubique
1301 1874 1447 1909 enititur.
1460 1885 1525 1906 non

292 1925 515 1957 modo‘abesse
533 1926 626 1967 longe
647 1926 686 1957 ab
703 1927 756 1958 illa
781 1928 910 1963 haeresi,
928 1929 981 1960 sed
997 1927 1092 1959 etiam
1113 1926 1259 1958 haeresim
1284 1926 1369 1957 illam
1387 1925 1525 1958 demon-

288 1983 368 2008 strat
385 1987 550 2019 nunquam
565 1988 581 2009 a
600 1977 777 2020 Pelagianis
791 1989 880 2021 posse
901 1979 959 2010 nisi
977 1979 1127 2012 catholici
1145 1978 1241 2020 ipsius
1258 1977 1415 2019 dogmatis
1428 1979 1521 2009 auxi—

290 2029 332 2059 lio
348 2034 379 2060 et
396 2028 594 2071 professione
611 2030 768 2072 superari.
1567 2030 1627 2066 425

248 2158 622 2191 Amr-ommonem
1568 2160 1629 2201 5;,3

746 2366 947 2396 EXPLICIT
982 2367 1134 2396 INDEX.
