1863 3262
343 264 404 311 68
749 282 781 311 s,
826 281 1071 312 AUGusriui
1109 282 1309 312 EPISCOP1

341 365 480 394 unum
502 346 725 392 hominem
748 345 895 393 fecisse
911 386 920 404 ‚
952 347 1074 411 quod
1103 347 1191 392 duo
1218 346 1442 404 fecerunt,
1469 348 1552 395 nisi
1573 363 1723 396 eorum

342 418 532 464 duorum
557 428 712 462 auctor
736 417 839 463 facti
864 419 917 462 sit
940 435 1050 462 unus
1070 435 1080 462 :
1101 428 1176 463 aut
1195 419 1402 464 mentitur
1425 430 1498 465 aut
1522 419 1688 467 fallitur
1709 439 1720 466 z

341 489 455 534 sicut
472 489 525 534 de
541 488 708 534 locusta
729 500 769 534 et
785 506 889 533 rana
910 488 1043 551 paulo
1064 492 1266 548 antejam
1294 489 1491 538 diximus.

406 559 563 605 XCIV.
605 561 703 606 JUL.
746 581 765 600 «
789 560 861 604 Sic
895 559 1010 604 enim
1054 559 1293 622 Apostolus
1341 559 1396 605 ad
1434 561 1687 607 Corinthios
1709 579 1722 607 ε

340 651 361 672 «
386 630 498 675 Nam
525 629 636 675 sicut
667 629 838 685 mulier,
860 629 1033 692 inquit,
1061 647 1108 675 ex
1131 630 1246 685 viro,
1272 631 1329 675 ita
1354 641 1395 676 et
1421 631 1488 678 Vir
1518 650 1597 696 per
1621 649 1726 678 mu-

340 724 362 745 »
384 702 562 756 lierem3
599 700 746 746 omnia
780 712 924 746 autem
948 718 994 746 ex
1023 702 1113 746 Deo
1133 701 1165 748 1.
1192 722 1211 744 >2
1235 703 1381 747 Tertio
1406 720 1507 749 vero
1538 703 1726 749 ostendit

338 775 473 830 ratio,
501 773 708 837 quoniam
729 773 807 817 etsi
829 783 1032 817 neutrum
1060 772 1218 818 horum
1241 773 1361 836 quod
1386 774 1514 819 nobis
1533 774 1725 820 admini-

339 845 529 899 culatur,
558 843 733 900 fuisset3
755 854 897 888 tamen
923 843 1041 888 illam
1063 844 1320 888 sententiam
1340 881 1350 899 ,
1379 861 1464 908 qua
1488 862 1567 907 per
1587 861 1726 889 unum

337 913 560 960 hominem
577 915 753 959 intrasse
774 925 1005 977 peccatum
1020 915 1063 959 in
1084 914 1204 959 hunc
1225 914 1439 959 mundum
1460 915 1621 960 Paulus
1640 914 1725 960 dis-

336 996 482 1048 putat,
506 985 674 1030 nullum
700 1003 800 1031 euin
826 985 1080 1030 Maniehaeis
1099 984 1241 1029 iniisse
1254 984 1414 1031 foedus
1446 1007 1466 1025 »

407 1059 521 1103 Are.
566 1057 633 1101 Tu
664 1057 807 1119 potius
838 1057 916 1100 ista
943 1056 1129 1100 dicendo
1155 1056 1389 1101 ostenderis
1419 1055 1578 1102 foedus,
1613 1056 1724 1100 Nam

336 1127 454 1190 quod
479 1126 623 1172 foedus
641 1137 701 1171 est
727 1126 934 1189 Apostolo
961 1143 1061 1170 cum
1084 1125 1368 1171 Manichaeop
1395 1127 1509 1171 Cum
1531 1126 1727 1188 Aposto-

334 1198 402 1244 lus
426 1198 546 1244 dicat
569 1216 580 1243 ε
603 1220 622 1239 α
645 1198 818 1260 Corpus
835 1196 1011 1260 quidem
1042 1208 1261 1242 mortuum
1288 1208 1349 1242 est
1366 1208 1550 1260 propter
1566 1213 1728 1259 pecca-

336 1289 358 1311 »
385 1270 540 1322 tum23
564 1290 583 1311 ›>
620 1268 741 1332 quod
782 1270 936 1314 evertit
967 1268 1167 1313 haeresim
1206 1278 1390 1313 vestram
1417 1286 1428 1313 :
1453 1267 1729 1313 Manichaeus

335 1351 480 1386 autem
506 1339 625 1385 dieat
649 1357 659 1384 ε
683 1342 856 1403 Corpus
886 1338 1223 1384 immutabiliter
1244 1337 1407 1383 malum
1430 1348 1519 1391 est,
1546 1347 1728 1401 propter

336 1421 600 1456 coaeternam
622 1410 740 1455 bono
764 1410 866 1455 mali
893 1411 1128 1455 naturam?
1150 1412 1347 1470 Itemque
1379 1408 1424 1452 in
1447 1425 1496 1453 eo
1522 1407 1621 1453 loeo
1649 1407 1728 1452 ubi

337 1481 508 1527 dictum
528 1491 590 1527 est
614 1499 624 1526 :
647 1502 668 1522 <c
690 1485 862 1543 Corpus
885 1491 1110 1525 mortuum
1132 1489 1194 1524 est
1213 1489 1396 1541 propter
1412 1489 1644 1542 peccatum
1667 1497 1678 1531 ;
1705 1499 1726 1519 >)

334 1552 571 1616 Apostolus
593 1552 710 1597 sileat
730 1570 740 1596 :
765 1573 784 1593 c<
809 1551 896 1607 Qui
911 1551 1136 1597 suscitavit
1153 1549 1380 1595 Christum
1402 1568 1424 1595 a
1442 1549 1641 1603 mortuis,
1662 1548 1728 1596 vi·

335 1644 357 1666 >³
381 1623 579 1670 vifieabit
619 1634 660 1668 et
695 1623 897 1668 mortalia
935 1640 1122 1686 corpora
1163 1620 1328 1666 vestra3
1354 1638 1365 1665 ι
1395 1642 1414 1662 »
1452 1619 1728 1666 Manichaeus

336 1705 479 1740 autem
505 1693 624 1739 dicat
641 1730 653 1750 ‚
681 1694 824 1739 earnis
847 1712 1031 1757 corpora
1064 1711 1153 1738 non
1190 1691 1405 1754 pertinere
1432 1691 1486 1737 ad
1511 1690 1617 1736 boni
1648 1689 1726 1735 Dei

335 1776 579 1811 creaturam
601 1802 610 1820 ,
638 1765 711 1810 sed
738 1764 791 1810 ad
817 1766 919 1810 mali
944 1776 1172 1819 naturam3
1198 1779 1278 1807 nee
1313 1761 1540 1807 Christum
1561 1779 1583 1806 a
1604 1777 1726 1806 mor-

333 1838 420 1883 tuis
452 1837 736 1886 suscitatum.
775 1835 848 1880 sed
883 1853 970 1880 non
998 1852 1084 1880 esse
1123 1842 1362 1878 mortuum.
1402 1832 1487 1877 Vos
1519 1848 1619 1891 ergo
1649 1830 1726 1894 qui

337 1907 581 1954 Maniehaei
600 1924 688 1952 non
712 1907 810 1951 estis
825 1943 834 1960 ‚
866 1906 938 1951 sed
959 1905 1129 1951 diversa
1153 1912 1273 1966 peste
1300 1919 1380 1947 nee
1395 1919 1471 1948 vos
1493 1903 1586 1947 sani
1606 1902 1723 1957 estis,

336 1979 469 2024 dicite
493 1978 716 2042 quomodo
738 1978 791 2023 sit
817 1994 977 2040 corpus
1002 1987 1227 2022 mortuum
1252 1984 1437 2036 propter
1467 1983 1724 2036 peccatum;

336 2052 413 2113 qui
428 2050 624 2112 corporis
640 2059 823 2093 mortem
839 2066 924 2093 non
939 2066 1018 2111 per
1034 2056 1266 2110 peceatum
1284 2043 1401 2089 iliius
1416 2043 1608 2089 hominis
1620 2080 1633 2100 ,
1652 2041 1726 2088 sed

335 2119 428 2179 lege
448 2129 618 2164 naturae
638 2118 815 2162 intrasse
831 2119 1076 2163 asseveratis
1091 2119 1135 2161 in
1155 2112 1388 2159 mundum.

402 2189 538 2234 XCV.
581 2189 680 2234 JL'L.
722 2208 741 2229 α
768 2190 828 2233 Ae
860 2205 936 2250 per
966 2188 1080 2242 hoc,
1115 2186 1372 2230 inconcussa
1403 2193 1548 2228 manet
1581 2193 1724 2228 nostra

335 2260 558 2324 responsio
575 2296 585 2313 ‚
601 2276 702 2322 quae
721 2258 910 2303 ostendit
924 2276 1002 2321 per
1021 2274 1155 2303 unum
1168 2253 1392 2300 hominem
1412 2291 1423 2310 ,
1445 2271 1532 2299 non
1552 2271 1724 2314 genera-

335 2331 454 2376 tione
477 2331 675 2375 vitiatam
696 2340 826 2392 atque
845 2340 1125 2392 corruptam,
1147 2326 1220 2373 sed
1255 2325 1420 2384 integra
1442 2335 1724 2388 permanente

335 2412 492 2447 natura
508 2438 518 2456 ‚
540 2401 740 2446 vitiosam
754 2399 1028 2445 solummodo
1041 2398 1213 2459 allegari
1229 2394 1285 2441 ab
1303 2393 1513 2456 Apostolo
1530 2412 1721 2460 peccan-

334 2472 446 2517 tium
472 2471 753 2518 voluntatem.
782 2492 802 2512 »

408 2544 517 2588 Aue.
562 2540 792 2604 Numquid
820 2557 954 2604 usque
977 2539 1085 2587 adeo
1121 2540 1228 2587 caeci
1263 2540 1387 2598 estis,
1416 2547 1491 2587 aut
1522 2535 1722 2583 homines

385 2625 398 2648 ¹
416 2636 430 2656 ι
454 2625 529 2659 Cor.
548 2635 596 2662 xx,
617 2634 730 2658 12.-
745 2621 761 2646 ²
776 2627 871 2658 Rom.
890 2635 964 2664 vm,
984 2635 1035 2659 ιο.
1053 2622 1130 2649 -3
1145 2623 1230 2657 Ibid.
1247 2635 1300 2658 11.
