1824 3236
293 241 384 302 ‘298
702 256 736 285 s.
780 255 1023 286 Ancus‘rnw
1060 256 1262 287 EPIsCOPI

287 322 485 367 minusve
514 322 567 367 sit
584 321 805 366 innoxium
826 322 860 368 4.
892 322 1014 368 Sicut
1034 323 1145 367 enim
1165 321 1343 386 quidam
1364 331 1564 384 parentes
1593 337 1671 381 ag-

290 404 471 452 gravant
497 404 732 456 peccatum
766 394 972 453 originale
990 432 999 449 ‚
1041 395 1098 439 ita
1129 394 1307 457 quidam
1341 394 1533 439 relevant
1561 410 1572 437 ε
1598 392 1671 438 sed

291 480 416 508 nemo
435 464 564 515 tollit,
584 464 661 508 nisi
687 463 757 508 ille
769 464 822 509 de
845 482 932 528 quo
946 465 1112 510 dictum
1129 475 1205 519 est,
1231 486 1250 505 «
1278 465 1390 509 Ecce
1413 481 1548 523 agnus
1571 463 1669 517 Dei,

292 555 310 573 »
331 550 429 577 ecce
458 534 532 596 qui
560 533 671 578 tollit
708 545 886 596 peccata
919 534 1070 580 mundi
1095 535 1136 587 '23
1163 556 1183 575 »
1213 534 1282 579 cui
1309 533 1477 578 nullum
1505 534 1673 578 bonum

292 603 482 648 hominis
499 604 785 666 impossibile,
814 605 981 649 nullum
1003 604 1163 649 malum
1181 615 1243 649 est
1264 603 1519 649 insanabile.

360 676 605 721 CXXXIV.
632 680 730 722 Jur„
757 697 777 716 «
804 677 940 721 Porro
960 676 1071 721 sicut
1097 674 1204 720 illud
1236 674 1353 737 quod
1373 674 1426 719 de
1449 674 1579 719 laude
1602 673 1676 719 di-·

292 745 406 790 citur
425 745 702 800 Judaeor11n1‚
725 763 812 791 non
839 746 892 791 ad
914 746 998 790 hoc
1019 745 1148 799 valet,r
1168 755 1217 789 ut
1238 744 1466 807 quisquam
1492 743 1678 803 genuina

292 815 497 861 credatur
516 817 743 862 sanctitate
766 817 931 876 fulgere
955 834 964 860 ε
986 817 1044 861 ita
1059 816 1187 860 etiam
1213 813 1334 877 quod
1354 814 1566 859 naturalis
1589 831 1680 859 ma-

293 886 383 932 litia
409 900 609 941 vocatur,
638 906 725 933 non
749 889 800 933 ad
829 889 914 933 hoc
948 888 1078 943 valet,
1108 898 1156 932 ut
1189 887 1350 931 semina
1376 886 1529 931 vitiosa
1553 902 1681 930 com-

292 957 483 1013 mendet,
509 958 580 1003 sed
597 958 685 1003 sine
700 959 963 1021 praejudicio
980 969 1147 1003 naturae
1165 961 1290 1017 cujus
1304 955 1683 1019 imperturbabilis,

293 1027 401 1072 ratio
423 1038 500 1083 est,
525 1045 623 1091 quae
638 1029 856 1092 quidquid
873 1029 1026 1083 habet,
1051 1047 1072 1073 a
1088 1029 1176 1073 Deo
1194 1045 1270 1073 suo
1288 1038 1464 1073 auctore
1483 1027 1679 1082 sortitur,

295 1098 476 1143 varietas
500 1099 580 1144 ista
606 1100 861 1152 verborum,
891 1110 963 1145 aut
987 1098 1244 1145 invectionis
1275 1098 1491 1161 impetum
1522 1097 1679 1157 signat,

297 1179 371 1213 aut
393 1168 656 1214 laudationis
678 1170 886 1216 officium.

365 1242 477 1284 Am.
504 1240 547 1285 Si
570 1257 656 1285 non
673 1253 734 1285 est
750 1245 1011 1304 cujusquam
1027 1240 1229 1285 sanctitas
1241 1240 1443 1299 genuina,
1463 1236 1686 1302 quomodo

298 1309 468 1355 dictum
495 1321 556 1355 est
581 1311 798 1360 Joremiae,
817 1333 835 1352 «
864 1312 1125 1373 Priusquam
1155 1310 1207 1356 de
1232 1310 1360 1355 vulva
1388 1310 1535 1360 exires„
1559 1325 1686 1353 sanc-

305 1401 324 1420 »
344 1381 507 1425 tilicavi
541 1391 580 1425 te
599 1381 650 1426 325
673 1404 691 1422 ›>
717 1381 953 1437 Quomodo
979 1382 1106 1426 etiam
1148 1380 1317 1425 dictum
1348 1397 1434 1425 esse
1453 1380 1505 1425 de
1523 1383 1688 1424 Joanne

325 1451 501 1513 {aptista
524 1488 534 1505 ‚
558 1471 578 1492 c<
608 1451 776 1514 Spiritu
799 1463 949 1497 sancto
986 1452 1228 1514 replebitur
1243 1455 1335 1510 jam
1366 1450 1468 1496 inde
1489 1450 1544 1494 al)
1566 1459 1688 1494 utero

301 1522 485 1566 »matris
519 1539 608 1567 suae
634 1522 684 1568 ΛΞ)
707 1523 881 1578 »Quod
908 1522 1112 1567 exultatio
1146 1526 1237 1582 ejus
1266 1538 1440 1584 quoque
1479 1519 1684 1577 ostendit,

302 1591 480 1654 quando
527 1592 753 1638 Elizabeih
798 1604 1097 1656 praegnantem
1138 1596 1418 1652 conjugatam
1458 1606 1689 1655 praegnans

300 1663 420 1722 virgo
442 1664 578 1708 Maria
597 1663 813 1710 salutavit.
856 1667 919 1709 An
946 1674 987 1708 et
1012 1664 1109 1708 haec
1134 1663 1251 1708 dicta
1286 1680 1372 1708 non
1408 1660 1691 1726 proprietatis

303 1744 402 1779 sunt
427 1734 542 1780 dicta
563 1735 805 1798 praeconio,
845 1735 917 1780 sed
949 1734 1211 1780 laudationis
1235 1733 1412 1779 officio?
1452 1734 1524 1778 Sic
1556 1732 1685 1791 agite,

297 1805 356 1850 sic
381 1806 623 1860 vanescite3
652 1806 738 1850 hoc
760 1817 806 1851 ut
830 1806 1004 1859 dicatis,
1027 1816 1179 1851 vestrae
1200 1815 1330 1850 restat
1351 1804 1543 1853 insanife,
1570 1801 1690 1859 Quid

299 1876 411 1920 enim
448 1876 708 1922 Jeremiam?
757 1877 865 1939 quid
894 1881 1102 1922 Joannem
1123 1913 1133 1925 ,
1172 1876 1329 1920 tumori
1355 1886 1507 1920 vestrae
1530 1872 1686 1918 frontis

301 1946 592 2008 apponimus3
620 1947 798 2009 quando
836 1947 980 2010 ipsum
1012 1946 1239 1992 Christum
1276 1962 1361 1990 non
1403 1942 1645 1991 discernitis
1668 1959 1692 1988 a

302 2034 431 2062 carne
456 2019 651 2080 peccati,
697 2018 949 2081 nullamque
989 2035 1163 2062 carnem
1198 2016 1389 2062 dicentes
1423 2013 1693 2074 originaliter

305 2105 391 2132 esse
418 2088 604 2149 peccati,
628 2088 688 2134 sic
714 2088 837 2133 illuni
859 2089 1027 2133 castoris
1047 2088 1296 2149 cozrquatis,
1331 2096 1378 2130 ut
1397 2087 1523 2130 etiam
1546 2086 1693 2147 ipsum

308 2157 513 2202 habuisse
538 2158 765 2217 genuinam
788 2175 940 2217 negare
964 2158 1179 2216 cogamini
1198 2156 1488 2210 sanctitatem,
1514 2155 1591 2219 qui
1616 2171 1694 2200 na-

306 2238 373 2272 tus
399 2238 460 2272 est
488 2227 541 2273 de
567 2228 733 2290 Spiritu
761 2239 910 2273 sancto
935 2239 976 2272 et
989 2228 1152 2286 virgine
1179 2227 1331 2282 Maria,
1351 2243 1497 2289 expers
1516 2224 1694 2270 omnino

305 2297 470 2351 delicti,
495 2298 597 2360 quia
620 2316 771 2360 expers
804 2299 919 2344 illius
945 2297 1243 2360 conceptionis
1268 2314 1369 2361 quae
1389 2295 1695 2342 commixtione

306 2369 355 2412 sit
381 2372 588 2414 sexuum?
615 2369 728 2424 Quia
752 2380 793 2414 et
824 2368 1026 2414 Jeremias
1047 2379 1089 2413 et
1110 2368 1315 2422 joannes,
1346 2367 1545 2430 quamvis
1565 2381 1693 2411 sanc—

306 2439 461 2483 tificati
486 2438 529 2483 in
547 2440 678 2484 uteris
701 2449 910 2495 matrum,
933 2449 1154 2485 traxerunt
1178 2449 1320 2484 tamen
1342 2437 1549 2498 originale
1587 2451 1696 2499 pec-

357 2539 366 2558 Ι
398 2535 534 2580 Prosper
565 2544 646 2571 sent.
672 2540 746 2571 306.
775 2557 819 2562 —
848 2536 863 2560 2
888 2541 981 2571 Joan.
1015 2551 1044 2580 1,
1075 2549 1128 2579 29.
1155 2556 1199 2561 —
1224 2535 1375 2570 3Jerem.
1400 2549 1427 2574 ι,
1447 2538 1500 2570 15.
1521 2552 1565 2560 -—
1584 2532 1694 2567 ⁴Luc.

314 2602 341 2629 1,
369 2592 419 2622 15.
