1863 3262
346 235 430 280 110
765 249 798 278 s.
842 247 1085 278 ArnusTiNt
1123 248 1324 280 EPISCOPI

335 317 493 362 talibus
517 314 740 358 voluntate
766 313 963 359 homines
998 314 1296 377 loquerentur,
1341 313 1562 361 voluntate
1592 315 1712 379 apud

334 403 460 450 quem
488 384 626 429 suerat
646 421 655 436 ,
685 383 895 429 indicarit
928 402 1018 430 eam
1046 401 1087 429 se
1113 385 1292 441 babere,
1324 402 1454 448 quam
1476 397 1619 448 posset
1647 404 1712 432 os-

335 456 505 502 tendere
529 467 570 501 et
590 455 748 500 volenti
780 455 947 500 tradere
964 493 974 510 ,
997 472 1129 519 quani
1151 455 1296 501 volens
1323 456 1376 501 ad
1405 456 1482 501 has
1509 467 1651 519 partes
1672 468 1713 502 et

331 527 402 574 ille
428 527 658 587 dirigeret,
688 536 728 570 et
762 525 828 571 vel
852 543 1131 589 quocumque
1166 526 1247 572 alio
1274 527 1404 572 modo
1438 544 1614 590 prorsus
1641 544 1713 573 vo-

329 599 498 644 luntate
521 597 712 642 hominis
732 596 800 642 vel
821 596 1051 642 hominum
1070 597 1234 642 fuctum
1254 608 1315 643 est
1333 635 1344 654 ‚
1374 608 1422 643 ut
1444 598 1517 643 illa
1543 598 1708 644 inveni-

329 681 448 718 retur
470 679 511 714 et
536 668 791 727 dirigeretur
832 667 1057 731 Epistola;
1092 679 1134 714 et
1168 679 1312 714 tamen
1347 679 1495 714 orante
1535 669 1712 715 homine

330 742 438 787 dicis
457 741 543 785 hoc
557 738 737 786 factum.
764 739 855 783 Cur
874 756 972 799 ergo
990 756 1076 784 non
1097 739 1339 796 confiteris,
1362 740 1451 785 sine
1470 739 1557 785 ulla
1579 739 1713 785 forin-

328 831 450 861 secus
473 823 650 859 sonante
670 812 861 872 jussione
885 816 1027 858 Deum
1053 811 1225 857 occulto
1255 812 1467 858 instinctu
1505 814 1558 858 ad
1592 813 1712 878 quod

330 885 515 932 voluerit
544 883 835 930 efficacissime
855 882 1153 946 implendum‚
1177 900 1427 946 praeparare
1448 894 1579 947 atque
1603 885 1712 930 exci-

331 967 419 1001 tare
441 956 671 1000 hominum
702 953 968 1009 voluntates,
991 954 1065 1017 qui
1092 954 1278 999 liberum
1305 971 1390 1000 non
1426 953 1620 1000 defendis
1646 954 1711 1000 in-

331 1025 610 1086 telligendum
628 1063 638 1080 ‚
656 1025 727 1070 sed
748 1025 1120 1088 praecipitandum
1137 1024 1301 1070 extollis
1320 1025 1580 1072 arbitrium?

394 1096 609 1142 CLXVH.
652 1096 754 1142 JuL.
797 1117 817 1136 «
840 1097 895 1140 lit
919 1097 1226 1158 quamvisjam
1254 1112 1334 1158 pro
1354 1096 1709 1159 eoncupiscentia

326 1169 395 1218 vel
411 1168 636 1231 voluptate
659 1166 822 1222 carnis,
849 1183 949 1228 quae
968 1166 1095 1211 etiam
1124 1165 1262 1211 libido
1284 1165 1464 1222 dicitur,
1493 1183 1591 1229 quae
1610 1168 1710 1212 sexi-

326 1243 409 1288 bus
434 1240 492 1284 ob
518 1237 766 1285 virilitatem
795 1236 1123 1300 propagationis
1156 1237 1314 1281 inserta
1341 1247 1429 1293 est,
1466 1238 1611 1299 primo
1636 1237 1710 1282 illo

329 1309 740 1376 opusculosseatenus
766 1306 1105 1370 disputaverim,
1137 1318 1185 1352 ut
1206 1307 1404 1352 docerem
1438 1308 1561 1352 istam
1598 1308 1710 1353 nihil

327 1384 448 1432 aliud
470 1398 554 1428 esse
570 1418 581 1438 ,
610 1396 743 1443 quam
764 1395 894 1424 unam
922 1378 974 1424 de
992 1379 1289 1423 instrumentis
1308 1378 1504 1441 corporis
1523 1378 1710 1424 rationa-

330 1457 447 1502 libus
462 1463 504 1499 et
522 1449 849 1498 irrationalibus
871 1449 1214 1513 aequeinditani,
1238 1448 1291 1494 ad
1318 1449 1397 1494 Dei
1415 1465 1590 1512 operam
1612 1467 1709 1513 per-

326 1527 561 1579 tinentem,
605 1521 679 1585 qui
711 1538 884 1566 carnem
923 1530 1115 1565 nostram
1149 1520 1194 1565 in
1238 1520 1431 1565 sensibus
1468 1520 1704 1566 affecisset:

327 1614 474 1648 tamen
487 1595 590 1659 quia
613 1593 652 1639 ei
674 1603 716 1639 et
738 1592 1016 1639 vehementer
1047 1590 1313 1650 Augustinus
1330 1591 1573 1647 incumbit,
1598 1609 1710 1638 eam·

324 1689 409 1737 que
427 1670 536 1715 dicit
554 1665 715 1712 malam
735 1701 746 1721 ,
773 1663 820 1709 id
846 1675 931 1720 est,
963 1673 1192 1726 peecatum
1218 1679 1304 1708 esse
1328 1661 1549 1718 naturale,
1578 1673 1709 1727 atque

327 1741 524 1789 omnium
543 1746 825 1802 peecatorum
843 1744 1091 1798 parentem,
1113 1732 1232 1797 quod
1253 1732 1418 1796 pudore
1432 1736 1521 1793 ejus
1538 1733 1709 1796 potissi-

323 1831 448 1862 mum
466 1807 725 1876 persuadere
739 1816 941 1861 conatur,
964 1821 1118 1868 meque
1140 1803 1313 1863 irridet,
1336 1804 1410 1868 qui
1430 1821 1521 1850 eam
1538 1805 1709 1850 erubes-

326 1903 421 1933 cam
444 1881 670 1929 nominare
696 1877 894 1924 directim
920 1894 931 1922 2
957 1898 978 1919 ›>

391 1959 508 2005 Auo.
551 1954 642 2012 Ego
676 1948 1077 2013 concupiscentiam
1099 1947 1268 2004 carnis,
1305 1961 1391 2010 qua
1415 1963 1516 1992 earo
1547 1962 1708 1993 coneu-

322 2029 455 2096 piscit
470 2025 670 2073 adversus
684 2020 887 2084 spiritum
901 2056 912 2076 9
933 2030 975 2065 et
989 2036 1089 2083 quae
1103 2018 1244 2064 libido
1259 2017 1386 2063 etiam
1402 2028 1704 2080 nuncupatur.

325 2102 486 2151 malam
499 2112 585 2142 esse
609 2093 735 2145 dic03
762 2107 880 2136 nunc
904 2091 949 2135 in
970 2091 1055 2136 hac
1074 2106 1203 2137 carne
1221 2087 1475 2133 frenandam
1493 2124 1504 2143 ,
1532 2098 1573 2133 et
1590 2088 1707 2134 bona

327 2164 641 2220 consuetudine
675 2159 988 2214 minuendam3
1024 2161 1068 2205 in
1095 2170 1253 2206 aeterna
1278 2175 1378 2204 vero
1409 2158 1497 2204 vita
1522 2159 1640 2204 omni
1660 2176 1707 2204 ex

327 2252 451 2309 parte
476 2233 735 2287 sanandam,
760 2248 871 2286 non,
895 2230 1018 2294 quasi
1055 2229 1203 2275 addita
1232 2228 1301 2274 vel
1325 2229 1555 2274 commixta
1581 2229 1708 2274 nobis

326 2311 459 2362 fuerit
483 2307 628 2367 aliqua
645 2301 759 2348 mala
783 2301 1047 2357 substantia,
1074 2301 1185 2346 sicut
1206 2298 1444 2345 Manichaei
1465 2298 1703 2362 desipiunt,

328 2379 613 2450 separandam
633 2393 644 2420 t
666 2373 734 2420 sed
755 2372 984 2436 quodlibet
995 2377 1048 2417 de
1067 2372 1139 2417 illa
1159 2371 1312 2417 sentias
1328 2407 1338 2426 ‚
1358 2369 1487 2415 talem
1505 2380 1544 2415 te
1563 2370 1700 2426 illam,

328 2454 468 2521 qualis
493 2465 613 2497 nunc
643 2456 731 2501 est‚
756 2455 804 2489 ut
828 2443 881 2489 ad
907 2442 1058 2488 illicita
1088 2440 1382 2506 perpetranda
1405 2441 1535 2486 etiam
1568 2452 1704 2486 casto-

325 2544 451 2581 rum,
479 2522 565 2568 sive
595 2519 927 2576 conjugatorum
944 2550 954 2570 ,
983 2516 1070 2559 sive
1094 2512 1411 2558 continentium
1435 2509 1567 2557 corda
1590 2511 1704 2556 solli-

325 2601 425 2647 citet
444 2633 454 2653 ‚
477 2602 518 2639 et
557 2588 636 2635 nisi
664 2585 907 2632 robustiore
942 2583 1164 2630 voluntate
1187 2583 1223 2629 01
1251 2582 1484 2639 resistatur³
1512 2591 1699 2639 evertat,
