1863 3262
110 235 140 288 Γ
159 255 315 286 opums
353 251 615 284 luviani-'fictu
655 250 827 281 commi
863 250 1107 293 summum,
1146 254 1233 285 mn.
1276 255 1343 285 ιιι.
1396 240 1480 287 225

110 322 224 369 dere.
250 321 368 367 Dicit
389 336 487 379 ergo
514 314 814 371 Ambrosius&
843 315 958 361 hanc
988 316 1250 365 discordiam
1274 320 1414 367 carnis
1440 332 1480 367 et

109 392 312 456 spirituS‚
341 407 418 454 per
455 387 856 451 praevaricationcm
884 386 1015 448 primi
1051 387 1240 435 hominis
1277 391 1481 438 accidisse

109 473 268 508 nostrae
287 472 479 507 naturae:
507 475 582 504 vos
611 468 752 502 autem
776 456 918 501 <licitis
937 494 948 511 ‚
973 474 1019 502 ex
1052 458 1095 504 vi
1118 462 1442 508 consuetudinis
1468 480 1478 508 ε

111 530 346 578 Manichaei
369 529 550 583 dicunt,
594 545 638 573 cx
665 526 968 573 commixtione
1003 526 1190 574 duarum
1227 542 1482 579 naturarum

109 613 443 656 coaeternarum,
466 599 572 645 boni
597 598 760 644 scilicet
783 608 824 643 et
842 597 958 644 mali.
991 599 1190 645 Poteram
1206 604 1299 660 jam
1318 602 1478 658 dicere,

110 683 159 719 ut
178 673 307 732 eligat
332 672 492 718 horum
519 670 651 716 trium
675 669 795 733 quod
815 668 1018 726 voluerit,
1040 670 1117 733 qui
1135 670 1228 716 vult
1245 672 1487 720 catholicus

108 759 374 808 permanere.
416 744 565 806 Neque
601 742 714 787 enim
741 740 891 785 timere
926 739 1090 797 debe0‚
1133 758 1186 786 ne
1216 743 1483 791 Manichaeos

109 815 292 878 quisque
310 813 477 874 fugiens
510 830 584 859 vos
624 821 858 875 praeponat
893 812 1139 858 Ambrosio.
1184 812 1269 858 Sed
1297 824 1481 861 vestram

111 886 385 941 sententiam,
412 901 494 948 qua
516 883 658 930 dicitis
684 883 771 929 hoc
792 881 954 928 malum
980 883 1022 929 vi
1048 884 1371 932 consuetudinis
1390 885 1482 933 ino-

111 956 285 1014 lescere,
306 973 391 1002 esse
405 954 677 1002 vanissimam
701 953 884 1014 iudicat,
905 953 977 1017 qui
1000 953 1117 1000 videt
1139 955 1228 1001 sine
1247 955 1333 1002 hoc
1363 958 1476 1004 malo

109 1028 322 1074 neminem
349 1027 481 1074 nasci.
520 1026 618 1072 Mox
645 1025 756 1071 enim
777 1025 1024 1089 utquisque
1047 1026 1213 1073 ratione
1241 1028 1303 1074 uti
1333 1025 1486 1093 coepe-

108 1100 183 1156 rit,
205 1099 239 1145 si
257 1098 560 1162 concupiverit
583 1097 820 1143 castitatem
842 1134 852 1153 ‚
883 1098 1283 1160 concupiscentiam
1308 1101 1450 1147 carnis
1470 1139 1481 1159 ,

109 1185 210 1233 quae
231 1169 372 1216 fuerat
389 1179 514 1215 aetate
535 1167 693 1231 sopita,
714 1166 832 1213 velut
851 1167 1122 1227 evigilantem
1143 1181 1486 1233 repugnantem-

110 1258 195 1306 que
213 1242 306 1303 jam
330 1241 482 1293 sentit;
508 1251 550 1284 et
574 1249 648 1284 aut
667 1238 806 1284 victus
824 1239 1118 1296 abstrahitur,
1151 1251 1227 1286 aut
1245 1258 1298 1287 ne
1321 1242 1366 1287 in
1393 1247 1485 1302 ejus

109 1313 286 1358 labatur
319 1328 531 1358 assensum
558 1347 568 1364 ‚
604 1309 807 1355 adversus
839 1327 933 1355 eam
953 1346 963 1365 ‚
992 1310 1025 1355 si
1055 1310 1155 1373 pius
1177 1322 1268 1368 est,
1297 1314 1485 1359 Domino

111 1382 347 1443 adevante
365 1380 575 1440 confligit.
597 1379 730 1436 Quod
752 1380 787 1425 si
810 1396 897 1427 non
915 1379 1048 1426 vultis
1066 1381 1288 1446 accipere,
1317 1384 1425 1447 quid
1441 1385 1486 1431 in

109 1471 178 1500 me
197 1453 353 1500 saevitis
372 1457 391 1499 Ρ
413 1451 700 1508 thmichaeos,
730 1451 1096 1516 Ambrosiumque
1110 1454 1384 1512 committite,
1415 1465 1486 1502 at-

111 1541 195 1589 que
214 1525 258 1571 in
278 1523 526 1589 spectaculo
547 1523 681 1583 hujus
701 1523 948 1569 certaminis
963 1559 974 1580 ,
1002 1524 1035 1569 si
1051 1524 1259 1571 catholici
1277 1526 1391 1582 estis,
1415 1526 1486 1573 cui

110 1597 227 1660 parti
256 1596 432 1642 faveatis
458 1594 612 1655 eligite.
652 1596 766 1641 Puto
791 1594 912 1658 quod
939 1612 960 1639 a
983 1594 1108 1640 vobis
1131 1595 1272 1642 victor
1299 1597 1487 1644 Ambro-

111 1668 199 1714 sius
219 1667 446 1727 judicatur
470 1685 480 1713 ε
512 1665 584 1712 secl
609 1666 712 1730 quia
751 1683 840 1712 non
876 1665 974 1711 estis
999 1665 1236 1724 catholici,
1264 1669 1393 1715 etiam
1426 1669 1487 1716 sic

113 1741 250 1786 securi
273 1750 517 1804 spectamus
545 1756 556 1784 z
586 1748 629 1784 et
644 1754 720 1786 vos
736 1737 851 1783 enim
875 1747 917 1783 et
944 1737 1215 1785 Manichaeos
1240 1739 1329 1787 sine
1347 1739 1486 1787 dubio

111 1811 250 1858 vincit
272 1811 540 1858 Ambrosius

176 1883 418 1930 CLXXIX.
458 1883 482 1927 J
489 1899 560 1929 UL.
592 1882 702 1928 «Tu
729 1892 871 1928 tamen
901 1881 1272 1941 argumentando,
1303 1893 1344 1929 et
1365 1884 1487 1930 testi-

113 1954 258 2000 monia
279 1954 609 2017 Scripturarum
633 1951 887 2016 usurpando
902 1989 912 2009 ,
939 1951 992 1997 de
1015 1951 1101 1998 hac
1118 1951 1242 1998 illum
1257 1955 1489 2017 concupis-

113 2025 273 2082 centia,
301 2042 433 2089 quam
456 2025 591 2085 legem
618 2024 786 2089 pcccati
809 2040 954 2080 vocaS‚
978 2033 1018 2069 et
1043 2040 1189 2070 omnes
1210 2034 1378 2071 sanctos
1399 2036 1485 2071 tam

112 2096 304 2160 pollutos
326 2113 460 2161 quam
488 2105 744 2160 conquestos
766 2095 894 2141 fuisse
918 2095 1164 2141 confirmas.
1186 2115 1207 2136 ))

179 2169 293 2215 Auo.
325 2169 424 2215 Non
461 2167 724 2231 polluuntur
749 2165 837 2212 hoc
858 2165 972 2211 malo
997 2166 1134 2212 sancti
1151 2202 1163 2223 ,
1191 2181 1301 2231 quos
1321 2176 1489 2213 constat

114 2255 200 2285 esse
217 2239 282 2287 vel
303 2240 430 2286 fuisse
454 2238 706 2285 fortissimos
725 2238 860 2298 hujus
888 2236 986 2284 mali
1009 2236 1292 2284 debellatores
1314 2256 1325 2282 ι
1348 2238 1420 2285 sed
1438 2257 1489 2286 nc

114 2311 196 2356 isto
221 2310 335 2356 malo
363 2309 684 2374 inexpiabiliter
702 2307 955 2373 polluantur
973 2345 984 2365 ,
1011 2308 1191 2354 timeant
1214 2309 1363 2373 potius
1398 2314 1489 2371 ejus

115 2379 480 2446 impudentissimi
506 2379 765 2426 laudatores.

182 2452 400 2502 CLXXX.
428 2451 524 2500 Jur..
548 2451 708 2510 «Quid
736 2450 1010 2497 Manichacus
1030 2449 1176 2497 dicit?
1203 2450 1306 2514 (Per
1329 2466 1490 2499 concu-

116 2525 372 2592 piscentiam
393 2540 599 2588 coporam
629 2533 781 2569 auctor
799 2521 1001 2567 diabolus
1016 2520 1133 2575 est23
1163 2538 1242 2585 per
1265 2521 1380 2569 hanc
1397 2522 1469 2571 dia
1484 2549 1494 2566 1

166 2609 175 2631 ¹
196 2607 343 2642 Amin-oe.
366 2607 385 2639 1.
408 2619 439 2653 7.
456 2607 487 2640 in
511 2611 585 2639 Luc.
609 2617 702 2638 12.-—
720 2603 736 2627 2
754 2604 854 2648 Epist.
870 2603 1012 2637 Manich.
