1863 3262
290 279 376 328 190
709 274 746 306 S.
787 272 1032 304 AUGUSTINI
1067 272 1271 304 EPISCOPI

285 358 475 391 exercere
496 358 582 387 non
619 339 790 386 audeas,
823 339 1018 384 Debetur
1041 339 1224 384 omnino
1248 337 1344 387 tulis
1363 337 1543 385 habitus
1568 355 1665 386 ves-.-

286 416 360 459 tris
384 414 586 475 gregibus
608 449 619 468 ‚
655 423 705 457 ut
736 409 950 456 naturalia
968 445 980 465 ,
1015 410 1118 473 quia
1148 427 1227 474 per
1251 410 1336 456 hoc
1366 410 1482 455 hona
1499 410 1620 473 quod
1643 430 1666 458 a

278 488 370 531 Deo
385 484 563 531 condita
586 484 631 533 in
656 481 1063 544 multiplicationem
1090 497 1232 544 corpo
1247 497 1343 527 rum
1366 482 1667 543 comprobem*

284 566 372 611 tur,
394 556 485 600 sine
509 554 598 604 ullo
622 552 802 616 pudoris
824 561 1088 614 usurpentur
1110 549 1296 610 objecta.
1332 551 1564 597 Restituite
1582 551 1666 611 igi.-

284 638 353 672 tur
372 624 739 690 quadrupedibus
752 622 955 682 gratiam,
979 631 1028 666 ut
1042 620 1144 683 quia
1158 621 1230 666 illa
1244 638 1412 667 sensum
1431 638 1667 684 corporum

282 707 523 742 vestrorum
561 714 583 741 a
614 693 876 758 possessione
914 691 1082 737 diaboli
1118 702 1160 737 et
1196 709 1269 737 ore
1307 691 1543 737 Manichaei
1580 691 1667 738 suis

282 778 458 814 tuemur
480 765 684 829 exemplis
703 802 713 818 ‚
741 781 816 809 vos
837 779 1011 827 quoque
1034 762 1210 807 illorum
1235 761 1281 807 in
1298 761 1502 807 coeundo
1531 762 1667 809 liber,-

281 849 412 884 tatem
452 855 533 902 pro
578 837 637 882 rei
675 835 806 881 bonae
847 833 1115 878 attestatione
1157 831 1394 883 sectemini.
1445 832 1668 891 Congruit

280 910 448 973 quippe
473 919 520 954 ut
541 916 747 971 preestent
767 921 936 950 morum
961 903 1275 962 magisterium,
1319 901 1482 965 quibus
1519 913 1668 965 patro-

281 981 447 1025 cinium
485 977 783 1042 praestiterunt
819 974 1135 1023 membrorum.
1181 974 1235 1024 Et
1270 982 1319 1017 ut
1344 971 1469 1035 quod
1504 973 1667 1032 egimus

281 1050 537 1113 repetitione
576 1047 845 1105 assignetur:
889 1044 1033 1089 dixisti
1068 1042 1325 1097 libidinem,
1363 1042 1400 1087 si
1425 1059 1518 1089 eam
1555 1044 1667 1091 Deus

278 1119 469 1176 fecisset,
493 1117 614 1163 nullo
649 1113 937 1161 amiciendam
966 1111 1165 1177 pudoree
1192 1129 1273 1158 nos
1292 1111 1396 1157 licet
1412 1112 1458 1158 in
1475 1122 1666 1175 quatuor

281 1190 438 1255 prioris
459 1188 600 1253 operis
620 1186 743 1232 libris
766 1184 811 1230 id
830 1184 957 1248 plene
973 1185 1205 1243 egerimus,
1232 1182 1436 1229 tamenin
1460 1182 1666 1245 praesenti

283 1278 457 1325 quoque
471 1259 669 1306 omnium
696 1255 950 1301 animalium
978 1254 1248 1310 testimonio,
1273 1269 1373 1316 quae
1397 1270 1420 1299 a
1445 1254 1538 1300 neo
1562 1269 1665 1303 con-

281 1333 373 1378 dita
395 1331 566 1377 interim
586 1326 806 1374 confiteris
825 1362 835 1381 ,
861 1325 1091 1370 libidinem
1119 1341 1294 1371 sexuum
1313 1341 1338 1369 a
1362 1323 1453 1371 Deo
1476 1333 1664 1374 creatam

279 1421 365 1449 esse
393 1398 727 1447 monstravimus
747 1433 757 1452 ,
785 1412 916 1459 quam
952 1406 1097 1440 tamen
1130 1396 1177 1440 in
1207 1393 1466 1442 hominibus
1495 1392 1664 1456 pudore

280 1470 637 1520 obumbrandam
656 1467 845 1513 fatemur
867 1484 877 1511 z
907 1477 1033 1512 tuum
1058 1483 1158 1525 ergo
1183 1465 1341 1524 dogma
1362 1463 1660 1526 consequitur,

277 1556 329 1590 ut
352 1545 481 1604 longo
516 1537 787 1606 postliminio
815 1537 1085 1600 Cynicorum
1118 1536 1245 1581 nobis
1279 1544 1560 1597 repraesentes
1580 1533 1663 1585 de-

278 1633 442 1671 corem,
469 1624 511 1659 et
527 1630 576 1658 ea
597 1626 699 1674 quoe
724 1608 938 1655 naturalia
959 1618 1084 1661 sunt,
1107 1607 1210 1671 quia
1231 1625 1254 1651 a
1278 1607 1370 1652 Deo
1397 1604 1513 1652 facta
1533 1615 1658 1661 sunt,

277 1688 322 1733 in
343 1685 479 1732 oculis
501 1680 688 1729 civitatis
712 1696 918 1725 exerceas.
957 1678 1179 1724 Sentis-ne
1200 1693 1334 1741 quam
1363 1674 1570 1726 involutis
1589 1675 1663 1726 lu-

278 1758 471 1803 minibus
504 1750 731 1799 insiliveris
763 1750 809 1795 in
843 1749 1102 1800 sententiam
1137 1765 1278 1793 meam
1302 1782 1313 1801 ‚
1340 1762 1427 1808 qua
1449 1745 1566 1801 dixi,
1604 1746 1662 1791 Ut

278 1828 536 1891 exprimeret
565 1822 696 1868 fidem
730 1836 912 1883 operum
949 1819 1173 1882 Propheta
1195 1855 1206 1873 ,
1241 1833 1381 1880 prope
1411 1815 1656 1878 periculum

275 1899 458 1964 pudoris
478 1894 686 1943 accessit?
721 1892 829 1936 Ilaec
859 1892 976 1937 enim
1001 1901 1051 1936 ut
1074 1898 1387 1952 consequenter
1410 1890 1531 1946 ⁸iuxta
1557 1903 1656 1938 §niis

275 1971 446 2018 fabulas
471 1974 720 2032 praeceptor
744 1972 842 2008 tuus
869 1962 1040 2022 arguit,
1068 1964 1194 2020 cujus
1217 1960 1262 2004 in
1288 1958 1403 2003 libro
1424 1957 1553 2021 posui
1580 1972 1657 2004 su-

274 2043 444 2106 periore
466 2045 714 2085 commenta
732 2070 742 2089 ,
773 2032 851 2096 qui
875 2031 1022 2078 omnia
1045 2047 1231 2093 corpora
1253 2028 1368 2074 facte
1389 2045 1411 2074 a
1435 2029 1526 2074 Deo
1551 2043 1658 2090 per-

274 2122 419 2172 negat,
446 2111 507 2156 ita
527 2119 575 2153 tu
599 2104 881 2168 impudenter
903 2112 1176 2147 contrectare
1199 2116 1386 2145 ausus&
1404 2134 1415 2154 ,
1436 2097 1516 2161 qui
1531 2114 1655 2148 crea-

273 2194 415 2229 torem
440 2184 582 2227 Deum
606 2175 753 2221 fateris
777 2172 1000 2236 (timendo
1021 2172 1152 2233 licet)
1174 2185 1412 2231 corporum
1433 2204 1444 2223 ‚
1468 2184 1654 2230 quo-rum

276 2270 445 2302 sensum
470 2247 647 2296 ascribis
671 2242 865 2309 principi
898 2242 1210 2287 tenebrarumt
1243 2238 1364 2302 quod
1392 2248 1507 2284 certe
1536 2248 1657 2284 tanta

275 2323 466 2371 veritatis
488 2327 700 2384 potestate
728 2314 937 2361 detritum
959 2322 1050 2369 est,
1080 2321 1245 2375 quanto
1280 2309 1367 2355 fide
1399 2309 1571 2356 dictum
1600 2310 1655 2359 ab

277 2394 550 2454 Evangehsta
566 2427 577 2446 ‚
607 2409 627 2429 «
647 2385 761 2443 Quia
787 2401 865 2447 per
890 2384 1032 2428 Deum
1052 2381 1168 2427 facta
1182 2390 1286 2425 sunt
1302 2380 1448 2428 emnia
1466 2415 1478 2436 ,
1502 2389 1545 2426 et
1567 2380 1656 2431 sine

275 2489 297 2510 ³>
313 2470 409 2531 ipso
429 2464 595 2510 factum
615 2469 678 2504 est
698 2453 858 2503 11111114.
884 2474 905 2496 >>

341 2545 455 2584 Auo.
496 2527 725 2594 Numquid
762 2541 905 2591 posses
936 2523 982 2570 iu
1017 2521 1160 2570 carnis
1199 2519 1557 2585 eoncupiscentia
1587 2520 1655 2570 vel

323 2621 445 2653 ¹Joan.
471 2628 502 2659 1,
521 2617 551 2647 3.
845 2630 851 2638 ·
