1824 3236
255 278 345 324 520
677 292 712 321 S.
756 289 999 322 AUGUSTlNI
1036 291 1240 321 Et‘tscom

256 369 346 404 erat
381 357 573 422 perpeti,
598 373 698 402 cum
732 357 947 419 parturire
974 356 1171 420 caepisset
1196 374 1206 401 :
1231 366 1442 403 venerunt
1467 356 1633 421 quippe

254 430 317 477 illi
331 429 609 476 damnatione
630 428 777 491 culpae
791 465 802 484 ,
823 445 910 474 non
928 427 1177 475 conditione
1199 438 1382 474 naturae.
1407 428 1539 485 Quod
1559 445 1634 475 vos

254 500 454 560 negando
482 498 590 564 quid
613 498 761 559 agitis,
793 498 874 544 nisi
901 509 949 544 ut
973 499 1018 544 in
1053 497 1150 543 loco
1178 498 1292 544 illius
1322 497 1629 553 beatitudinis,

253 572 332 618 ubi
360 588 446 617 esse
469 568 668 615 homines
701 568 898 632 permissi
920 585 1008 615 non
1030 578 1155 622 sunt,
1191 585 1299 632 quos
1324 572 1416 628 jam
1446 568 1634 614 cruciari

253 642 514 706 oportebat,
542 639 764 686 cruciatus
795 639 1027 685 hominum
1059 637 1189 684 etiam
1222 649 1434 702 peccante
1465 638 1635 685 nemine

251 714 506 762 collocetis?
524 711 658 770 Quod
678 712 829 773 ignoro
851 728 936 775 qua
954 711 1097 758 fronte
1116 709 1284 760 faciatis
1301 730 1313 764 ;
1339 711 1420 757 nisi
1440 712 1544 775 quia
1561 728 1636 759 vos

250 784 458 851 paradiso
491 783 759 839 contrarios,
796 792 950 827 contra
984 780 1239 844 paradisum
1273 780 1466 845 quodam
1500 781 1635 828 modo

252 856 456 904 habitare
493 854 709 910 delectat;
749 853 851 917 quia
886 863 927 898 et
957 851 1098 899 Adam
1136 851 1190 898 de
1217 850 1422 916 paradiso
1452 855 1636 913 ejectus,

252 940 404 975 contra
429 926 683 992 paradisum
712 935 774 971 est
799 922 1076 971 collocatus1.

320 1000 345 1044 J
351 1017 419 1045 am
442 999 588 1061 itaque
606 995 809 1060 paradiso
831 995 1076 1042 contrarius
1088 1006 1253 1060 quanta
1276 996 1466 1043 vanitate
1485 1007 1636 1043 contra

247 1069 502 1135 paradisum
528 1067 838 1128 argumenteris
876 1065 1064 1114 attende.
1101 1065 1393 1130 Multiplicari
1430 1084 1519 1112 non
1554 1067 1638 1113 tibi

248 1142 472 1197 videntur,
494 1139 578 1186 nisi
600 1157 648 1187 ea
667 1155 768 1203 quae
809 1155 856 1184 ex
876 1138 1020 1202 aliqua
1051 1149 1176 1202 parte
1197 1142 1291 1199 jam
1315 1138 1499 1184 existunt
1516 1158 1527 1192 ;
1544 1155 1636 1184 cae-

246 1225 407 1269 terum,
439 1222 670 1275 antequam
707 1210 810 1267 sint,
843 1227 931 1256 non
973 1209 1260 1274 multiplicari
1293 1221 1424 1273 putas
1448 1209 1637 1257 dicenda

243 1303 349 1342 csse,
376 1283 449 1331 sed
475 1284 582 1331 fieri.
626 1281 759 1328 Nulla
781 1299 882 1342 ergo
906 1281 1171 1345 multiplicia
1195 1292 1461 1338 nascuntur,
1485 1282 1518 1328 si
1551 1299 1638 1328 non

245 1354 551 1403 additamentis
592 1352 972 1416 multiplicantur,
999 1352 1045 1398 id
1081 1363 1171 1408 est,
1203 1352 1316 1399 fiunt
1346 1352 1628 1417 multiplicia.

245 1431 311 1474 Ac
333 1444 413 1490 per
438 1426 543 1481 hoc,
569 1423 641 1470 ille
664 1424 741 1487 qui
766 1421 910 1469 dictus
933 1433 996 1468 est
1015 1439 1101 1483 esse
1130 1422 1177 1468 in
1203 1423 1429 1486 Sapientia
1455 1423 1637 1487 spiritus

245 1495 473 1560 multiplex
496 1494 534 1550 2,
561 1493 636 1558 qui
659 1510 746 1540 esse
777 1509 866 1539 non
896 1493 1063 1557 coepit,
1095 1492 1172 1538 sed
1206 1509 1254 1539 ex
1285 1503 1448 1540 aeterno
1466 1493 1525 1542 ita
1559 1501 1637 1553 est,

244 1586 334 1616 non
356 1577 470 1614 recte
502 1564 748 1629 appellatus
772 1574 834 1610 est
868 1563 1095 1628 multiplex
1112 1601 1123 1620 ,
1166 1563 1270 1628 quia
1294 1580 1392 1610 eum
1415 1564 1635 1629 multipli-

245 1656 341 1686 cem
360 1636 481 1684 nulla
505 1633 803 1682 additamenta
820 1632 1030 1681 fecerunt.
1066 1633 1187 1691 Quid
1212 1634 1343 1681 etiam
1362 1634 1560 1682 dicturus
1592 1653 1634 1682 es

246 1711 301 1757 de
334 1724 540 1772 responso
566 1706 646 1753 Dei
670 1705 725 1752 ad
753 1706 997 1763 Abraham,
1024 1704 1102 1751 ubi
1126 1705 1211 1762 ait,
1245 1724 1256 1751 e
1295 1726 1316 1748 «
1339 1706 1639 1771 Multiplicans

247 1778 599 1843 »multiplicabo
635 1793 780 1824 semen
815 1787 942 1823 tuum
976 1777 1089 1824 sicut
1123 1777 1263 1824 stellas
1304 1777 1405 1824 coeli
1426 1777 1443 1807 ³
1463 1781 1483 1825 9
1504 1799 1525 1821 »
1549 1779 1638 1825 Ubi

252 1851 454 1900 videmus
486 1852 632 1895 Deum
664 1847 978 1912 multiplicasse
1005 1848 1136 1894 etiam
1172 1847 1319 1894 stellas
1357 1848 1478 1906 coeli,
1525 1849 1638 1896 sicut

249 1940 292 1969 se
312 1920 516 1987 promisit
559 1918 958 1983 multiplicaturum
981 1935 1124 1965 semen
1150 1919 1370 1966 Abrahae?
1408 1920 1638 1984 Numquid

251 2010 352 2054 ergo
376 1991 510 2039 stellae
526 1990 646 2048 coeli,
663 2000 713 2036 ut
725 1990 1145 2055 multiplicarentur,
1162 1990 1394 2054 pauciores
1411 1990 1535 2055 prius
1553 2008 1640 2038 esse

249 2073 500 2129 coeperunt,
535 2072 576 2108 et
606 2079 695 2108 non
718 2062 765 2108 in
789 2079 971 2109 numero
992 2079 1070 2109 suo
1089 2062 1354 2125 multiplices
1379 2072 1481 2108 sunt
1506 2061 1637 2108 insti-

247 2147 374 2193 tutae,
405 2153 453 2181 ex
474 2151 564 2199 quo
596 2145 697 2181 sunt
726 2134 967 2182 institutae?
1004 2135 1097 2181 Cur
1130 2151 1232 2196 ergo
1262 2151 1351 2180 non
1386 2134 1446 2180 sic
1472 2134 1634 2197 accipis

250 2206 372 2274 quod
401 2206 570 2252 dictum
591 2216 670 2254 est.
712 2227 734 2248 α
762 2207 1066 2271 Multiplicans
1104 2204 1414 2269 multiplicabo
1446 2205 1639 2252 tristitias

249 2290 370 2332 tuas3
394 2287 602 2341 tanquam
627 2275 815 2335 dixisset,
843 2277 1000 2323 faciam
1016 2276 1210 2323 tristitias
1229 2286 1323 2322 tuas
1340 2275 1605 2339 multiplices
1624 2313 1635 2333 ,

247 2349 329 2395 nisi
342 2347 444 2412 quia
460 2347 521 2393 sic
539 2346 645 2407 agIS,
673 2357 722 2393 ut
748 2348 793 2394 in
814 2347 1086 2412 paradisum,
1105 2357 1257 2394 contra
1278 2363 1408 2411 quem
1442 2346 1638 2394 colloca-

245 2437 315 2472 tus
329 2437 389 2477 es,
417 2419 451 2466 si
474 2419 611 2483 possis
630 2419 881 2468 introducas
903 2421 1091 2478 dolores,
1112 2431 1154 2467 et
1176 2421 1220 2466 in
1237 2419 1335 2468 loco
1354 2429 1487 2466 tantae
1503 2419 1640 2467 beati-

244 2490 407 2543 tudinis
426 2500 525 2536 ante
544 2502 776 2554 peccatum
799 2491 1012 2556 praedices
1035 2492 1227 2538 miserias
1244 2491 1490 2537 institutas?
1505 2488 1639 2548 Quod

243 2561 358 2609 enim
383 2561 488 2616 Eva,
516 2571 564 2606 ut
577 2561 778 2620 affirniaS‚
797 2580 897 2610 cum
917 2563 1143 2610 doloribus
1159 2561 1492 2627 parturitionem
1505 2571 1638 2608 natu-

290 2646 300 2669 ¹
322 2645 406 2678 Gen.
427 2650 478 2687 ω,
504 2649 562 2685 25,
584 2644 674 2688 juxta
688 2657 763 2680 mx.
787 2665 827 2675 ψ-
850 2646 866 2670 2
888 2649 961 2691 Sap.
981 2658 1039 2691 vn,
1059 2657 1113 2679 22.
1136 2643 1208 2670 —3
1230 2648 1313 2679 Gen.
1329 2655 1424 2684 xxm,
1441 2656 1494 2686 ¹7·
