1824 3236
171 296 329 325 OPERIS
366 294 624 326 IMPERFEC'I'!
661 292 837 323 CONTRA
873 292 1118 334 Jt'IAANL'M,
1158 294 1243 324 LIB.
1289 294 1346 323 vi.
1396 278 1490 340 [129

184 360 269 406 Sed
300 359 389 407 hoc
425 360 574 406 audito
610 358 885 405 Manichaeus
916 358 1063 404 adhuc
1087 360 1252 423 pergit,
1283 370 1324 406 et
1351 359 1488 406 dicit:

120 431 165 478 Si
185 449 232 477 ex
251 431 388 478 libera
407 432 629 479 voluntate
649 440 816 475 naturae
842 430 1063 475 rationalis
1078 442 1141 476 est
1163 431 1324 477 malum
1345 470 1355 488 ,
1378 432 1492 478 unde

119 513 220 549 sunt
242 503 323 548 ista
347 513 412 548 tot
436 502 546 548 mala
564 538 576 558 ,
605 517 705 547 cum
727 500 889 564 quibus
908 500 1025 545 nasci
1046 501 1263 556 videmus,
1282 503 1357 566 qui
1379 520 1494 548 non-

120 573 225 619 dum
244 573 442 619 libertate
465 572 704 618 voluntatis
725 573 940 616 utuntur?
964 570 1088 616 Unde
1102 583 1162 616 est
1186 572 1498 635 concupiscen-

120 643 203 700 tia,
226 659 312 706 qua
336 659 437 688 earo
464 641 740 705 concupiscit
765 640 967 687 adversus
990 640 1190 703 spiritum
1207 679 1217 697 ,
1246 652 1286 687 et
1313 642 1366 687 ad
1391 660 1497 705 pee-

119 723 268 759 catum
285 711 632 777 perpetrandum
658 711 820 767 trahit,
845 710 928 756 nisi
960 709 1163 757 adversus
1188 729 1281 756 eam
1319 712 1496 775 spiritus

118 781 273 829 fortius
292 784 608 847 concupiscat?
625 782 750 828 Unde
764 781 808 827 in
822 780 1001 827 homine
1020 797 1106 827 uno
1128 781 1312 827 duarum
1332 799 1496 837 rerum,

120 869 168 899 ex
188 854 351 916 quibus
369 864 540 901 constat
554 891 565 910 ,
589 864 708 899 tanta
736 851 988 898 discordia?
1009 851 1133 898 Unde
1150 851 1213 897 lex
1233 853 1278 898 in
1295 853 1500 898 membris

121 940 367 988 repugnans
384 925 629 985 legimentis
645 961 656 978 ,
678 924 767 969 sine
781 939 867 986 qua
885 923 975 983 lege
990 939 1117 968 nemo
1135 923 1354 969 nascitur?
1376 922 1499 968 Unde

122 1004 187 1040 tot
219 1005 262 1041 et
287 1006 407 1041 tanta
437 995 544 1041 vitia
573 994 641 1041 vel
678 995 950 1054 ingeniorum
968 1030 978 1050 ,
1012 994 1079 1040 vel
1109 1011 1343 1058 corporum
1361 1031 1373 1051 ,
1398 1011 1498 1040 cum

122 1064 282 1129 quibus
305 1066 505 1130 plerique
527 1067 795 1112 naseuntur?
817 1064 943 1110 Unde
964 1064 1136 1110 labores
1169 1077 1210 1110 et
1235 1065 1501 1111 calamitates

121 1135 321 1183 nondum
353 1136 577 1184 voluntate
610 1136 889 1199 peccantium
916 1135 1235 1198 parvulorum?
1256 1135 1381 1180 Unde
1401 1153 1502 1181 cum

122 1207 301 1254 rationis
325 1225 425 1255 usus
446 1207 695 1263 accesserit,
723 1207 768 1252 in
790 1206 1006 1252 discendis
1031 1206 1184 1252 litteris
1209 1207 1272 1253 vel
1291 1206 1504 1269 quibusli-

121 1277 198 1324 bet
221 1279 387 1325 artibus
407 1289 528 1325 tanta
554 1294 689 1341 poena
712 1276 965 1322 mortalium
981 1311 991 1329 ,
1020 1287 1068 1322 ut
1092 1278 1348 1322 aerumnosis
1374 1293 1500 1322 cona-

125 1347 242 1395 tibus
274 1350 405 1396 etiam
437 1349 676 1396 verborum
705 1348 924 1393 cruciatus
961 1346 1180 1392 addatur?
1208 1348 1292 1392 Hic
1315 1364 1392 1392 nos
1414 1363 1504 1392 res-

125 1419 366 1483 pondemus
380 1458 391 1477 ‚
412 1420 542 1467 etiam
563 1420 644 1467 ista
659 1418 773 1465 mala
797 1435 844 1464 ex
861 1417 1083 1465 voluntate
1104 1417 1312 1463 humanae
1336 1428 1503 1463 naturae

126 1491 334 1552 originem
355 1492 515 1538 ducere
530 1529 542 1549 ,
563 1509 648 1556 qua
663 1489 885 1550 granditer
907 1499 1140 1552 peccante,
1166 1489 1316 1536 vitiata
1345 1500 1503 1535 etcum

127 1562 260 1626 stirpe
280 1562 485 1609 damnata
500 1573 576 1609 est.
608 1560 733 1606 Unde
756 1570 924 1606 naturae
949 1559 1082 1619 huJus
1103 1570 1192 1604 tam
1218 1559 1355 1604 multa
1373 1569 1505 1604 natu-

126 1633 234 1679 ralia
255 1634 372 1680 bona
390 1634 568 1679 veniunt
581 1632 636 1678 de
650 1632 733 1678 Dei
757 1631 935 1695 opificio
954 1668 964 1688 ,
986 1629 1099 1675 mala
1110 1629 1162 1675 de
1177 1629 1347 1689 J'udicio
1372 1647 1382 1675 ε
1405 1645 1505 1693 quae

128 1704 242 1750 mala
273 1705 396 1751 nullo
419 1704 552 1750 modo
580 1720 666 1750 esse
692 1713 868 1748 naturas
885 1700 954 1747 vel
974 1700 1237 1746 substantias
1256 1717 1344 1746 non
1359 1701 1512 1746 vident

129 1775 394 1830 Manichaei3
421 1792 574 1823 verum
608 1773 706 1819 ideo
732 1772 821 1818 dici
839 1770 1053 1817 naturalia
1071 1807 1082 1826 ,
1104 1770 1209 1833 quia
1233 1786 1334 1815 cum
1352 1770 1410 1815 eis
1431 1770 1511 1814 lio-

129 1846 266 1892 mines
291 1846 441 1892 vitiata
457 1845 634 1906 originis
650 1855 861 1906 tanquam
884 1841 1031 1887 radice
1049 1851 1302 1887 nascuntur.
1333 1839 1418 1885 Sed
1437 1856 1514 1884 vos

131 1918 231 1963 novi
257 1917 455 1963 haeretici
480 1914 782 1962 contradicitis
800 1913 930 1958 nobis
954 1930 965 1958 ε
994 1911 1250 1974 respondete
1270 1911 1404 1971 igitur
1424 1912 1514 1956 Ma-

131 1987 339 2044 nicliaei83
365 1986 496 2032 dicite
516 1985 630 2032 unde
656 1985 740 2030 sint
760 1994 824 2029 tot
848 2000 897 2029 ac
921 1993 1042 2028 tanta
1061 1981 1172 2027 mala
1191 2018 1203 2038 ,
1228 1998 1327 2026 cum
1348 1981 1513 2043 quibus

133 2060 252 2105 nasci
268 2059 464 2105 homines
481 2059 513 2105 si
533 2057 698 2118 negatis
710 2093 720 2112 ,
743 2056 821 2102 ubi
839 2067 901 2102 est
919 2056 1038 2101 frons
1055 2058 1224 2101 vestra?
1246 2055 1279 2100 si
1298 2054 1511 2108 fatemini,

134 2130 213 2177 ubi
234 2141 296 2176 est
318 2130 492 2177 haeresis
516 2132 679 2176 vestra?
703 2127 789 2173 Sed
809 2128 922 2172 mala
947 2127 1028 2172 ista
1055 2143 1144 2171 non
1171 2143 1257 2171 esse
1276 2125 1388 2171 mala
1417 2141 1516 2169 con-

138 2200 322 2255 tendite,
343 2212 384 2248 et
402 2200 652 2265 paradisum
684 2215 772 2244 non
800 2215 948 2244 verum
965 2234 976 2253 ,
1005 2196 1078 2242 sed
1113 2206 1325 2250 vestrum,
1358 2194 1518 2240 labori-

137 2273 220 2318 bus
234 2309 244 2328 ,
265 2272 491 2318 doloribus
506 2309 516 2328 ,
538 2270 758 2317 erroribus
773 2306 783 2325 ,
807 2269 1063 2329 gemitibus,
1084 2268 1276 2323 fletibus,
1294 2267 1489 2312 luctibus
1504 2302 1515 2322 ,

136 2342 302 2388 etiamsi
318 2359 445 2388 nemo
462 2351 702 2405 peccasset,
727 2338 918 2402 implete.
944 2337 1077 2395 Quod
1097 2338 1131 2383 si
1149 2354 1236 2382 non
1256 2336 1422 2382 audetis
1438 2373 1448 2392 ,
1467 2352 1519 2381 ne

138 2413 195 2460 ab
212 2413 315 2476 ipsis
339 2430 513 2476 quoque
540 2411 735 2475 puerulis
754 2409 984 2456 rideamini
1001 2447 1012 2466 ,
1032 2419 1074 2455 et
1091 2407 1354 2454 emendandi
1373 2406 1518 2453 ferulis

133 2483 391 2545 ,indicemini
410 2504 421 2537 ;
465 2482 691 2529 concludit
729 2481 934 2527 adversus
969 2497 1046 2527 vos
1091 2479 1361 2525 Manichaeus
1383 2516 1393 2531 ,
1422 2477 1520 2523 haec

139 2553 275 2610 mala,
302 2570 403 2617 quae
441 2552 494 2599 de
529 2552 679 2599 vitiata
713 2552 832 2597 bona
860 2562 1017 2597 natura
1047 2567 1134 2596 esse
1166 2567 1252 2595 non
1290 2549 1443 2605 vultis,
1469 2547 1522 2592 de

141 2624 445 2670 commixtione
468 2622 570 2670 mali
593 2639 680 2669 esse
708 2639 718 2666 z
747 2620 863 2686 quod
889 2621 1053 2669 malum
1081 2620 1190 2667 dicit
1210 2637 1296 2665 esse
1323 2630 1522 2665 naturam
