1863 3262
158 284 313 314 ommis
351 284 611 313 lMPERFECTI
649 284 823 314 CONTRA
859 284 1103 317 JUMANFM.
1145 286 1232 316 ΠΡ..
1279 286 1336 317 lv.
1393 269 1482 321 233

107 361 214 396 cunt
233 350 467 396 imitatores
492 352 580 408 ejus
603 386 612 401 ‚
653 350 749 394 Non
779 367 1009 412 possumus
1039 368 1085 396 ea
1109 351 1248 397 lacere
1267 389 1277 407 ‚
1317 367 1416 415 quae
1440 361 1488 396 ut

105 418 314 466 faciamus
341 431 415 465 tuo
437 436 512 465 nos
528 419 765 465 exhortaris
788 420 983 483 exemplo
1001 458 1010 475 ‚
1037 422 1140 483 quia
1167 421 1292 481 longe
1325 432 1485 485 poten-

109 490 192 535 tior
227 501 290 536 est
321 489 565 535 excellentia
605 500 674 534 tua
700 526 709 544 ,
752 507 885 553 quam
921 490 1150 535 infirmitas
1185 502 1342 537 nostra.
1386 492 1485 537 Non

104 558 252 622 itaque
271 560 368 605 ideo
398 558 552 605 debuit
574 570 700 605 natus
725 559 778 604 de
797 561 965 624 Spiritu
983 571 1132 606 sancto
1150 571 1191 606 et
1210 561 1374 621 virgine
1393 563 1487 607 Ma-

105 629 169 675 ria
191 630 353 676 habere
387 630 784 693 concupiscentiam
807 668 818 685 ‚
856 648 942 694 qua
967 641 1146 694 cuperet
1167 631 1281 677 mala
1301 669 1313 688 ‚
1349 633 1426 677 etsi
1448 632 1487 677 ei

105 699 340 746 resistendo
374 716 462 745 non
489 699 676 756 faceret,
705 719 757 746 ne
781 701 976 746 dicerent
996 702 1032 747 ei
1058 701 1280 756 homines,
1312 701 1485 748 Habeto

104 769 227 832 prius
244 770 509 833 cupiditates
526 770 659 816 malas
679 808 690 826 ‚
718 782 758 816 et
778 788 846 816 eas
870 772 1011 826 vince,
1034 772 1066 816 si
1085 782 1223 834 potes,
1248 783 1296 817 ut
1317 782 1357 816 te
1382 771 1484 816 imi-

106 839 364 886 tarinostras
375 839 589 886 vincendo
608 840 838 903 possimus.
860 841 1024 886 Deinde
1037 841 1145 904 quid
1160 841 1486 897 dicis‚Juliane‚

106 908 161 954 de
187 909 261 956 illo
286 911 363 974 qui
386 910 522 964 dicit,
561 931 579 951 c<
602 912 697 956 *Non
730 911 849 975 quod
878 911 975 957 volo
1014 929 1092 971 ago
1111 949 1122 968 ,
1152 911 1224 957 sed
1259 910 1378 974 quod
1411 910 1486 956 odi

106 979 256 1026 »illud
278 979 443 1037 faeio13
463 1003 483 1022 »
506 997 636 1044 quem
662 999 738 1028 vos
772 983 954 1028 asseritis
971 1019 983 1040 ,
1016 999 1104 1028 non
1130 982 1486 1045 concupiscentia

105 1067 206 1096 cum
226 1067 314 1114 qua
333 1061 459 1097 natus
482 1062 544 1097 est
564 1087 572 1102 ,
607 1051 680 1097 sed
709 1052 820 1098 mala
846 1052 1163 1098 consuetudine
1186 1069 1322 1115 usque
1346 1051 1399 1097 ad
1424 1052 1486 1097 is—

106 1130 196 1166 tam
214 1121 503 1167 necessitatem
524 1122 661 1184 premi
676 1125 694 1168 {³
711 1122 938 1186 Numquid
958 1122 1211 1182 hujusmodi
1232 1121 1488 1168 hominibus

108 1191 310 1238 Christus
343 1210 430 1238 non
468 1193 666 1256 praebuit
684 1230 696 1249 ,
736 1204 783 1239 ut
821 1211 862 1239 se
898 1194 1172 1240 imitarentur
1206 1192 1450 1256 exemplum
1470 1196 1488 1237 ,Ὗ

108 1262 337 1325 Numquid
364 1279 434 1308 eos
458 1263 745 1325 contempsit,
774 1280 931 1326 eosque
967 1281 1052 1309 esse
1077 1263 1214 1309 voluit
1243 1281 1264 1308 a
1290 1264 1376 1308 suis
1401 1278 1490 1307 sec-

107 1332 251 1378 tandis
271 1333 508 1379 virtutibus
533 1333 724 1379 alienos?
748 1334 793 1379 Si
808 1350 909 1393 ergo
927 1333 1123 1385 dicerent
1137 1334 1192 1390 ei,
1216 1333 1364 1380 Nescis
1382 1331 1491 1396 quid

107 1403 302 1466 patimur
321 1403 433 1449 mole
457 1404 783 1449 consuetudinis
807 1421 894 1468 qua
923 1405 1192 1467 premimur;
1217 1416 1264 1450 tu
1284 1421 1372 1449 non
1392 1420 1490 1467 pre-

108 1473 236 1520 meris
251 1511 263 1531 ,
283 1486 517 1538 propterea
538 1474 726 1538 loqueris
748 1492 759 1520 ε
785 1496 805 1516 c<
825 1475 965 1520 Facile
991 1492 1137 1520 omnes
1155 1492 1255 1521 curn
1277 1474 1487 1530 valemus,

109 1565 131 1586 2)
146 1555 263 1591 recta
282 1545 463 1591 consilia
480 1546 603 1605 aegris
627 1545 857 1592 damus2.»
880 1545 1160 1591 placeret-ne
1182 1546 1279 1600 tibi,
1298 1556 1346 1590 ut
1364 1545 1493 1590 etiam

110 1615 311 1662 Christus
335 1616 410 1661 tali
433 1616 746 1662 consuetudine
765 1627 1034 1680 premeretur
1051 1654 1063 1673 ‚
1099 1633 1282 1680 eamque
1308 1632 1487 1679 supera·

109 1697 197 1743 ret,
227 1697 274 1732 ut
303 1698 435 1744 esset,
477 1698 644 1733 remota
686 1705 835 1734 eorum
871 1688 1167 1743 excusatione,
1213 1687 1373 1732 talibus
1397 1685 1494 1732 imi-

110 1756 299 1804 tandus?
325 1760 394 1804 An
417 1768 491 1804 tua
526 1757 778 1822 vaniloquia
803 1762 894 1819 jam
926 1758 1116 1814 ridebis,
1150 1768 1192 1804 et
1222 1776 1244 1804 a
1270 1758 1397 1803 nobis
1423 1767 1495 1802 ta·-

111 1827 262 1874 cebis?

176 1900 468 1948 LXXXVIII.
509 1902 608 1949 Jm„
647 1922 668 1942 «
694 1900 852 1947 Verum
878 1901 948 1946 his
972 1911 1020 1947 ut
1043 1918 1108 1947 res
1132 1899 1385 1964 postulabat
1406 1900 1496 1944 im—

111 1969 239 2033 pletis
254 2008 266 2027 ‚
281 1975 410 2030 juvat
429 1982 470 2016 te
492 1973 555 2018 vel
575 1971 848 2017 mediocriter
864 1972 1111 2027 convenire,
1135 1988 1220 2034 qua
1243 1970 1406 2016 fiducia
1426 1979 1492 2025 tu,

113 2057 212 2086 cum
249 2041 506 2104 Hieronymi
529 2043 687 2105 scripta
716 2041 934 2087 collaudes
953 2078 964 2096 ,
998 2041 1118 2087 dicas
1141 2041 1187 2086 in
1214 2041 1391 2086 Christo
1409 2057 1496 2086 non

111 2109 242 2156 fuisse
265 2123 519 2174 peccatum,
551 2130 651 2158 cum
672 2112 743 2157 ille
763 2113 806 2157 in
826 2112 1006 2171 Dialogo
1032 2112 1107 2157 illo
1123 2148 1133 2167 ‚
1158 2128 1286 2174 quem
1305 2110 1387 2156 sub
1411 2127 1496 2155 no-

113 2181 229 2227 mine
248 2182 382 2228 Attici
415 2193 456 2228 et
479 2182 698 2228 (jritobuli
715 2219 726 2238 ‚
754 2183 863 2228 mira
886 2193 928 2227 et
948 2193 997 2227 ut
1017 2182 1144 2227 talem
1163 2181 1294 2227 fidem
1313 2180 1498 2226 decebat

114 2263 341 2298 venustate
372 2254 640 2317 composuit,
678 2253 807 2298 etiam
836 2253 978 2316 quinti
1005 2252 1224 2311 Evangelii
1252 2253 1348 2313 ἧι),
1376 2250 1499 2314 quod

116 2339 140 2368 a
156 2339 198 2368 se
214 2323 466 2369 translatum
484 2324 592 2370 dicit
609 2360 621 2378 ‚
643 2324 887 2369 testimonio
904 2323 1069 2368 nitatur
1088 2321 1330 2376 ostendere,
1350 2320 1498 2366 Chris-

116 2403 209 2438 tum
236 2409 322 2439 non
347 2393 485 2439 solum
515 2393 735 2450 naturale,
772 2394 1055 2439 verumetiam
1090 2392 1387 2439 voluntarium
1412 2391 1499 2436 ha-

116 2462 259 2508 buisse
283 2474 513 2525 peccatum
530 2501 540 2519 ‚
587 2474 765 2527 propter
793 2463 914 2527 quod
955 2481 997 2509 se
1024 2463 1277 2523 cognoverit
1319 2462 1500 2507 Joannis

118 2532 382 2595 baptismate
406 2533 677 2580 diluendum.
712 2534 776 2579 De
796 2533 879 2579 alio
898 2535 1026 2579 etiam
1054 2532 1300 2579 testimonio
1325 2531 1502 2578 Joannis

168 2615 177 2637 ¹
195 2618 285 2648 Rom.
307 2627 362 2654 vn,
386 2618 438 2650 ¹5.
462 2635 502 2641 —
522 2615 537 2638 2
554 2615 724 2648 'rm-onnus
746 2615 847 2650 Andr.
869 2622 929 2649 act.
949 2628 978 2648 2.
999 2627 1042 2649 sc.
1066 2625 1096 2649 1.
