1824 3236
229 302 385 333 ominis
424 303 684 374 iiffiznvssurt
723 304 896 332 comm
933 304 1178 334 Jiitiimtu.
1222 306 1303 334 mn.
1351 307 1403 334 vi.
1463 290 1552 352 507

182 379 404 424 auctores,
424 368 624 413 homines
647 366 734 413 duo
763 385 773 412 ι
802 389 821 407 α
840 369 1055 422 Quoniam
1078 387 1156 432 per
1175 369 1395 415 homiuem
1418 387 1554 426 mom,

181 460 202 480 ³>
229 449 270 484 et
308 455 387 502 per
427 438 646 483 hominem
694 439 952 483 resurrectio
997 439 1306 487 mortuorunfi.
1336 462 1355 481 »
1396 441 1450 484 Et
1479 441 1561 502 ipsi

180 509 380 555 homines
400 508 489 554 duo
513 509 703 571 propriis
727 509 853 554 etiam
883 509 1132 554 nominibus
1165 510 1482 583 exffliinuiittir,
1511 519 1559 555 ut

180 579 234 624 de
250 578 414 642 quibus
429 577 515 624 hoc
539 578 706 624 dictum
723 579 801 633 sit,
826 579 1046 624 evidenter
1067 589 1272 642 appareat
1287 617 1297 635 ‚
1324 589 1452 642 atque
1476 578 1555 623 ad-

180 649 302 695 ditur
322 667 334 694 :
359 669 379 689 «
402 647 527 694 Sicut
549 649 663 694 enim
689 650 732 695 in
749 648 885 695 Adam
900 666 1047 694 omncs
1070 650 1334 705 moriuntur,
1361 650 1420 694 sic
1443 659 1484 694 et
1511 650 1557 694 in

182 740 202 760 ›>
215 718 392 765 Christo
407 735 554 765 omnes
565 719 924 766 vivificabuntur.
938 741 958 762 >v
971 720 1231 773 Moriuntur,
1249 722 1307 766 ait
1323 740 1333 773 ;
1351 736 1438 764 non
1464 719 1522 765 ait
1541 755 1553 775 ,

177 790 422 836 morientur
452 808 462 835 :
490 807 536 836 ex
570 790 699 837 altera
726 809 826 837 vero
857 803 982 855 parte
1018 808 1105 835 non
1144 791 1225 846 ait,
1255 791 1555 857 vivificantuf3

180 861 252 908 sed
271 862 629 909 vivificabuntur.
656 864 785 909 Nunc
804 863 918 909 enim
940 863 1185 908 moriuntur
1204 879 1249 907 ex
1268 879 1402 924 poena
1420 899 1430 916 ,
1453 870 1559 907 tund

178 931 526 978 vivificabuntur
545 949 592 978 ex
615 933 812 996 praemio,
841 934 938 979 Non
960 934 1105 996 itaque
1119 932 1172 978 de
1192 931 1264 977 illa
1285 942 1423 977 morte
1441 947 1557 976 nunc

178 1001 390 1066 loquitur,
422 1019 522 1066 quae
546 1002 693 1049 futura
719 1013 779 1049 est
804 1004 886 1059 eis,
914 1003 989 1067 qui
1017 1019 1117 1048 cum
1144 1002 1283 1047 anima
1311 1011 1352 1046 et
1374 1017 1557 1064 corpore

178 1073 276 1134 igne
289 1073 606 1121 cruciabuntur
617 1086 804 1130 aetern03
828 1075 1020 1138 alioquin
1041 1092 1088 1120 ex
1111 1085 1293 1137 utraque
1313 1083 1437 1136 parte
1455 1089 1554 1119 ver-

178 1142 285 1193 bum
302 1143 441 1190 futuri
466 1146 672 1210 temporis
690 1157 871 1209 poneret
890 1183 900 1201 ,
925 1157 965 1190 et
983 1145 1094 1190 sicut
1111 1144 1240 1200 dixit,
1259 1143 1555 1190 vivificabun-

180 1226 269 1272 tur,
295 1215 569 1274 itadiceret,
594 1218 848 1263 morientur.
880 1222 993 1262 Cum
1018 1233 1118 1261 vero
1141 1215 1269 1270 dixit,
1289 1214 1552 1269 moriuntur,

180 1286 299 1350 quod
319 1287 468 1352 utique
486 1304 606 1333 nunc
638 1288 712 1342 fit3
740 1287 1083 1333 vivificabuntur
1108 1298 1273 1342 autem,
1300 1283 1418 1348 quod
1449 1294 1554 1329 tunc

179 1358 254 1402 fiet
274 1375 285 1402 ι
305 1358 405 1403 satis
424 1357 611 1403 ostendit
627 1375 668 1403 se
684 1358 736 1404 de
756 1357 827 1403 illa
848 1368 985 1402 morte
999 1374 1141 1417 agere,
1160 1357 1205 1402 in
1219 1373 1267 1401 eo
1281 1354 1398 1419 quod
1416 1353 1522 1399 dicit
1541 1370 1551 1398 ε

180 1449 200 1468 α
225 1429 309 1474 Per
330 1428 555 1480 hominem
576 1446 692 1474 mors
710 1465 720 1484 ,
748 1444 848 1492 quae
870 1428 1055 1473 animam
1081 1426 1277 1473 dissolvit
1306 1443 1327 1471 a
1353 1441 1479 1470 carne
1500 1442 1510 1468 ε
1537 1446 1556 1465 »

178 1499 377 1563 quamvis
415 1510 455 1546 et
480 1500 533 1545 ad
571 1499 688 1545 illam
726 1510 909 1544 mortem
933 1499 1126 1544 futuram
1152 1497 1422 1561 pertineant,
1455 1511 1555 1558 quae

180 1569 369 1615 secunda
389 1587 504 1615 mors
522 1570 705 1625 dieitur,
728 1570 803 1633 qui
824 1580 989 1615 reatum
1011 1586 1140 1632 quem
1167 1586 1246 1633 per
1269 1567 1407 1613 Adam
1433 1583 1555 1625 gene-

179 1641 346 1691 ratione
371 1651 617 1696 traxerunt,
644 1658 723 1704 per
751 1640 978 1686 Christum
1010 1639 1328 1699 regeneratione
1353 1654 1440 1682 non
1464 1636 1553 1681 sol-

179 1720 303 1756 vunt.
346 1710 475 1755 Nunc
507 1710 693 1773 proinde
716 1711 816 1774 quia
847 1709 899 1754 de
931 1709 1240 1754 resurrectione
1264 1705 1458 1770 corporis
1482 1706 1553 1751 lo-

180 1780 347 1851 quitur,
375 1797 475 1845 quae
500 1781 647 1826 futura
672 1792 754 1833 est,
777 1781 846 1825 cui
870 1779 1058 1844 opponit
1083 1796 1104 1824 e
1135 1778 1354 1824 contrario
1372 1786 1554 1822 mortem

180 1851 399 1915 eorporiS‚
439 1867 539 1915 quae
566 1868 684 1897 nunc
718 1852 790 1903 fit;
818 1861 860 1895 et
884 1850 972 1896 duo
1005 1850 1082 1894 ista
1118 1847 1335 1894 contraria
1366 1846 1555 1906 singulos

182 1933 377 1968 auctores
393 1922 577 1979 habent,
603 1922 739 1968 Adam
763 1939 894 1977 mors,
919 1921 1144 1966 Christum
1167 1918 1420 1965 resurreetio
1441 1934 1555 1963 mor-

182 2003 357 2039 tuorum
386 2011 396 2038 ε
426 1994 538 2039 sieut
561 1993 817 2053 intelligitur
838 1991 1092 2038 resurrectio
1116 1990 1189 2036 illa
1213 1987 1446 2054 praemiaiis
1461 2025 1472 2044 ‚
1496 1987 1554 2032 ita

180 2081 267 2111 esse
286 2063 565 2125 intelligenda
586 2074 648 2111 est
667 2081 781 2109 mors
803 2064 879 2109 ista
901 2063 1098 2127 poenalis.
1132 2060 1319 2107 Praeniio
1346 2057 1511 2122 quippe
1531 2075 1555 2103 a

181 2134 399 2186 contrario
421 2152 508 2180 non
533 2135 775 2198 opponitur
792 2144 970 2188 natura,
998 2132 1068 2177 sed
1093 2148 1242 2195 poena.
1274 2131 1328 2175 Et
1352 2128 1449 2174 ideo
1473 2129 1553 2173 isto

138 2263 142 2268 .
180 2204 279 2254 loco
295 2243 306 2262 ‚
328 2205 407 2251 ubi
433 2206 688 2250 resurrectio
707 2204 899 2268 corporis
926 2203 1167 2269 opponitur
1185 2201 1314 2246 morti
1342 2198 1553 2262 corporis,

181 2293 270 2322 non
302 2275 355 2322 de
387 2275 609 2321 communi
643 2274 952 2320 resurrectione
987 2273 1072 2332 agit
1100 2270 1349 2335 Apostolus,
1375 2285 1475 2332 quae
1500 2267 1555 2313 ad

176 2351 317 2409 justos
336 2347 572 2406 etinjustos
593 2346 805 2409 pertinet3
828 2344 898 2390 sed
920 2343 1056 2390 <leina
1072 2343 1217 2407 potius
1234 2379 1243 2396 ‚
1263 2341 1305 2386 in
1326 2356 1413 2403 qua
1431 2348 1559 2384 erunt

183 2418 261 2482 qui
283 2418 628 2465 vivificabuntur
649 2417 694 2463 in
723 2416 901 2461 Christo
919 2453 928 2471 ,
969 2432 1053 2460 non
1075 2414 1149 2477 qui
1172 2412 1499 2459 damnabuntur
1535 2427 1557 2454 a

185 2483 392 2536 Christo:
417 2488 615 2553 quamvis
634 2499 838 2551 utrosque
864 2488 954 2550 ipse
970 2502 1182 2545 resurgere
1200 2484 1354 2538 faciat,
1383 2484 1558 2540 «Cujus

186 2581 207 2603 »
228 2577 380 2607 vocem
401 2559 577 2606 audient
596 2575 765 2613 omnes,
792 2558 924 2622 quiin
951 2555 1240 2601 monumentis
1259 2563 1358 2599 sunt
1373 2589 1384 2609 ‚
1401 2562 1443 2598 et
1460 2567 1562 2615 pro-

236 2643 245 2666 ¹
271 2645 530 2676 1C01·.xv.21.
