1863 3262
297 223 384 270 158
712 237 746 265 s.
791 236 1036 267 AUGusrlm
1071 238 1275 268 EPISCOPI

288 304 403 367 plius
427 318 557 365 quam
583 300 700 346 mille
728 310 823 345 tuos
855 300 1034 347 reddere
1065 302 1309 359 mediteris,
1347 302 1381 349 si
1413 304 1490 351 uni
1516 322 1665 352 eorum

288 374 363 438 qui
395 372 515 435 prior
548 381 638 427 est,
672 375 764 430 jam
792 371 1001 416 sexdecim
1027 372 1204 429 reddas,
1236 385 1363 437 atque
1394 374 1452 420 ita
1477 375 1666 436 singulos

288 459 483 506 quosque
510 441 779 504 sequentium
803 440 1030 504 duplicato
1060 444 1335 505 praecedente
1356 461 1538 491 numero
1561 463 1666 510 per—-

288 512 499 576 sequaris,
525 510 752 556 ostendens
778 510 904 556 nobis
921 529 1053 574 quam
1075 513 1262 563 multum
1284 515 1477 579 loquaris
1496 533 1585 562 non
1602 517 1666 562 in⁴

290 582 521 642 telligendo
543 598 644 644 quae
670 581 890 642 loqueris?

354 654 428 700 VI,
459 653 557 698 ,IL-1„
588 673 608 693 <c
632 653 796 697 Tamen
814 669 914 698 cum
940 653 1027 698 hoc
1043 653 1106 700 ibi
1130 655 1400 702 satiatissime
1414 667 1582 702 constet
1600 657 1665 703 ef-

287 724 449 770 fectum
468 760 478 777 ‚
508 722 697 767 breviter
719 721 820 767 licet
836 760 848 777 ,
880 723 922 768 in
952 726 1154 786 praesenti
1178 743 1354 789 quoque
1373 727 1668 790 disputatione

288 805 518 858 repetetur.
547 798 864 839 Convertamur
881 811 981 853 ergo
1014 795 1069 840 ad
1093 796 1237 859 ipsum
1254 834 1264 852 ‚
1288 801 1414 856 cujus
1439 814 1540 843 cum
1564 814 1669 846 eru·-

289 866 453 911 ditione
482 865 766 910 decertamus.
805 865 970 909 Annuis
995 882 1150 928 nempe
1169 900 1180 922 ,
1205 884 1227 912 a
1259 867 1384 912 nobis
1406 878 1522 912 recte
1538 868 1669 913 fuisse

286 936 535 992 collectum,
559 935 660 998 quia
678 935 711 980 si
734 933 865 980 foetus
884 935 1053 980 nonnisi
1073 953 1153 998 per
1170 953 1314 983 sexum
1332 974 1342 992 ,
1362 937 1396 983 si
1415 955 1533 983 sexus
1553 954 1670 983 non-

289 1007 368 1052 nisi
393 1024 470 1069 per
489 1022 650 1068 corpus
669 1040 680 1060 ‚
706 1005 740 1049 si
759 1021 921 1067 corpus
956 1006 1130 1051 nonnisi
1165 1024 1245 1069 per
1271 1009 1411 1052 Deum
1436 1007 1666 1064 extitisset,

289 1077 452 1136 ambigi
470 1093 557 1121 non
577 1085 722 1138 posset
745 1074 1078 1121 foecunditatem
1104 1076 1158 1121 ad
1183 1077 1263 1122 Dei
1282 1094 1412 1140 opera
1432 1078 1666 1140 pertinere,

288 1147 487 1210 nihilque
521 1164 648 1192 suum
676 1146 722 1191 in
741 1146 910 1191 sexibus
940 1161 1171 1206 agnoscere
1195 1149 1443 1211 principem
1464 1149 1670 1194 tenebra-

287 1237 385 1265 rum
407 1256 418 1275 ,
456 1229 639 1282 propter
667 1217 786 1280 quod
823 1217 993 1263 fructus
1025 1236 1174 1264 eorum
1199 1220 1309 1279 Juris
1343 1220 1408 1266 sui
1441 1220 1670 1266 assertione

287 1290 512 1342 retineret3
536 1288 639 1351 quia
663 1299 705 1333 et
717 1288 941 1334 diversitas
958 1290 1208 1351 pertinebat
1223 1290 1279 1336 ad
1297 1306 1440 1336 sexum
1455 1328 1466 1347 ,
1484 1301 1526 1336 et
1543 1304 1669 1336 com-

287 1359 435 1405 mixtio
460 1358 514 1405 ad
534 1359 830 1404 membrorum
852 1358 1147 1406 diversitatem
1165 1398 1176 1416 ‚
1197 1371 1238 1406 et
1259 1360 1428 1406 fructus
1444 1359 1670 1406 foecundi-

287 1431 387 1476 tatis
411 1430 466 1475 ad
492 1433 634 1475 Deum
651 1464 662 1484 ,
692 1429 768 1492 qui
786 1429 914 1474 etiam
935 1430 1231 1489 generantium
1254 1431 1396 1476 fuerat
1416 1431 1667 1476 institutor:

288 1519 338 1548 ac
361 1518 439 1565 per
462 1501 548 1546 hoc
570 1498 683 1545 nihil
709 1511 971 1546 remanserat
1007 1512 1192 1564 propter
1216 1501 1338 1565 quod
1367 1501 1545 1547 diabolo
1565 1511 1671 1546 esset

287 1571 606 1618 commixtionis
621 1570 915 1630 adJudicanda
930 1570 1144 1617 fertilitas.
1170 1571 1303 1628 Quod
1321 1589 1420 1631 ergo
1442 1571 1523 1616 tibi
1540 1581 1671 1634 putas

286 1642 355 1690 vel
392 1642 592 1687 solatium
625 1641 693 1688 vel
720 1641 975 1704 praesidium
1012 1659 1035 1687 a
1073 1642 1279 1687 sermonis
1321 1641 1406 1686 mei
1444 1641 1671 1686 honestate

286 1712 471 1759 conferri
489 1749 500 1769 ‚
526 1713 627 1775 quia
651 1712 772 1758 nolui
794 1712 839 1757 in
860 1712 957 1757 loco
983 1712 1125 1757 carnis
1154 1712 1555 1775 concupiscentiam
1584 1728 1671 1756 no-

285 1784 477 1830 minare?
511 1781 631 1846 quod
653 1783 730 1828 etsi
763 1783 811 1828 in
845 1783 965 1828 omni
997 1799 1127 1845 opere
1160 1782 1328 1828 silentio
1352 1782 1667 1845 praeterissem,

285 1855 399 1901 nihil
420 1865 565 1900 tamen
586 1853 921 1916 vituperationis
941 1863 1018 1898 aut
1038 1853 1212 1912 injuriae
1234 1871 1299 1899 res
1313 1853 1387 1898 illa
1410 1852 1667 1914 susciperet,

287 1942 387 1988 quae
418 1924 745 1970 honestioribus
778 1924 944 1983 signata
970 1923 1224 1968 nominibus
1264 1923 1592 1976 vindicabatur,
1629 1931 1671 1966 et

286 1995 532 2041 clarissimis
553 1994 733 2058 quidem
768 1993 1064 2052 intelligentiae
1092 1992 1290 2039 vocibus.
1330 1995 1415 2038 Fac
1441 1992 1575 2051 igitur
1601 2006 1672 2036 me

285 2065 571 2128 prudentius,
599 2082 729 2127 quam
757 2063 945 2126 suscepti
976 2063 1138 2122 negotii
1164 2063 1274 2108 ratio
1296 2063 1499 2125 petebat,
1530 2072 1670 2120 tegere

286 2135 470 2181 voluisse
494 2135 662 2180 silentio
683 2151 840 2179 nomen
869 2137 960 2192 ejus
989 2134 1073 2188 rei,
1101 2150 1232 2195 quam
1266 2133 1450 2192 tegimus
1469 2132 1632 2177 amictu
1654 2147 1665 2175 ε

288 2222 395 2250 num
414 2204 510 2250 ideo
536 2205 667 2250 totius
687 2203 867 2250 rationis
885 2240 895 2258 ,
920 2203 1052 2248 totius
1078 2203 1268 2248 veritatis
1283 2207 1454 2262 jactura
1471 2200 1669 2247 facienda

288 2278 378 2321 esti)
407 2276 524 2320 Num
556 2275 653 2320 ideo
696 2273 968 2333 negotiorum
1009 2272 1171 2317 arbiter
1215 2272 1456 2318 intellectus
1476 2271 1666 2331 jacebit,

288 2345 390 2409 quia
406 2355 468 2390 est
494 2344 689 2407 aliquid,
713 2343 832 2407 quod
863 2353 911 2387 ut
939 2353 1039 2392 ante
1063 2343 1237 2398 oculos,
1270 2344 1330 2388 ita
1353 2342 1406 2387 ad
1433 2358 1553 2386 aures
1580 2356 1670 2385 non

288 2432 456 2477 semper
474 2415 628 2460 docere
648 2415 783 2477 possit
802 2413 991 2459 adduci?
1011 2413 1317 2458 Verumtamen
1336 2412 1444 2475 quid
1467 2409 1670 2457 deformi⁴

286 2484 385 2530 tatis
413 2485 549 2530 habet
567 2522 578 2541 ‚
605 2485 746 2531 carnis
772 2484 1172 2546 concupiscentiam
1197 2484 1452 2536 nominare3
1475 2499 1607 2546 quam
1628 2491 1671 2526 et

288 2571 364 2615 ego
398 2554 644 2619 appellavi,
671 2572 773 2603 cum
805 2553 1006 2617 poposcit
1024 2553 1178 2608 locus;
1203 2564 1246 2600 et
1265 2564 1313 2600 tu
1341 2553 1443 2600 licet
1461 2552 1669 2599 indoma-
