1863 3262
226 284 382 316 OPERIS
419 277 682 312 IMPERFECTI
722 280 894 311 CONTRA
931 282 1175 323 JULlANUM,
1215 283 1300 313 Ltss.
1346 283 1403 314 lv.
1461 281 1550 329 227

241 349 401 395 LXIX.
430 348 534 393 JUL.
577 345 691 390 «His
716 346 862 408 itaque
898 356 944 391 tu
983 346 1309 394 dissertionibus
1329 386 1339 406 ‚
1379 348 1552 394 cervino

178 430 310 474 metu,
330 429 372 464 et
408 416 589 479 vulpino
610 414 710 459 dolo
733 415 908 460 obviam
929 416 990 461 ire
1006 429 1205 475 conatus,
1228 419 1285 464 ita
1310 419 1554 482 imposuisti

177 501 364 553 patrono
383 499 457 533 tuo
480 486 532 531 ad
555 502 683 548 quem
707 485 878 538 scribis,
897 496 945 531 ut
968 486 1161 544 referres,
1180 499 1361 552 propter
1383 506 1554 535 sensum

178 559 374 624 corporis
396 556 664 612 naturalem,
696 556 741 601 id
767 567 849 611 est,
879 558 1278 620 concupiscentiam
1305 560 1445 605 carnis
1472 559 1556 605 do·-

177 630 334 677 minari
367 629 572 692 operibus
594 638 635 673 et
660 627 838 687 imagini
864 627 942 673 Dei
964 629 1210 692 principem
1238 630 1514 676 tenebrarum
1542 647 1554 675 ε

178 717 280 746 cum
301 716 469 746 necesse
488 709 594 744 esset
617 697 670 744 ad
691 698 891 743 eumdem
913 709 1107 762 spectare
1144 710 1365 745 auctorem
1390 713 1560 746 sensum

178 771 336 827 carnis,
358 770 412 817 ad
427 787 554 834 quem
580 771 708 815 etiam
733 770 873 815 carnis
897 780 1050 816 natura
1071 771 1315 833 respiceret.
1344 792 1364 813 »

245 843 360 888 Aue.
387 840 507 898 Quid
533 840 727 904 loquaris
762 840 947 900 ignoras.
982 840 1109 886 Aliud
1133 851 1195 886 est
1227 858 1373 886 sensus
1397 841 1556 897 carnis,

178 911 300 958 aliud
317 911 672 974 concupiscentia
690 911 850 966 carnis,
880 928 980 974 quae
996 912 1179 957 sentitur
1201 928 1323 957 sensu
1348 922 1390 957 et
1410 910 1561 956 mentis

178 992 222 1028 et
247 982 388 1028 carnis
408 999 419 1027 ι
441 981 554 1027 sicut
570 980 696 1026 dolor
722 982 863 1027 carnis
883 999 971 1027 non
995 982 1086 1046 ipse
1108 999 1254 1028 sensus
1276 992 1356 1038 est,
1384 981 1456 1027 sed
1483 981 1561 1026 nisi

179 1068 324 1098 sensus
349 1051 477 1109 adsit,
502 1052 650 1098 sentiri
678 1069 767 1097 non
792 1063 949 1116 potest.
989 1056 1125 1099 Sensu
1149 1053 1295 1116 itaque
1326 1052 1468 1098 carnis
1487 1053 1562 1115 qui

179 1131 323 1168 tactus
349 1132 550 1178 vocatur,
576 1139 727 1185 aspera
744 1133 786 1168 et
812 1122 923 1168 lenia
944 1122 1191 1168 differenter
1215 1133 1262 1168 ut
1286 1134 1442 1168 caetera
1463 1139 1562 1167 sen-

179 1192 352 1238 tiuntur
373 1209 384 1237 :
408 1192 762 1255 concupiscentia
795 1209 896 1238 vero
926 1192 1067 1238 carnis
1100 1192 1394 1238 indifferenter
1410 1191 1562 1237 illicita

179 1273 223 1308 et
239 1262 358 1308 licita
382 1262 640 1325 cupiuntur,
667 1279 768 1326 quae
793 1279 882 1308 non
905 1263 1278 1325 concupiscendo,
1301 1261 1374 1307 sed
1400 1261 1564 1307 intelli-

181 1332 322 1393 gendo
342 1331 667 1392 dijudicantur3
686 1349 765 1378 nec
785 1333 842 1377 ab
875 1332 1042 1377 illicitis
1075 1332 1333 1383 abstinetur,
1355 1331 1437 1377 nisi
1455 1347 1565 1376 con-

182 1401 466 1466 cupiscentiae
489 1402 724 1449 resistatur.
766 1402 864 1448 Non
884 1402 1018 1462 igitur
1041 1412 1250 1449 caventur
1282 1419 1413 1465 opera
1431 1401 1562 1456 mala,

181 1472 265 1519 nisi
278 1472 470 1518 frenetur
494 1473 852 1536 concupiscentia
871 1473 1001 1529 mala,
1021 1489 1123 1537 quae
1155 1474 1233 1519 abs
1258 1484 1316 1529 te,
1345 1471 1566 1518 horrenda

182 1543 455 1608 impudentia
477 1544 545 1590 vel
568 1545 714 1608 potius
738 1545 943 1600 amentia,
969 1545 1131 1591 dicitur
1160 1546 1277 1590 bona
1299 1562 1310 1590 :
1355 1562 1435 1591 nec
1471 1560 1570 1590 eru-

182 1615 341 1671 bescis,
359 1633 438 1662 nec
463 1615 676 1663 horrescis
690 1627 730 1662 te
755 1617 810 1662 ad
838 1626 1009 1662 tantum
1030 1616 1216 1663 dedecus
1235 1617 1494 1680 pervenisse,
1520 1625 1568 1660 ut

183 1703 312 1732 nemo
334 1685 543 1733 liberetur
563 1705 586 1732 a
607 1704 683 1733 suo
701 1687 834 1744 malo,
861 1687 943 1732 nisi
960 1703 1048 1732 non
1071 1687 1311 1733 consentiat
1333 1697 1408 1731 tuo
1426 1686 1559 1732 bono.

187 1756 556 1820 Concupiscentia
574 1757 708 1817 igitur
732 1758 892 1810 carnis,
917 1774 1006 1821 qua
1026 1757 1269 1820 cupiuntur
1291 1773 1391 1820 quae
1413 1755 1568 1819 prohi-

186 1826 365 1880 bentur,
381 1844 470 1872 non
491 1838 553 1872 est
571 1845 593 1872 a
612 1831 754 1874 Patre.
777 1829 952 1872 Frustra
976 1839 1121 1890 putas,
1144 1827 1213 1873 vel
1233 1827 1379 1890 potius
1400 1827 1461 1871 vis
1482 1842 1570 1888 pu-

186 1896 290 1952 tari,
315 1897 394 1942 ubi
436 1897 524 1943 hoc
542 1901 727 1943 Joannes
761 1897 981 1960 apostolus
1006 1897 1141 1952 dixit,
1168 1896 1569 1959 concupiscentiam

189 1967 331 2012 carnis
350 1967 538 2030 positam
562 1984 645 2030 pro
670 1968 839 2014 luxuria
860 1967 893 2013 1.
940 1968 1122 2012 Prorsus
1148 1968 1290 2013 sinon
1311 1977 1373 2012 est
1393 1985 1414 2012 a
1440 1968 1569 2011 Patre

184 2036 373 2092 luxuria,
395 2054 474 2082 nec
493 2036 567 2082 illa
587 2047 649 2082 est
672 2054 694 2081 a
721 2040 844 2082 Patre
867 2036 938 2082 cui
968 2037 1001 2081 si
1025 2036 1336 2092 consentiatur,
1373 2035 1570 2098 concipit

183 2106 389 2170 paritque
405 2106 634 2153 luxuriam.
668 2107 779 2151 Nam
819 2107 1012 2152 motibus
1037 2107 1140 2160 suis,
1169 2107 1330 2171 quibus
1359 2107 1571 2166 jubemur

185 2175 408 2232 obsistere,
431 2176 538 2240 quid
566 2187 753 2223 conatur
782 2194 952 2241 quaeso,
975 2178 1052 2222 etsi
1088 2176 1143 2222 ad
1178 2177 1392 2223 luxuriam
1412 2193 1571 2239 pervc-

185 2245 307 2292 nire'?
332 2247 567 2303 Quomodo
601 2257 661 2293 est
685 2264 784 2307 ergo
814 2248 1001 2305 bonum,
1027 2264 1126 2311 quae
1146 2247 1368 2310 pervenire
1386 2257 1570 2292 conatur

188 2315 241 2362 ad
267 2316 460 2363 malum?
483 2318 719 2375 Quomodo
734 2330 795 2365 est
811 2329 1009 2365 nostrum
1026 2319 1211 2374 bonum,
1230 2334 1328 2381 quae
1345 2317 1570 2380 pervenire

188 2396 373 2431 conatur
396 2387 451 2432 ad
479 2388 677 2436 malum?
701 2389 938 2446 Quomodo
956 2399 1017 2434 est
1036 2400 1234 2434 nostrum
1257 2389 1443 2442 bonum,
1468 2404 1569 2450 quae

188 2472 266 2502 nos
285 2457 510 2520 compellit
527 2459 582 2505 ad
616 2460 810 2507 malum?
840 2459 1096 2507 Sanandum
1124 2470 1189 2505 est
1212 2459 1345 2520 igitur
1362 2459 1448 2504 hoc
1472 2475 1563 2504 ma-

238 2571 248 2594 ¹
275 2582 286 2602 ι
307 2574 405 2606 Joan.
426 2583 461 2610 n,
481 2574 534 2606 16.
