<?xml version="1.0" encoding="UTF-8"?>
<!DOCTYPE html PUBLIC "-//W3C//DTD XHTML 1.0 Transitional//EN"
    "http://www.w3.org/TR/xhtml1/DTD/xhtml1-transitional.dtd">
<html xmlns="http://www.w3.org/1999/xhtml" xml:lang="en" lang="en">
 <head>
  <title>
</title>
<meta http-equiv="Content-Type" content="text/html;charset=utf-8" />
  <meta name='ocr-system' content='tesseract 3.04.00' />
  <meta name='ocr-capabilities' content='ocr_page ocr_carea ocr_par ocr_line ocrx_word'/>
</head>
<body>
  <div class='ocr_page' id='page_1' title='image "./operaomniaaccura37auguuoft/operaomniaaccura37auguuoft_0426.png"; bbox 0 0 1824 3236; ppageno 0'>
   <div class='ocr_carea' id='block_1_1' title="bbox 339 255 1328 310">
    <p class='ocr_par' dir='ltr' id='par_1_1' title="bbox 339 255 1328 310">
     <span class='ocr_line' id='line_1_1' title="bbox 339 255 1328 310; baseline 0.004 -16"><span class='ocrx_word' id='word_1_1' title='bbox 339 255 428 310; x_wconf 60' lang='lat'>411}</span> <span class='ocrx_word' id='word_1_2' title='bbox 761 270 796 298; x_wconf 84' lang='lat' dir='ltr'>s.</span> <span class='ocrx_word' id='word_1_3' title='bbox 841 269 1083 300; x_wconf 66' lang='lat' dir='ltr'>Acettsrrxi</span> <span class='ocrx_word' id='word_1_4' title='bbox 1123 269 1328 300; x_wconf 74' lang='lat' dir='ltr'>EPIscom</span> 
     </span>
    </p>
   </div>
   <div class='ocr_carea' id='block_1_2' title="bbox 336 334 1735 2677">
    <p class='ocr_par' dir='ltr' id='par_1_2' title="bbox 336 334 1732 1751">
     <span class='ocr_line' id='line_1_2' title="bbox 341 334 1718 400; baseline 0.001 -21"><span class='ocrx_word' id='word_1_5' title='bbox 341 346 408 380; x_wconf 82' lang='lat' dir='ltr'>tur</span> <span class='ocrx_word' id='word_1_6' title='bbox 436 352 513 398; x_wconf 84' lang='lat' dir='ltr'>per</span> <span class='ocrx_word' id='word_1_7' title='bbox 533 334 692 381; x_wconf 80' lang='lat' dir='ltr'>onmia.</span> <span class='ocrx_word' id='word_1_8' title='bbox 714 357 732 376; x_wconf 82' lang='lat'>›&gt;</span> <span class='ocrx_word' id='word_1_9' title='bbox 756 340 816 379; x_wconf 68' lang='lat' dir='ltr'>Ac</span> <span class='ocrx_word' id='word_1_10' title='bbox 836 346 880 381; x_wconf 83' lang='lat' dir='ltr'>tu</span> <span class='ocrx_word' id='word_1_11' title='bbox 899 354 1042 383; x_wconf 85' lang='lat' dir='ltr'>rerum</span> <span class='ocrx_word' id='word_1_12' title='bbox 1062 337 1276 383; x_wconf 58' lang='lat' dir='ltr'>evidentia</span> <span class='ocrx_word' id='word_1_13' title='bbox 1296 336 1592 400; x_wconf 87' lang='lat' dir='ltr'>perturbatus,</span> <span class='ocrx_word' id='word_1_14' title='bbox 1615 353 1718 381; x_wconf 77' lang='lat' dir='ltr'>ocu-</span> 
     </span>
     <span class='ocr_line' id='line_1_3' title="bbox 336 405 1719 468; baseline 0.001 -18"><span class='ocrx_word' id='word_1_15' title='bbox 336 406 400 451; x_wconf 84' lang='lat' dir='ltr'>los</span> <span class='ocrx_word' id='word_1_16' title='bbox 424 405 655 450; x_wconf 83' lang='lat' dir='ltr'>hominum</span> <span class='ocrx_word' id='word_1_17' title='bbox 683 405 737 450; x_wconf 88' lang='lat' dir='ltr'>de</span> <span class='ocrx_word' id='word_1_18' title='bbox 752 406 951 468; x_wconf 88' lang='lat' dir='ltr'>possibili</span> <span class='ocrx_word' id='word_1_19' title='bbox 970 419 1012 453; x_wconf 92' lang='lat' dir='ltr'>et</span> <span class='ocrx_word' id='word_1_20' title='bbox 1029 408 1266 453; x_wconf 78' lang='lat' dir='ltr'>necessario</span> <span class='ocrx_word' id='word_1_21' title='bbox 1294 408 1422 467; x_wconf 89' lang='lat' dir='ltr'>longa</span> <span class='ocrx_word' id='word_1_22' title='bbox 1441 417 1481 452; x_wconf 92' lang='lat' dir='ltr'>et</span> <span class='ocrx_word' id='word_1_23' title='bbox 1500 407 1616 452; x_wconf 83' lang='lat' dir='ltr'>inani</span> <span class='ocrx_word' id='word_1_24' title='bbox 1635 406 1719 451; x_wconf 88' lang='lat' dir='ltr'>dis-</span> 
     </span>
     <span class='ocr_line' id='line_1_4' title="bbox 337 476 1722 542; baseline 0.001 -21"><span class='ocrx_word' id='word_1_25' title='bbox 337 477 564 541; x_wconf 85' lang='lat' dir='ltr'>putatione</span> <span class='ocrx_word' id='word_1_26' title='bbox 583 476 892 540; x_wconf 60' lang='lat' dir='ltr'>{tenebrandos</span> <span class='ocrx_word' id='word_1_27' title='bbox 919 480 1110 542; x_wconf 83' lang='lat' dir='ltr'>putasti,</span> <span class='ocrx_word' id='word_1_28' title='bbox 1139 490 1188 524; x_wconf 90' lang='lat' dir='ltr'>ut</span> <span class='ocrx_word' id='word_1_29' title='bbox 1224 480 1303 525; x_wconf 82' lang='lat' dir='ltr'>ista</span> <span class='ocrx_word' id='word_1_30' title='bbox 1336 479 1518 538; x_wconf 90' lang='lat' dir='ltr'>caligine</span> <span class='ocrx_word' id='word_1_31' title='bbox 1551 478 1722 537; x_wconf 76' lang='lat' dir='ltr'>objecta</span> 
     </span>
     <span class='ocr_line' id='line_1_5' title="bbox 336 547 1718 613; baseline -0.001 -19"><span class='ocrx_word' id='word_1_32' title='bbox 336 547 592 594; x_wconf 79' lang='lat' dir='ltr'>sententiani</span> <span class='ocrx_word' id='word_1_33' title='bbox 614 558 730 593; x_wconf 87' lang='lat' dir='ltr'>tuam</span> <span class='ocrx_word' id='word_1_34' title='bbox 754 565 911 594; x_wconf 88' lang='lat' dir='ltr'>vanam</span> <span class='ocrx_word' id='word_1_35' title='bbox 927 567 1013 595; x_wconf 91' lang='lat' dir='ltr'>non</span> <span class='ocrx_word' id='word_1_36' title='bbox 1031 550 1326 605; x_wconf 77' lang='lat' dir='ltr'>subtraheres,</span> <span class='ocrx_word' id='word_1_37' title='bbox 1345 567 1398 595; x_wconf 93' lang='lat' dir='ltr'>ne</span> <span class='ocrx_word' id='word_1_38' title='bbox 1417 549 1718 613; x_wconf 84' lang='lat' dir='ltr'>perimeretur,</span> 
     </span>
     <span class='ocr_line' id='line_1_6' title="bbox 338 619 1715 683; baseline 0.001 -19"><span class='ocrx_word' id='word_1_39' title='bbox 338 619 410 664; x_wconf 85' lang='lat' dir='ltr'>sed</span> <span class='ocrx_word' id='word_1_40' title='bbox 455 636 509 664; x_wconf 86' lang='lat' dir='ltr'>ne</span> <span class='ocrx_word' id='word_1_41' title='bbox 557 629 783 682; x_wconf 85' lang='lat' dir='ltr'>perempta</span> <span class='ocrx_word' id='word_1_42' title='bbox 833 619 973 680; x_wconf 83' lang='lat' dir='ltr'>jacere</span> <span class='ocrx_word' id='word_1_43' title='bbox 1013 620 1341 683; x_wconf 74' lang='lat' dir='ltr'>conspiceretur</span> <span class='ocrx_word' id='word_1_44' title='bbox 1360 658 1370 676; x_wconf 93' lang='lat'>,</span> <span class='ocrx_word' id='word_1_45' title='bbox 1418 620 1715 666; x_wconf 73' lang='lat' dir='ltr'>absconderes.</span> 
     </span>
     <span class='ocr_line' id='line_1_7' title="bbox 337 689 1724 756; baseline 0.001 -21"><span class='ocrx_word' id='word_1_46' title='bbox 337 691 496 736; x_wconf 84' lang='lat' dir='ltr'>Utrum</span> <span class='ocrx_word' id='word_1_47' title='bbox 524 689 690 753; x_wconf 81' lang='lat' dir='ltr'>quippe</span> <span class='ocrx_word' id='word_1_48' title='bbox 712 707 734 735; x_wconf 86' lang='lat' dir='ltr'>a</span> <span class='ocrx_word' id='word_1_49' title='bbox 754 691 992 736; x_wconf 82' lang='lat' dir='ltr'>necessario</span> <span class='ocrx_word' id='word_1_50' title='bbox 1007 729 1018 747; x_wconf 87' lang='lat'>,</span> <span class='ocrx_word' id='word_1_51' title='bbox 1049 708 1101 736; x_wconf 88' lang='lat' dir='ltr'>an</span> <span class='ocrx_word' id='word_1_52' title='bbox 1128 709 1150 735; x_wconf 89' lang='lat' dir='ltr'>a</span> <span class='ocrx_word' id='word_1_53' title='bbox 1175 692 1398 754; x_wconf 86' lang='lat' dir='ltr'>possibili,</span> <span class='ocrx_word' id='word_1_54' title='bbox 1420 691 1529 756; x_wconf 87' lang='lat' dir='ltr'>quid</span> <span class='ocrx_word' id='word_1_55' title='bbox 1552 693 1724 737; x_wconf 86' lang='lat' dir='ltr'>interest</span> 
     </span>
     <span class='ocr_line' id='line_1_8' title="bbox 341 760 1724 826; baseline 0.001 -19"><span class='ocrx_word' id='word_1_56' title='bbox 341 761 395 807; x_wconf 87' lang='lat' dir='ltr'>ad</span> <span class='ocrx_word' id='word_1_57' title='bbox 420 778 509 806; x_wconf 89' lang='lat' dir='ltr'>rem</span> <span class='ocrx_word' id='word_1_58' title='bbox 535 760 588 806; x_wconf 90' lang='lat' dir='ltr'>de</span> <span class='ocrx_word' id='word_1_59' title='bbox 612 778 698 824; x_wconf 85' lang='lat' dir='ltr'>qua</span> <span class='ocrx_word' id='word_1_60' title='bbox 732 761 1001 824; x_wconf 56' lang='lat' dir='ltr'>quaerimus?</span> <span class='ocrx_word' id='word_1_61' title='bbox 1029 761 1216 821; x_wconf 80' lang='lat' dir='ltr'>Angelus</span> <span class='ocrx_word' id='word_1_62' title='bbox 1241 772 1353 808; x_wconf 87' lang='lat' dir='ltr'>certe</span> <span class='ocrx_word' id='word_1_63' title='bbox 1383 773 1424 808; x_wconf 82' lang='lat' dir='ltr'>et</span> <span class='ocrx_word' id='word_1_64' title='bbox 1457 763 1590 808; x_wconf 82' lang='lat' dir='ltr'>hoino</span> <span class='ocrx_word' id='word_1_65' title='bbox 1616 779 1724 826; x_wconf 81' lang='lat' dir='ltr'>pec—</span> 
     </span>
     <span class='ocr_line' id='line_1_9' title="bbox 340 832 1725 893; baseline -0.001 -14"><span class='ocrx_word' id='word_1_66' title='bbox 340 843 527 879; x_wconf 86' lang='lat' dir='ltr'>carunt:</span> <span class='ocrx_word' id='word_1_67' title='bbox 560 843 634 878; x_wconf 86' lang='lat' dir='ltr'>aut</span> <span class='ocrx_word' id='word_1_68' title='bbox 654 849 754 892; x_wconf 89' lang='lat' dir='ltr'>ergo</span> <span class='ocrx_word' id='word_1_69' title='bbox 783 832 893 878; x_wconf 87' lang='lat' dir='ltr'>aude</span> <span class='ocrx_word' id='word_1_70' title='bbox 913 832 1057 879; x_wconf 81' lang='lat' dir='ltr'>dicere</span> <span class='ocrx_word' id='word_1_71' title='bbox 1089 832 1292 893; x_wconf 81' lang='lat' dir='ltr'>angelum</span> <span class='ocrx_word' id='word_1_72' title='bbox 1321 845 1362 879; x_wconf 92' lang='lat' dir='ltr'>et</span> <span class='ocrx_word' id='word_1_73' title='bbox 1390 833 1611 880; x_wconf 85' lang='lat' dir='ltr'>hominem</span> <span class='ocrx_word' id='word_1_74' title='bbox 1638 850 1725 878; x_wconf 85' lang='lat' dir='ltr'>non</span> 
     </span>
     <span class='ocr_line' id='line_1_10' title="bbox 343 903 1722 966; baseline -0.001 -16"><span class='ocrx_word' id='word_1_75' title='bbox 343 921 430 950; x_wconf 90' lang='lat' dir='ltr'>esse</span> <span class='ocrx_word' id='word_1_76' title='bbox 464 914 640 949; x_wconf 82' lang='lat' dir='ltr'>naturas</span> <span class='ocrx_word' id='word_1_77' title='bbox 672 920 682 947; x_wconf 71' lang='grc' dir='ltr'><em>τ</em></span> <span class='ocrx_word' id='word_1_78' title='bbox 722 912 795 948; x_wconf 84' lang='lat' dir='ltr'>aut</span> <span class='ocrx_word' id='word_1_79' title='bbox 829 903 933 966; x_wconf 87' lang='lat' dir='ltr'>quia</span> <span class='ocrx_word' id='word_1_80' title='bbox 970 921 1058 950; x_wconf 90' lang='lat' dir='ltr'>non</span> <span class='ocrx_word' id='word_1_81' title='bbox 1090 904 1151 950; x_wconf 83' lang='lat' dir='ltr'>ita</span> <span class='ocrx_word' id='word_1_82' title='bbox 1185 914 1247 949; x_wconf 87' lang='lat' dir='ltr'>est</span> <span class='ocrx_word' id='word_1_83' title='bbox 1273 904 1447 950; x_wconf 89' lang='lat' dir='ltr'>insanus</span> <span class='ocrx_word' id='word_1_84' title='bbox 1473 915 1521 950; x_wconf 92' lang='lat' dir='ltr'>ut</span> <span class='ocrx_word' id='word_1_85' title='bbox 1546 903 1722 959; x_wconf 87' lang='lat' dir='ltr'>audeas,</span> 
     </span>
     <span class='ocr_line' id='line_1_11' title="bbox 341 974 1726 1038; baseline -0.001 -17"><span class='ocrx_word' id='word_1_86' title='bbox 341 974 611 1022; x_wconf 81' lang='lat' dir='ltr'>convinceris</span> <span class='ocrx_word' id='word_1_87' title='bbox 649 985 859 1037; x_wconf 74' lang='lat' dir='ltr'>peccante</span> <span class='ocrx_word' id='word_1_88' title='bbox 904 974 1057 1035; x_wconf 89' lang='lat' dir='ltr'>angelo</span> <span class='ocrx_word' id='word_1_89' title='bbox 1097 992 1297 1038; x_wconf 78' lang='lat' dir='ltr'>peccasse</span> <span class='ocrx_word' id='word_1_90' title='bbox 1339 987 1541 1022; x_wconf 83' lang='lat' dir='ltr'>naturam</span> <span class='ocrx_word' id='word_1_91' title='bbox 1562 1013 1572 1032; x_wconf 79' lang='lat'>‚</span> <span class='ocrx_word' id='word_1_92' title='bbox 1617 992 1726 1020; x_wconf 92' lang='lat' dir='ltr'>con-</span> 
     </span>
     <span class='ocr_line' id='line_1_12' title="bbox 341 1044 1727 1109; baseline -0.001 -17"><span class='ocrx_word' id='word_1_93' title='bbox 341 1046 525 1093; x_wconf 87' lang='lat' dir='ltr'>vinceris</span> <span class='ocrx_word' id='word_1_94' title='bbox 549 1055 759 1109; x_wconf 85' lang='lat' dir='ltr'>peccante</span> <span class='ocrx_word' id='word_1_95' title='bbox 784 1044 964 1090; x_wconf 84' lang='lat' dir='ltr'>homine</span> <span class='ocrx_word' id='word_1_96' title='bbox 991 1063 1191 1109; x_wconf 77' lang='lat' dir='ltr'>peccasse</span> <span class='ocrx_word' id='word_1_97' title='bbox 1218 1057 1434 1094; x_wconf 85' lang='lat' dir='ltr'>naturam.</span> <span class='ocrx_word' id='word_1_98' title='bbox 1469 1046 1554 1092; x_wconf 85' lang='lat' dir='ltr'>Sed</span> <span class='ocrx_word' id='word_1_99' title='bbox 1580 1064 1600 1091; x_wconf 85' lang='lat' dir='ltr'>a</span> <span class='ocrx_word' id='word_1_100' title='bbox 1622 1063 1727 1109; x_wconf 89' lang='lat' dir='ltr'>pos-</span> 
     </span>
     <span class='ocr_line' id='line_1_13' title="bbox 342 1115 1727 1180; baseline -0.002 -17"><span class='ocrx_word' id='word_1_101' title='bbox 342 1117 492 1173; x_wconf 88' lang='lat' dir='ltr'>sibili,</span> <span class='ocrx_word' id='word_1_102' title='bbox 530 1115 674 1180; x_wconf 78' lang='lat' dir='ltr'>inquis</span> <span class='ocrx_word' id='word_1_103' title='bbox 696 1153 706 1171; x_wconf 94' lang='lat'>,</span> <span class='ocrx_word' id='word_1_104' title='bbox 742 1132 832 1160; x_wconf 88' lang='lat' dir='ltr'>non</span> <span class='ocrx_word' id='word_1_105' title='bbox 860 1133 882 1160; x_wconf 89' lang='lat' dir='ltr'>a</span> <span class='ocrx_word' id='word_1_106' title='bbox 919 1116 1161 1162; x_wconf 83' lang='lat' dir='ltr'>necessario</span> <span class='ocrx_word' id='word_1_107' title='bbox 1188 1119 1402 1180; x_wconf 86' lang='lat' dir='ltr'>peccavit.</span> <span class='ocrx_word' id='word_1_108' title='bbox 1447 1118 1543 1163; x_wconf 83' lang='lat' dir='ltr'>Hoc</span> <span class='ocrx_word' id='word_1_109' title='bbox 1577 1133 1727 1162; x_wconf 83' lang='lat' dir='ltr'>verum</span> 
     </span>
     <span class='ocr_line' id='line_1_14' title="bbox 344 1186 1729 1251; baseline -0.002 -16"><span class='ocrx_word' id='word_1_110' title='bbox 344 1200 403 1236; x_wconf 90' lang='lat' dir='ltr'>est</span> <span class='ocrx_word' id='word_1_111' title='bbox 426 1206 436 1233; x_wconf 74' lang='grc' dir='ltr'>ε</span> <span class='ocrx_word' id='word_1_112' title='bbox 466 1198 610 1233; x_wconf 88' lang='lat' dir='ltr'>tamen</span> <span class='ocrx_word' id='word_1_113' title='bbox 638 1186 813 1246; x_wconf 82' lang='lat' dir='ltr'>angelus</span> <span class='ocrx_word' id='word_1_114' title='bbox 832 1187 1033 1250; x_wconf 76' lang='lat' dir='ltr'>peccavit</span> <span class='ocrx_word' id='word_1_115' title='bbox 1051 1225 1061 1244; x_wconf 88' lang='lat'>,</span> <span class='ocrx_word' id='word_1_116' title='bbox 1092 1198 1237 1232; x_wconf 80' lang='lat' dir='ltr'>tamen</span> <span class='ocrx_word' id='word_1_117' title='bbox 1262 1187 1398 1233; x_wconf 87' lang='lat' dir='ltr'>homo</span> <span class='ocrx_word' id='word_1_118' title='bbox 1422 1188 1639 1251; x_wconf 84' lang='lat' dir='ltr'>peccavit,</span> <span class='ocrx_word' id='word_1_119' title='bbox 1661 1198 1729 1233; x_wconf 84' lang='lat' dir='ltr'>ta—</span> 
     </span>
     <span class='ocr_line' id='line_1_15' title="bbox 344 1258 1725 1322; baseline -0.002 -16"><span class='ocrx_word' id='word_1_120' title='bbox 344 1278 442 1306; x_wconf 88' lang='lat' dir='ltr'>men</span> <span class='ocrx_word' id='word_1_121' title='bbox 462 1270 616 1305; x_wconf 83' lang='lat' dir='ltr'>natura</span> <span class='ocrx_word' id='word_1_122' title='bbox 635 1259 864 1321; x_wconf 85' lang='lat' dir='ltr'>peccavit;</span> <span class='ocrx_word' id='word_1_123' title='bbox 889 1276 939 1304; x_wconf 84' lang='lat' dir='ltr'>ac</span> <span class='ocrx_word' id='word_1_124' title='bbox 967 1259 1027 1304; x_wconf 86' lang='lat' dir='ltr'>sic</span> <span class='ocrx_word' id='word_1_125' title='bbox 1049 1276 1158 1322; x_wconf 89' lang='lat' dir='ltr'>opus</span> <span class='ocrx_word' id='word_1_126' title='bbox 1178 1258 1284 1313; x_wconf 82' lang='lat' dir='ltr'>Dei,</span> <span class='ocrx_word' id='word_1_127' title='bbox 1314 1259 1432 1322; x_wconf 88' lang='lat' dir='ltr'>quod</span> <span class='ocrx_word' id='word_1_128' title='bbox 1453 1270 1514 1304; x_wconf 90' lang='lat' dir='ltr'>est</span> <span class='ocrx_word' id='word_1_129' title='bbox 1534 1258 1725 1318; x_wconf 82' lang='lat' dir='ltr'>angelus,</span> 
     </span>
     <span class='ocr_line' id='line_1_16' title="bbox 343 1329 1726 1396; baseline -0.001 -20"><span class='ocrx_word' id='word_1_130' title='bbox 343 1331 463 1396; x_wconf 86' lang='lat' dir='ltr'>quod</span> <span class='ocrx_word' id='word_1_131' title='bbox 482 1330 712 1384; x_wconf 84' lang='lat' dir='ltr'>esthomo,</span> <span class='ocrx_word' id='word_1_132' title='bbox 733 1347 822 1374; x_wconf 88' lang='lat' dir='ltr'>non</span> <span class='ocrx_word' id='word_1_133' title='bbox 844 1340 1023 1389; x_wconf 79' lang='lat' dir='ltr'>cogente</span> <span class='ocrx_word' id='word_1_134' title='bbox 1047 1331 1155 1385; x_wconf 86' lang='lat' dir='ltr'>Deo,</span> <span class='ocrx_word' id='word_1_135' title='bbox 1175 1329 1246 1374; x_wconf 89' lang='lat' dir='ltr'>sed</span> <span class='ocrx_word' id='word_1_136' title='bbox 1266 1346 1338 1375; x_wconf 92' lang='lat' dir='ltr'>sua</span> <span class='ocrx_word' id='word_1_137' title='bbox 1360 1330 1471 1375; x_wconf 78' lang='lat' dir='ltr'>mala</span> <span class='ocrx_word' id='word_1_138' title='bbox 1485 1330 1726 1384; x_wconf 86' lang='lat' dir='ltr'>voluntate,</span> 
     </span>
     <span class='ocr_line' id='line_1_17' title="bbox 344 1401 1731 1468; baseline -0.003 -19"><span class='ocrx_word' id='word_1_139' title='bbox 344 1421 475 1468; x_wconf 84' lang='lat' dir='ltr'>quain</span> <span class='ocrx_word' id='word_1_140' title='bbox 502 1401 647 1466; x_wconf 84' lang='lat' dir='ltr'>potuit</span> <span class='ocrx_word' id='word_1_141' title='bbox 671 1411 711 1445; x_wconf 88' lang='lat' dir='ltr'>et</span> <span class='ocrx_word' id='word_1_142' title='bbox 746 1418 832 1445; x_wconf 86' lang='lat' dir='ltr'>non</span> <span class='ocrx_word' id='word_1_143' title='bbox 861 1401 1052 1457; x_wconf 86' lang='lat' dir='ltr'>habere,</span> <span class='ocrx_word' id='word_1_144' title='bbox 1086 1401 1303 1464; x_wconf 74' lang='lat' dir='ltr'>peccavit.</span> <span class='ocrx_word' id='word_1_145' title='bbox 1345 1401 1414 1447; x_wconf 79' lang='lat' dir='ltr'>llli</span> <span class='ocrx_word' id='word_1_146' title='bbox 1438 1418 1539 1460; x_wconf 86' lang='lat' dir='ltr'>ergo</span> <span class='ocrx_word' id='word_1_147' title='bbox 1564 1411 1731 1446; x_wconf 75' lang='lat' dir='ltr'>naturae</span> 
     </span>
     <span class='ocr_line' id='line_1_18' title="bbox 343 1471 1732 1536; baseline -0.004 -15"><span class='ocrx_word' id='word_1_148' title='bbox 343 1473 581 1536; x_wconf 85' lang='lat' dir='ltr'>ignominia</span> <span class='ocrx_word' id='word_1_149' title='bbox 600 1510 610 1529; x_wconf 88' lang='lat'>,</span> <span class='ocrx_word' id='word_1_150' title='bbox 639 1488 740 1535; x_wconf 81' lang='lat' dir='ltr'>quae</span> <span class='ocrx_word' id='word_1_151' title='bbox 765 1489 867 1517; x_wconf 88' lang='lat' dir='ltr'>cum</span> <span class='ocrx_word' id='word_1_152' title='bbox 894 1472 1008 1517; x_wconf 85' lang='lat' dir='ltr'>bene</span> <span class='ocrx_word' id='word_1_153' title='bbox 1034 1471 1149 1517; x_wconf 86' lang='lat' dir='ltr'>facta</span> <span class='ocrx_word' id='word_1_154' title='bbox 1172 1482 1280 1516; x_wconf 87' lang='lat' dir='ltr'>esset</span> <span class='ocrx_word' id='word_1_155' title='bbox 1299 1508 1309 1527; x_wconf 85' lang='lat'>,</span> <span class='ocrx_word' id='word_1_156' title='bbox 1336 1483 1377 1517; x_wconf 88' lang='lat' dir='ltr'>et</span> <span class='ocrx_word' id='word_1_157' title='bbox 1404 1471 1566 1517; x_wconf 85' lang='lat' dir='ltr'>malum</span> <span class='ocrx_word' id='word_1_158' title='bbox 1593 1472 1732 1518; x_wconf 84' lang='lat' dir='ltr'>facere</span> 
     </span>
     <span class='ocr_line' id='line_1_19' title="bbox 344 1542 1728 1603; baseline -0.004 -11"><span class='ocrx_word' id='word_1_159' title='bbox 344 1556 495 1592; x_wconf 80' lang='lat' dir='ltr'>coacta</span> <span class='ocrx_word' id='word_1_160' title='bbox 512 1561 600 1590; x_wconf 91' lang='lat' dir='ltr'>non</span> <span class='ocrx_word' id='word_1_161' title='bbox 626 1553 750 1597; x_wconf 89' lang='lat' dir='ltr'>esset,</span> <span class='ocrx_word' id='word_1_162' title='bbox 779 1552 925 1588; x_wconf 81' lang='lat' dir='ltr'>tamen</span> <span class='ocrx_word' id='word_1_163' title='bbox 951 1542 1116 1588; x_wconf 86' lang='lat' dir='ltr'>malum</span> <span class='ocrx_word' id='word_1_164' title='bbox 1135 1542 1270 1589; x_wconf 84' lang='lat' dir='ltr'>fecit:</span> <span class='ocrx_word' id='word_1_165' title='bbox 1295 1543 1384 1588; x_wconf 90' lang='lat' dir='ltr'>Deo</span> <span class='ocrx_word' id='word_1_166' title='bbox 1407 1553 1549 1588; x_wconf 90' lang='lat' dir='ltr'>autem</span> <span class='ocrx_word' id='word_1_167' title='bbox 1574 1542 1728 1603; x_wconf 76' lang='lat' dir='ltr'>gloria,</span> 
     </span>
     <span class='ocr_line' id='line_1_20' title="bbox 347 1612 1731 1680; baseline -0.004 -18"><span class='ocrx_word' id='word_1_168' title='bbox 347 1618 425 1680; x_wconf 87' lang='lat' dir='ltr'>qui</span> <span class='ocrx_word' id='word_1_169' title='bbox 445 1624 486 1661; x_wconf 85' lang='lat' dir='ltr'>et</span> <span class='ocrx_word' id='word_1_170' title='bbox 506 1625 708 1660; x_wconf 85' lang='lat' dir='ltr'>naturam</span> <span class='ocrx_word' id='word_1_171' title='bbox 733 1612 896 1658; x_wconf 83' lang='lat' dir='ltr'>bonam</span> <span class='ocrx_word' id='word_1_172' title='bbox 922 1613 1042 1671; x_wconf 83' lang='lat' dir='ltr'>feeit,</span> <span class='ocrx_word' id='word_1_173' title='bbox 1069 1624 1112 1659; x_wconf 83' lang='lat' dir='ltr'>et</span> <span class='ocrx_word' id='word_1_174' title='bbox 1135 1612 1187 1659; x_wconf 89' lang='lat' dir='ltr'>de</span> <span class='ocrx_word' id='word_1_175' title='bbox 1212 1613 1325 1659; x_wconf 86' lang='lat' dir='ltr'>malo</span> <span class='ocrx_word' id='word_1_176' title='bbox 1341 1614 1451 1659; x_wconf 82' lang='lat' dir='ltr'>bene</span> <span class='ocrx_word' id='word_1_177' title='bbox 1466 1613 1588 1669; x_wconf 84' lang='lat' dir='ltr'>facit,</span> <span class='ocrx_word' id='word_1_178' title='bbox 1611 1612 1731 1677; x_wconf 87' lang='lat' dir='ltr'>quod</span> 
     </span>
     <span class='ocr_line' id='line_1_21' title="bbox 346 1685 692 1751; baseline -0.006 -18"><span class='ocrx_word' id='word_1_179' title='bbox 346 1688 438 1751; x_wconf 90' lang='lat' dir='ltr'>ipse</span> <span class='ocrx_word' id='word_1_180' title='bbox 463 1703 552 1733; x_wconf 90' lang='lat' dir='ltr'>non</span> <span class='ocrx_word' id='word_1_181' title='bbox 574 1685 692 1731; x_wconf 85' lang='lat' dir='ltr'>secit.</span> 
     </span>
    </p>

    <p class='ocr_par' dir='ltr' id='par_1_3' title="bbox 344 1755 1735 2677">
     <span class='ocr_line' id='line_1_22' title="bbox 415 1755 1732 1819; baseline -0.002 -16"><span class='ocrx_word' id='word_1_182' title='bbox 415 1759 531 1805; x_wconf 88' lang='lat' dir='ltr'>Cum</span> <span class='ocrx_word' id='word_1_183' title='bbox 556 1756 688 1816; x_wconf 89' lang='lat' dir='ltr'>igitur</span> <span class='ocrx_word' id='word_1_184' title='bbox 724 1755 793 1801; x_wconf 84' lang='lat' dir='ltr'>his</span> <span class='ocrx_word' id='word_1_185' title='bbox 828 1766 957 1819; x_wconf 87' lang='lat' dir='ltr'>atque</span> <span class='ocrx_word' id='word_1_186' title='bbox 986 1755 1241 1815; x_wconf 82' lang='lat' dir='ltr'>hujusmodi</span> <span class='ocrx_word' id='word_1_187' title='bbox 1275 1755 1384 1801; x_wconf 72' lang='lat' dir='ltr'>veris</span> <span class='ocrx_word' id='word_1_188' title='bbox 1418 1755 1732 1818; x_wconf 76' lang='lat' dir='ltr'>catholicisque</span> 
     </span>
     <span class='ocr_line' id='line_1_23' title="bbox 349 1825 1727 1890; baseline -0.004 -14"><span class='ocrx_word' id='word_1_189' title='bbox 349 1828 611 1883; x_wconf 82' lang='lat' dir='ltr'>rationibus,</span> <span class='ocrx_word' id='word_1_190' title='bbox 634 1837 673 1871; x_wconf 90' lang='lat' dir='ltr'>et</span> <span class='ocrx_word' id='word_1_191' title='bbox 693 1825 868 1872; x_wconf 75' lang='lat' dir='ltr'>defendi</span> <span class='ocrx_word' id='word_1_192' title='bbox 894 1837 934 1872; x_wconf 86' lang='lat' dir='ltr'>et</span> <span class='ocrx_word' id='word_1_193' title='bbox 954 1826 1187 1890; x_wconf 81' lang='lat' dir='ltr'>praedicari</span> <span class='ocrx_word' id='word_1_194' title='bbox 1206 1830 1360 1872; x_wconf 80' lang='lat' dir='ltr'>natura</span> <span class='ocrx_word' id='word_1_195' title='bbox 1377 1827 1511 1889; x_wconf 84' lang='lat' dir='ltr'>possit</span> <span class='ocrx_word' id='word_1_196' title='bbox 1529 1827 1727 1881; x_wconf 79' lang='lat' dir='ltr'>creatrix,</span> 
     </span>
     <span class='ocr_line' id='line_1_24' title="bbox 349 1897 1728 1961; baseline -0.004 -14"><span class='ocrx_word' id='word_1_197' title='bbox 349 1912 390 1948; x_wconf 88' lang='lat' dir='ltr'>et</span> <span class='ocrx_word' id='word_1_198' title='bbox 415 1899 536 1961; x_wconf 87' lang='lat' dir='ltr'>argui</span> <span class='ocrx_word' id='word_1_199' title='bbox 561 1897 912 1961; x_wconf 83' lang='lat' dir='ltr'>reprehendique</span> <span class='ocrx_word' id='word_1_200' title='bbox 935 1898 1177 1961; x_wconf 78' lang='lat' dir='ltr'>peccatrix3</span> <span class='ocrx_word' id='word_1_201' title='bbox 1207 1908 1338 1961; x_wconf 85' lang='lat' dir='ltr'>atque</span> <span class='ocrx_word' id='word_1_202' title='bbox 1366 1897 1459 1960; x_wconf 90' lang='lat' dir='ltr'>ipsa</span> <span class='ocrx_word' id='word_1_203' title='bbox 1482 1898 1699 1961; x_wconf 75' lang='lat' dir='ltr'>peccatrix</span> <span class='ocrx_word' id='word_1_204' title='bbox 1718 1934 1728 1953; x_wconf 85' lang='lat'>,</span> 
     </span>
     <span class='ocr_line' id='line_1_25' title="bbox 350 1966 1734 2034; baseline -0.004 -14"><span class='ocrx_word' id='word_1_205' title='bbox 350 1985 392 2020; x_wconf 87' lang='lat' dir='ltr'>et</span> <span class='ocrx_word' id='word_1_206' title='bbox 410 1972 579 2020; x_wconf 86' lang='lat' dir='ltr'>laudari</span> <span class='ocrx_word' id='word_1_207' title='bbox 597 1972 642 2016; x_wconf 85' lang='lat' dir='ltr'>in</span> <span class='ocrx_word' id='word_1_208' title='bbox 661 1982 876 2034; x_wconf 86' lang='lat' dir='ltr'>quantum</span> <span class='ocrx_word' id='word_1_209' title='bbox 900 1988 994 2016; x_wconf 79' lang='lat' dir='ltr'>eain</span> <span class='ocrx_word' id='word_1_210' title='bbox 1017 1972 1134 2017; x_wconf 85' lang='lat' dir='ltr'>Deus</span> <span class='ocrx_word' id='word_1_211' title='bbox 1146 1971 1266 2027; x_wconf 78' lang='lat' dir='ltr'>fecit,</span> <span class='ocrx_word' id='word_1_212' title='bbox 1291 1981 1332 2016; x_wconf 87' lang='lat' dir='ltr'>et</span> <span class='ocrx_word' id='word_1_213' title='bbox 1350 1970 1519 2033; x_wconf 84' lang='lat' dir='ltr'>culpari</span> <span class='ocrx_word' id='word_1_214' title='bbox 1537 1970 1582 2016; x_wconf 87' lang='lat' dir='ltr'>in</span> <span class='ocrx_word' id='word_1_215' title='bbox 1598 1966 1734 2034; x_wconf 85' lang='lat' dir='ltr'>quan-</span> 
     </span>
     <span class='ocr_line' id='line_1_26' title="bbox 352 2041 1731 2104; baseline -0.004 -12"><span class='ocrx_word' id='word_1_216' title='bbox 352 2057 447 2092; x_wconf 77' lang='lat' dir='ltr'>tuni</span> <span class='ocrx_word' id='word_1_217' title='bbox 473 2045 527 2091; x_wconf 92' lang='lat' dir='ltr'>ab</span> <span class='ocrx_word' id='word_1_218' title='bbox 552 2042 627 2088; x_wconf 91' lang='lat' dir='ltr'>illo</span> <span class='ocrx_word' id='word_1_219' title='bbox 647 2079 657 2097; x_wconf 97' lang='lat'>,</span> <span class='ocrx_word' id='word_1_220' title='bbox 682 2041 802 2087; x_wconf 83' lang='lat' dir='ltr'>nullo</span> <span class='ocrx_word' id='word_1_221' title='bbox 829 2053 1025 2102; x_wconf 79' lang='lat' dir='ltr'>cogente,</span> <span class='ocrx_word' id='word_1_222' title='bbox 1057 2041 1231 2098; x_wconf 74' lang='lat' dir='ltr'>defecit,</span> <span class='ocrx_word' id='word_1_223' title='bbox 1253 2052 1293 2087; x_wconf 90' lang='lat' dir='ltr'>et</span> <span class='ocrx_word' id='word_1_224' title='bbox 1328 2041 1373 2087; x_wconf 89' lang='lat' dir='ltr'>in</span> <span class='ocrx_word' id='word_1_225' title='bbox 1396 2041 1579 2104; x_wconf 87' lang='lat' dir='ltr'>posteris</span> <span class='ocrx_word' id='word_1_226' title='bbox 1599 2041 1731 2086; x_wconf 86' lang='lat' dir='ltr'>meri-</span> 
     </span>
     <span class='ocr_line' id='line_1_27' title="bbox 348 2110 1734 2176; baseline -0.005 -14"><span class='ocrx_word' id='word_1_227' title='bbox 348 2128 441 2162; x_wconf 88' lang='lat' dir='ltr'>tum</span> <span class='ocrx_word' id='word_1_228' title='bbox 467 2132 592 2160; x_wconf 85' lang='lat' dir='ltr'>suum</span> <span class='ocrx_word' id='word_1_229' title='bbox 609 2112 772 2175; x_wconf 80' lang='lat' dir='ltr'>recepit</span> <span class='ocrx_word' id='word_1_230' title='bbox 794 2130 804 2157; x_wconf 90' lang='lat'>:</span> <span class='ocrx_word' id='word_1_231' title='bbox 839 2110 1018 2174; x_wconf 84' lang='lat' dir='ltr'>(eadem</span> <span class='ocrx_word' id='word_1_232' title='bbox 1046 2113 1213 2176; x_wconf 83' lang='lat' dir='ltr'>quippe</span> <span class='ocrx_word' id='word_1_233' title='bbox 1231 2114 1324 2176; x_wconf 84' lang='lat' dir='ltr'>ipsa</span> <span class='ocrx_word' id='word_1_234' title='bbox 1348 2123 1500 2158; x_wconf 84' lang='lat' dir='ltr'>natura</span> <span class='ocrx_word' id='word_1_235' title='bbox 1517 2112 1563 2157; x_wconf 83' lang='lat' dir='ltr'>in</span> <span class='ocrx_word' id='word_1_236' title='bbox 1583 2112 1734 2170; x_wconf 88' lang='lat' dir='ltr'>singu-</span> 
     </span>
     <span class='ocr_line' id='line_1_28' title="bbox 344 2182 1735 2251; baseline -0.006 -16"><span class='ocrx_word' id='word_1_237' title='bbox 344 2186 397 2235; x_wconf 89' lang='lat' dir='ltr'>lis</span> <span class='ocrx_word' id='word_1_238' title='bbox 407 2186 656 2251; x_wconf 83' lang='lat' dir='ltr'>quibusque</span> <span class='ocrx_word' id='word_1_239' title='bbox 674 2183 762 2228; x_wconf 87' lang='lat' dir='ltr'>sine</span> <span class='ocrx_word' id='word_1_240' title='bbox 776 2182 1221 2240; x_wconf 83' lang='lat' dir='ltr'>voluntatenascitur,</span> <span class='ocrx_word' id='word_1_241' title='bbox 1238 2183 1394 2246; x_wconf 72' lang='lat' dir='ltr'>qua-:in</span> <span class='ocrx_word' id='word_1_242' title='bbox 1418 2199 1502 2228; x_wconf 92' lang='lat' dir='ltr'>uno</span> <span class='ocrx_word' id='word_1_243' title='bbox 1513 2182 1735 2228; x_wconf 76' lang='lat' dir='ltr'>voluntate</span> 
     </span>
     <span class='ocr_line' id='line_1_29' title="bbox 347 2254 1734 2324; baseline -0.005 -19"><span class='ocrx_word' id='word_1_244' title='bbox 347 2257 576 2324; x_wconf 84' lang='lat' dir='ltr'>peccavit:</span> <span class='ocrx_word' id='word_1_245' title='bbox 597 2257 609 2317; x_wconf 82' lang='lat'><em>)</em></span> <span class='ocrx_word' id='word_1_246' title='bbox 641 2255 737 2318; x_wconf 87' lang='lat' dir='ltr'>quis</span> <span class='ocrx_word' id='word_1_247' title='bbox 755 2264 796 2299; x_wconf 90' lang='lat' dir='ltr'>te</span> <span class='ocrx_word' id='word_1_248' title='bbox 823 2255 1124 2319; x_wconf 80' lang='lat' dir='ltr'>praecipitavit</span> <span class='ocrx_word' id='word_1_249' title='bbox 1150 2266 1196 2300; x_wconf 87' lang='lat' dir='ltr'>ut</span> <span class='ocrx_word' id='word_1_250' title='bbox 1218 2254 1401 2310; x_wconf 86' lang='lat' dir='ltr'>diceres,</span> <span class='ocrx_word' id='word_1_251' title='bbox 1424 2254 1521 2317; x_wconf 88' lang='lat' dir='ltr'>quis</span> <span class='ocrx_word' id='word_1_252' title='bbox 1540 2254 1734 2324; x_wconf 61' lang='lat' dir='ltr'>subincr-</span> 
     </span>
     <span class='ocr_line' id='line_1_30' title="bbox 348 2326 1734 2389; baseline -0.004 -12"><span class='ocrx_word' id='word_1_253' title='bbox 348 2332 403 2377; x_wconf 91' lang='lat' dir='ltr'>sit</span> <span class='ocrx_word' id='word_1_254' title='bbox 424 2340 472 2375; x_wconf 84' lang='lat' dir='ltr'>ut</span> <span class='ocrx_word' id='word_1_255' title='bbox 496 2327 705 2374; x_wconf 79' lang='lat' dir='ltr'>scriberes</span> <span class='ocrx_word' id='word_1_256' title='bbox 726 2363 737 2382; x_wconf 99' lang='lat'>,</span> <span class='ocrx_word' id='word_1_257' title='bbox 765 2346 785 2366; x_wconf 85' lang='lat'>«</span> <span class='ocrx_word' id='word_1_258' title='bbox 810 2326 1034 2372; x_wconf 70' lang='lat' dir='ltr'>Si&#39;natura</span> <span class='ocrx_word' id='word_1_259' title='bbox 1060 2344 1170 2389; x_wconf 91' lang='lat' dir='ltr'>opus</span> <span class='ocrx_word' id='word_1_260' title='bbox 1192 2337 1252 2372; x_wconf 83' lang='lat' dir='ltr'>est</span> <span class='ocrx_word' id='word_1_261' title='bbox 1284 2326 1357 2372; x_wconf 79' lang='lat' dir='ltr'>Uei</span> <span class='ocrx_word' id='word_1_262' title='bbox 1378 2363 1388 2383; x_wconf 89' lang='lat'>,</span> <span class='ocrx_word' id='word_1_263' title='bbox 1417 2344 1496 2389; x_wconf 88' lang='lat' dir='ltr'>per</span> <span class='ocrx_word' id='word_1_264' title='bbox 1522 2342 1632 2389; x_wconf 82' lang='lat' dir='ltr'>opus</span> <span class='ocrx_word' id='word_1_265' title='bbox 1656 2326 1734 2371; x_wconf 87' lang='lat' dir='ltr'>Dei</span> 
     </span>
     <span class='ocr_line' id='line_1_31' title="bbox 346 2397 1735 2466; baseline -0.004 -18"><span class='ocrx_word' id='word_1_266' title='bbox 346 2419 457 2466; x_wconf 84' lang='lat' dir='ltr'>opus</span> <span class='ocrx_word' id='word_1_267' title='bbox 470 2397 636 2446; x_wconf 87' lang='lat' dir='ltr'>diaboli</span> <span class='ocrx_word' id='word_1_268' title='bbox 654 2397 830 2442; x_wconf 86' lang='lat' dir='ltr'>transire</span> <span class='ocrx_word' id='word_1_269' title='bbox 840 2415 927 2443; x_wconf 87' lang='lat' dir='ltr'>non</span> <span class='ocrx_word' id='word_1_270' title='bbox 939 2398 1142 2444; x_wconf 68' lang='lat' dir='ltr'>siniturP»</span> <span class='ocrx_word' id='word_1_271' title='bbox 1160 2399 1199 2444; x_wconf 90' lang='lat' dir='ltr'>O</span> <span class='ocrx_word' id='word_1_272' title='bbox 1211 2397 1339 2443; x_wconf 82' lang='lat' dir='ltr'>surde</span> <span class='ocrx_word' id='word_1_273' title='bbox 1357 2398 1401 2443; x_wconf 88' lang='lat' dir='ltr'>in</span> <span class='ocrx_word' id='word_1_274' title='bbox 1414 2397 1596 2444; x_wconf 87' lang='lat' dir='ltr'>vocibus</span> <span class='ocrx_word' id='word_1_275' title='bbox 1614 2414 1735 2442; x_wconf 86' lang='lat' dir='ltr'>sanc-</span> 
     </span>
     <span class='ocr_line' id='line_1_32' title="bbox 351 2469 1735 2533; baseline -0.004 -13"><span class='ocrx_word' id='word_1_276' title='bbox 351 2475 427 2520; x_wconf 80' lang='lat' dir='ltr'>tis!</span> <span class='ocrx_word' id='word_1_277' title='bbox 455 2490 478 2518; x_wconf 90' lang='lat' dir='ltr'>o</span> <span class='ocrx_word' id='word_1_278' title='bbox 502 2487 616 2517; x_wconf 73' lang='lat' dir='ltr'>eaece</span> <span class='ocrx_word' id='word_1_279' title='bbox 637 2470 682 2514; x_wconf 90' lang='lat' dir='ltr'>in</span> <span class='ocrx_word' id='word_1_280' title='bbox 704 2469 1027 2516; x_wconf 83' lang='lat' dir='ltr'>inventionibus</span> <span class='ocrx_word' id='word_1_281' title='bbox 1060 2470 1165 2516; x_wconf 61' lang='lat' dir='ltr'>tuis?</span> <span class='ocrx_word' id='word_1_282' title='bbox 1201 2470 1354 2515; x_wconf 84' lang='lat' dir='ltr'>Nonne</span> <span class='ocrx_word' id='word_1_283' title='bbox 1377 2481 1603 2533; x_wconf 82' lang='lat' dir='ltr'>peccatum</span> <span class='ocrx_word' id='word_1_284' title='bbox 1626 2486 1735 2531; x_wconf 86' lang='lat' dir='ltr'>opus</span> 
     </span>
     <span class='ocr_line' id='line_1_33' title="bbox 347 2539 1735 2603; baseline -0.006 -11"><span class='ocrx_word' id='word_1_285' title='bbox 347 2556 410 2592; x_wconf 88' lang='lat' dir='ltr'>est</span> <span class='ocrx_word' id='word_1_286' title='bbox 435 2540 635 2590; x_wconf 68' lang='lat' dir='ltr'>diaboli?</span> <span class='ocrx_word' id='word_1_287' title='bbox 674 2540 828 2586; x_wconf 85' lang='lat' dir='ltr'>Nonne</span> <span class='ocrx_word' id='word_1_288' title='bbox 859 2541 904 2586; x_wconf 90' lang='lat' dir='ltr'>in</span> <span class='ocrx_word' id='word_1_289' title='bbox 939 2558 1086 2587; x_wconf 87' lang='lat' dir='ltr'>omnes</span> <span class='ocrx_word' id='word_1_290' title='bbox 1116 2541 1314 2586; x_wconf 83' lang='lat' dir='ltr'>homines</span> <span class='ocrx_word' id='word_1_291' title='bbox 1357 2539 1633 2603; x_wconf 87' lang='lat' dir='ltr'>pertransiit,</span> <span class='ocrx_word' id='word_1_292' title='bbox 1659 2539 1735 2602; x_wconf 85' lang='lat' dir='ltr'>qui</span> 
     </span>
     <span class='ocr_line' id='line_1_34' title="bbox 345 2610 1730 2677; baseline -0.006 -13"><span class='ocrx_word' id='word_1_293' title='bbox 345 2625 447 2664; x_wconf 88' lang='lat' dir='ltr'>sunt</span> <span class='ocrx_word' id='word_1_294' title='bbox 466 2629 577 2677; x_wconf 87' lang='lat' dir='ltr'>opus</span> <span class='ocrx_word' id='word_1_295' title='bbox 601 2610 712 2657; x_wconf 60' lang='lat' dir='ltr'>Dei?</span> <span class='ocrx_word' id='word_1_296' title='bbox 736 2611 890 2657; x_wconf 87' lang='lat' dir='ltr'>Nonne</span> <span class='ocrx_word' id='word_1_297' title='bbox 913 2629 992 2675; x_wconf 85' lang='lat' dir='ltr'>per</span> <span class='ocrx_word' id='word_1_298' title='bbox 1003 2622 1236 2675; x_wconf 85' lang='lat' dir='ltr'>peccatum</span> <span class='ocrx_word' id='word_1_299' title='bbox 1263 2629 1392 2659; x_wconf 81' lang='lat' dir='ltr'>mors.</span> <span class='ocrx_word' id='word_1_300' title='bbox 1413 2629 1460 2658; x_wconf 87' lang='lat' dir='ltr'>ea</span> <span class='ocrx_word' id='word_1_301' title='bbox 1485 2610 1730 2675; x_wconf 75' lang='lat' dir='ltr'>preesertiin</span> 
     </span>
    </p>
   </div>
  </div>
 </body>
</html>
