1824 3236
188 260 349 291 opums
385 257 646 291 lMPERFEcrt
683 257 860 288 CONTRA
894 258 1139 299 summum,
1179 259 1266 290 Llss.
1308 261 1350 290 v.
1425 243 1516 300 343

142 325 218 388 qui
251 324 447 371 venirent
475 323 522 370 in
545 323 702 369 vestitu
739 323 912 379 ovium,
957 323 1213 369 intrinsecus
1247 335 1389 370 autem
1424 324 1520 388 lupi

141 406 278 442 essent
294 412 472 459 rapaces
487 431 498 451 ,
526 415 546 435 «
563 395 623 439 Ex
638 392 857 440 fructibus
875 431 885 449 ‚
910 394 1079 456 inquit.
1107 411 1255 441 eorum
1283 413 1520 456 cognosce-

142 487 163 510 »
184 467 238 513 tis
255 484 325 513 eos
342 504 354 524 ‚
382 465 609 529 Numquid
633 464 844 525 colligunt
863 465 917 511 de
939 465 1074 528 spinis
1101 483 1230 522 uvas,
1261 477 1335 512 aut
1359 466 1412 512 de
1438 466 1520 512 tri-

144 558 165 579 »
183 537 301 585 bulis
323 537 466 583 ficus?
496 536 570 582 Sic
593 535 733 588 omnis
757 535 890 581 arbor
909 536 1024 582 bona
1046 535 1215 581 fruetus
1233 536 1373 582 bonos
1395 537 1517 590 facit,

143 630 164 650 >›
184 607 298 657 mala
318 617 461 654 autem
477 606 609 655 arbor
624 605 792 652 fructus
815 606 949 652 malos
967 605 1084 652 facit.
1113 607 1145 650 Β
1154 623 1209 651 on
1230 617 1372 669 potest
1392 608 1523 652 arbor

141 678 296 737 »bona
325 676 492 728 fructus
523 676 659 723 malos
687 676 852 732 facere,
883 694 1023 740 neque
1058 677 1189 721 arbor
1212 677 1326 724 mala
1350 677 1520 723 fructus

142 768 163 792 a
181 749 322 807 bonos
339 748 479 795 facere
495 747 528 795 1.
554 769 575 790 »
596 750 653 794 Et
677 748 919 795 secundum
939 750 1127 802 Lucam,
1152 764 1253 792 cum
1272 748 1522 810 hypocritae

142 829 425 879 arguerentur
444 856 455 874 ‚
494 818 594 864 duae
616 818 710 865 istae
736 819 911 869 arbores
945 828 1297 864 commemoratae
1321 828 1447 873 sunt,
1480 828 1523 863 et

140 907 238 936 mox
269 889 490 936 evidenter
520 891 724 952 expositae
755 891 1043 954 subsequente
1076 888 1264 934 Domino
1297 899 1426 951 atque
1448 888 1522 934 di-

141 971 292 1009 cente:
317 981 337 1002 «
353 960 502 1014 Bonus
521 960 654 1007 homo
682 961 736 1007 de
759 962 878 1009 bono
911 961 1117 1006 thesauro
1142 959 1285 1005 cordis
1316 960 1381 1005 sui
1412 976 1518 1022 pro-

140 1031 256 1079 »fert
287 1031 456 1078 bonum
476 1068 487 1086 ‚
520 1041 562 1077 et
597 1031 736 1078 malus
761 1032 895 1078 homo
916 1032 969 1078 de
992 1030 1107 1076 malo
1129 1030 1297 1093 profert
1330 1030 1521 1088 malum;

141 1119 225 1148 »ex
259 1100 530 1149 abundantia
553 1102 668 1148 enim
697 1102 841 1149 cordis
865 1120 911 1148 os
938 1101 1177 1165 loquitur2.
1206 1122 1226 1142 »
1253 1101 1340 1146 Ubi
1378 1111 1524 1146 autem

142 1173 225 1229 ait,
247 1194 267 1214 «
282 1174 371 1223 Aut
391 1171 522 1226 facite
546 1174 743 1220 arborem
769 1175 931 1220 bonam
949 1184 990 1218 et
1009 1172 1202 1219 fructum
1217 1175 1308 1231 ejus
1323 1172 1489 1217 bonum
1508 1208 1519 1227 ‚

141 1265 162 1286 >³
187 1254 263 1290 aut
280 1242 410 1293 facite
435 1244 636 1290 arborem
664 1246 824 1291 malam
855 1256 896 1291 et
919 1244 1113 1290 fructum
1140 1248 1232 1303 eJ'us
1251 1242 1414 1288 malum
1430 1243 1446 1271 ³
1467 1279 1477 1299 ‚
1500 1265 1521 1285 »

141 1314 294 1378 (quod
314 1326 364 1362 tu
387 1332 486 1371 eum
510 1315 564 1361 de
588 1333 630 1361 se
652 1316 748 1379 ipso
776 1316 928 1361 dixisse
949 1314 1140 1378 opinaris
1160 1315 1204 1376 3)
1223 1313 1338 1359 unde
1368 1313 1524 1359 dixerit

140 1403 238 1432 mox
260 1385 454 1450 aperiens
481 1403 493 1431 :
527 1407 547 1426 c<
565 1386 610 1432 Si
629 1386 805 1450 quidem
825 1403 873 1432 ex
894 1385 1056 1440 fructu,
1080 1384 1240 1448 inquit,
1261 1384 1391 1430 arbor
1411 1401 1519 1443 cog-

140 1478 161 1500 »
181 1457 388 1505 noscitur.
417 1458 647 1517 Progenies
669 1458 939 1521 viperarum,
963 1455 1186 1519 quomodo
1203 1455 1384 1532 potestis
1403 1455 1520 1500 bona

140 1549 161 1570 >
185 1526 333 1591 loqui,
370 1544 471 1573 eum
496 1527 586 1573 sitis
622 1528 756 1574 mali?
788 1529 846 1572 Ex
870 1526 1143 1573 abundantia
1166 1526 1282 1570 enim
1306 1525 1450 1571 cordis
1471 1541 1517 1570 os

141 1596 403 1661 »loquiturz
429 1597 573 1644 bonus
594 1598 731 1644 homo
752 1598 806 1644 de
824 1598 943 1642 bono
967 1597 1169 1642 thesamo
1193 1595 1360 1658 plofert
1376 1596 1518 1651 bona,

142 1678 221 1713 »et
246 1666 383 1713 malus
410 1668 546 1713 bomo
571 1668 626 1715 de
649 1668 764 1715 malo
790 1668 994 1714 thesauro
1019 1666 1188 1730 profert
1214 1665 1378 1711 malae
1398 1687 1418 1708 >2
1443 1667 1524 1712 Vi-

141 1739 296 1787 des-ne
316 1749 356 1785 te
375 1738 484 1796 falli,
508 1756 597 1787 non
615 1758 710 1787 me.
700 1744 718 1777 ἶ)
734 1740 847 1786 Redi
865 1757 967 1799 ergo
981 1739 1036 1785 ad
1051 1754 1224 1784 eausam
1243 1737 1384 1800 operis
1398 1737 1520 1793 mali,

141 1822 183 1858 et
201 1811 391 1866 invenies
417 1810 687 1862 voluntatem
711 1812 870 1857 malam
893 1829 904 1856 ι
931 1810 1025 1856 redi
1053 1809 1108 1854 ad
1138 1825 1310 1854 causam
1332 1809 1499 1868 origina
1520 1844 1523 1845 γ

139 1883 192 1929 lis
212 1881 334 1938 mali,
363 1891 406 1927 et
424 1881 616 1930 invenies
636 1883 770 1946 primi
790 1880 981 1928 hominis
995 1880 1263 1928 voluntatem
1283 1879 1458 1933 malam,
1482 1891 1525 1926 et

141 1970 189 2000 ea
211 1952 406 1999 vitiatam
425 1961 628 1997 naturam
652 1953 829 1998 bonam.

205 2022 352 2069 XXII.
379 2022 477 2069 JUL.
522 2042 543 2064 <t
561 2022 724 2069 Verum
748 2022 847 2068 haec
878 2021 1103 2084 loquimur
1120 2058 1130 2074 ,
1168 2031 1216 2066 ut
1244 2020 1349 2066 fidei
1373 2032 1526 2067 vestrae

141 2094 238 2157 quis
261 2093 314 2139 sit
336 2092 434 2139 finis
457 2093 681 2139 ostendam
702 2111 713 2139 z
748 2103 953 2140 caeterum
976 2092 1085 2138 illud
1110 2092 1417 2138 inconcussum
1445 2110 1525 2138 va-

139 2164 225 2220 let,
247 2163 370 2228 quod
393 2163 769 2227 disputationibus
796 2163 1150 2229 praecedentibus
1173 2162 1407 2209 fundatum
1430 2175 1522 2219 est,

140 2252 221 2282 nec
241 2234 486 2298 quidquam
504 2234 670 2288 malum
693 2252 801 2289 esse,
831 2245 992 2299 praeter
1015 2250 1126 2297 opus
1151 2233 1386 2279 voluntatis
1405 2234 1524 2297 quod

136 2305 307 2366 justitia
333 2304 543 2367 prohibet
565 2306 886 2370 perpetrantis;
926 2323 1004 2351 nee
1037 2304 1158 2368 quod
1189 2304 1386 2350 naturale
1420 2316 1514 2362 est,

141 2393 267 2441 posse
283 2374 447 2433 malum
473 2375 688 2423 convinci.
722 2378 868 2424 Manet
890 2394 989 2437 ergo
1027 2376 1126 2422 haee
1151 2375 1408 2421 inconeussa
1430 2385 1522 2422 tur-

142 2448 224 2505 riS‚
251 2446 305 2493 de
337 2450 463 2507 cujus
494 2445 611 2494 edito
645 2446 876 2494 latrocinia
910 2447 1179 2494 diversorum
1207 2445 1522 2510 propulsantur

144 2535 355 2569 errorum.
376 2540 396 2561 ))

194 2602 206 2625 ¹
220 2600 342 2635 Matth.
359 2612 418 2643 vu,
441 2603 492 2634 16.
511 2620 554 2627 —
568 2600 584 2624 2
598 2605 676 2637 Luc.
697 2613 746 2645 vx,
760 2604 860 2641 45.-—
879 2600 893 2626 3
911 2599 1025 2636 Matnh.
1049 2613 1113 2644 xix,
1131 2603 1185 2636 33.
1205 2619 1247 2626 —-
1266 2598 1380 2635 ⁴1md.
1394 2609 1426 2636 et
1439 2614 1530 2648 seqq.
