1863 3262
313 257 405 311 204
733 269 767 298 s.
810 267 1055 299 Avensa-lm
1089 268 1293 301 EPIScom

318 336 418 381 ficio
443 333 602 389 animi,
628 351 716 379 non
746 334 887 379 carnis
919 333 1080 379 stetisse
1112 335 1387 397 praejudicio.
1425 336 1496 383 Sic
1516 338 1627 384 enim
1649 349 1691 385 et

314 417 467 451 natura
492 417 579 451 tam
605 405 852 452 conditione
871 408 962 467 ejus
981 422 1113 468 quam
1136 408 1407 470 susceptione
1422 408 1683 466 defenditur,

311 489 352 522 et
370 477 457 522 vita
476 477 707 521 hominum
731 476 943 522 virtutum
974 476 1090 521 illius
1116 477 1355 523 imitatione
1378 478 1593 538 dirigitur.
1631 481 1689 526 De

312 547 380 592 his
401 546 575 592 duobus
595 564 682 592 non
701 558 844 610 potest
871 547 1053 592 alterum
1077 547 1165 591 sine
1192 548 1365 594 alterius
1390 550 1568 595 veritate
1590 551 1689 597 lau-

310 618 337 662 d
344 618 437 662 iri:
462 628 629 662 tantum
656 618 793 663 aderit
817 617 1038 677 dionitatis
1060 617 1177 679 operi
1201 635 1323 664 sacro
1338 631 1583 683 ‚quantum
1605 620 1689 666 hu-

310 688 428 733 1111111
447 689 675 764 colporis
664 689 832 734 affuerit
853 688 1047 740 verititi3
1083 697 1124 731 et
1158 697 1329 734 tantum
1366 689 1504 735 aderit
1535 689 1689 736 defen-

310 758 418 802 sioni
449 758 614 812 camis,
654 769 869 820 quintum
901 757 1103 801 sanctitas
1133 759 1469 804 conversationis
1488 760 1681 819 exegerit.

310 828 454 890 Atque
476 844 498 872 e
524 827 1022 890 reoione‚vituper1tio
1052 827 1180 872 unius
1212 827 1385 890 utrique
1412 830 1686 892 participat:

308 898 515 961 quoniam
546 908 713 943 tantum
739 898 792 943 de
818 898 1055 944 virtutibus
1080 901 1196 957 eJUS‚
1224 909 1436 961 quantum
1473 899 1526 945 cle
1566 910 1691 946 artu-

311 968 395 1012 bus
416 967 661 1022 auferetur;
693 986 742 1014 ac
767 969 799 1013 si
821 969 929 1031 quid
958 969 1010 1014 de
1035 968 1290 1014 substantiae
1320 969 1458 1015 solido
1488 970 1686 1026 radatur,

311 1037 509 1082 universa
527 1055 697 1083 morum
713 1050 962 1084 ornamenta
979 1039 1237 1101 depereunt,
1253 1050 1383 1103 atque
1393 1041 1447 1085 ad
1468 1040 1691 1086 tolerantis

309 1107 512 1168 injuriam
540 1120 773 1154 recurrunt
794 1110 953 1156 damna
979 1112 1191 1155 nascentis
1215 1128 1225 1155 :
1248 1122 1470 1173 postremo
1493 1112 1526 1156 si
1549 1111 1692 1156 carnis

310 1182 401 1238 ejus
442 1180 682 1226 substantia
728 1180 873 1245 aliqua
906 1181 1174 1226 naturalium
1217 1183 1439 1245 ereptione
1466 1192 1687 1236 tenuetur,

310 1250 506 1295 universa
530 1251 745 1297 evanescit
764 1269 930 1315 pompa
952 1253 1178 1299 virtutum.
1215 1252 1339 1298 Nihil
1364 1270 1465 1313 ergo
1491 1253 1537 1298 in
1561 1270 1691 1298 mem-

307 1320 397 1365 bris
425 1321 673 1366 Mediatoris
697 1322 799 1367 facti
823 1340 870 1367 ex
896 1321 1075 1367 muliere
1093 1359 1104 1379 ‚
1127 1323 1246 1386 quod
1270 1323 1467 1368 naturale
1492 1333 1688 1379 constat,

307 1391 490 1450 negabo.
520 1393 574 1437 Et
595 1392 693 1438 vide
711 1409 843 1455 quam
868 1393 1024 1438 diversi
1045 1393 1129 1438 sint·
1147 1394 1324 1438 rationis
1343 1394 1537 1448 termini,
1553 1409 1688 1456 quam

302 1462 486 1524 pudoris
516 1480 527 1507 :
574 1480 663 1507 non
714 1463 932 1508 erubescit
971 1463 1078 1508 fides
1116 1464 1467 1509 Christianorum
1495 1501 1506 1520 ,
1547 1463 1690 1508 dicere

307 1532 533 1578 Christum
561 1533 766 1579 habuisse
792 1533 996 1593 genitalia
1019 1553 1030 1586 ;
1069 1550 1171 1579 cum
1203 1544 1347 1579 tamen
1381 1551 1428 1579 ea
1462 1533 1507 1579 in
1531 1533 1657 1578 nobis
1674 1569 1686 1589 ,

304 1620 436 1666 quam
462 1604 763 1650 honestissime
786 1622 1016 1668 possumus
1037 1642 1047 1661 ,
1074 1605 1316 1652 oculamus.
1348 1627 1367 1647 »

375 1676 489 1720 Aue.
519 1676 616 1720 Non
640 1675 817 1739 quidem
840 1676 1056 1721 erubescit
1077 1675 1183 1721 fides
1214 1675 1568 1721 Christianorum
1588 1711 1599 1731 ,
1618 1673 1690 1719 di-

306 1761 400 1790 cere
426 1747 651 1792 Christum
676 1747 880 1792 habuisse
899 1747 1102 1807 genitalia
1123 1765 1134 1792 :
1168 1747 1241 1793 sed
1266 1758 1312 1792 tu
1337 1748 1589 1793 erubescere
1610 1746 1690 1791 de—

306 1814 468 1873 buisti,
495 1817 560 1862 vel
589 1818 739 1880 potius
764 1818 1095 1863 contremiscere
1114 1855 1124 1872 ‚
1152 1836 1204 1863 ne
1228 1818 1392 1863 diceres
1423 1817 1590 1862 Christi
1615 1833 1692 1876 ge-

305 1887 456 1932 nitalia
471 1888 722 1952 aliquando,
748 1899 789 1933 et
807 1888 981 1934 nolente
999 1889 1112 1951 ipso,
1130 1889 1238 1952 (non
1256 1889 1369 1934 enim
1389 1889 1476 1933 1100
1496 1904 1691 1951 unquam

303 1957 412 2002 velle
435 1958 653 2004 debuisset
671 1961 746 2022 qui
769 1960 904 2005 Vitam
924 1960 1124 2006 caelibem
1145 1959 1314 2020 duxit,)
1340 1970 1485 2004 tamen
1507 1958 1691 2003 libidine

304 2027 432 2074 fuisse
466 2040 686 2075 commota
710 2067 719 2083 ‚
762 2041 803 2074 et
837 2029 882 2075 in
919 2030 1152 2075 nonnullos
1185 2030 1361 2076 illicitos
1401 2046 1500 2075 usus
1539 2039 1690 2074 contra

305 2101 396 2157 ejus
430 2110 629 2144 sanctum
665 2101 941 2162 propositum
977 2117 1020 2145 se
1058 2100 1177 2145 illam
1210 2110 1378 2162 partem
1425 2100 1561 2144 sancti
1598 2103 1690 2158 erS

306 2169 503 2232 corporis
529 2170 714 2217 erexisse.
751 2170 900 2216 Talem
926 2171 1094 2233 quippe
1119 2170 1347 2216 libidinem
1371 2170 1539 2234 patitur
1560 2170 1689 2216 etiam

306 2256 433 2284 omne
469 2257 601 2299 genus
626 2251 875 2286 sanctorum
893 2278 904 2296 ‚
928 2241 1102 2304 qualem
1134 2241 1293 2286 Sancto
1322 2252 1573 2286 sanctorum
1608 2257 1689 2285 00-

303 2311 418 2356 naris
451 2311 622 2358 inferre.
655 2312 700 2357 Si
738 2329 837 2357 vero
869 2311 1069 2371 genitalia
1096 2311 1260 2357 Christi
1286 2312 1380 2374 ipso
1404 2311 1542 2356 invito
1562 2328 1688 2357 com-

306 2382 466 2427 moveri
493 2392 534 2427 et
567 2382 672 2441 erigi
696 2381 829 2426 solere
863 2380 1048 2426 libidine
1068 2419 1078 2437 ,
1119 2399 1208 2427 11011
1244 2381 1374 2427 audes
1407 2380 1574 2438 dicere3
1610 2397 1689 2426 cur

303 2452 432 2497 audes
457 2452 629 2498 eredere
653 2451 822 2506 infelix,
844 2468 923 2497 cur
950 2451 1080 2497 audes
1105 2452 1234 2497 talem
1260 2451 1489 2497 libidinem
1518 2462 1687 2496 naturae

299 2524 464 2569 Christi
498 2524 714 2581 tribuere,
739 2535 787 2570 ut
816 2523 935 2587 quod
960 2541 1047 2570 non
1078 2523 1210 2570 audes
1235 2524 1378 2571 dicere
1403 2561 1414 2581 ,
1450 2523 1687 2587 compellas

301 2594 501 2642 homines
518 2596 735 2656 cogitare?
