1863 3262
171 311 327 343 OPERIS
364 308 624 341 IMPERFECTI
660 307 835 338 CONTRA
870 307 1116 349 JULiANUM,
1156 310 1244 341 Lm.
1287 308 1354 340 ΙΙΙ.
1433 291 1490 337 25

123 377 214 442 ipsa
257 376 387 423 faciat
418 375 596 440 quando
621 373 754 430 facit,
791 373 837 418 id
879 385 1021 420 autem
1046 375 1239 422 humana
1271 373 1497 421 infirmitas

124 458 274 494 nescut.
1481 499 1484 503 ι

190 518 391 565 XXXIV.
419 522 517 564 ὕοι.
553 538 574 558 «
595 517 754 562 Verum
779 526 828 561 ut
854 532 1085 575 urgeamus
1105 516 1248 562 locum
1269 534 1279 561 ε
1303 514 1502 561 constitit

124 606 281 653 nempe
311 589 566 649 injustitiam
594 589 684 633 Deo
718 587 941 633 adhaerere
982 604 1067 632 non
1112 605 1268 651 posse,
1308 586 1503 631 constitit

125 660 252 706 etiam
278 660 334 705 ab
357 659 452 722 ipso
476 676 562 704 esse
588 659 915 721 praescriptum,
943 674 995 702 ne
1019 657 1167 702 obsint
1202 657 1300 702 filiis
1323 665 1503 719 peccata

125 730 436 790 generantium.
465 732 492 775 A
502 729 653 774 sseruit
675 727 852 792 quidem
868 728 961 790 ipsa
981 727 1278 790 praecipientis
1296 725 1501 785 dignitas,

124 801 332 859 injustum
353 800 397 845 id
423 817 508 844 esse
532 798 649 862 quod
676 798 898 861 prohibet.
931 798 1068 842 Porro
1097 808 1144 842 ut
1163 813 1339 857 agamus
1358 807 1504 840 tecum

124 870 367 926 liberalius,
408 870 698 933 respondendi
724 870 870 914 tribuo
892 868 1139 914 facultatem
1167 868 1220 913 de
1241 867 1309 912 his
1333 865 1505 911 duabus

128 941 429 1005 opinionibus,
451 958 559 1004 quas
583 958 715 1003 supra
740 937 938 985 cominus
960 939 1106 1002 posui,
1131 938 1273 993 idest,
1298 937 1507 998 utimpu·

126 1022 273 1057 tentur
289 1023 468 1075 peccata
486 1026 714 1075 parentum
738 1011 854 1066 filiis,
870 1010 933 1056 Vel
953 1028 1039 1055 non
1062 1011 1354 1073 imputentur,
1373 1022 1507 1071 quam

127 1093 256 1147 putas
280 1083 396 1129 credi
414 1084 626 1144 justitiam
644 1082 660 1112 1
681 1083 872 1128 debere?
899 1082 941 1126 Si
973 1082 1127 1127 dixeris
1163 1091 1279 1125 tuam
1305 1077 1505 1143 quamvis

118 1154 255 1199 etiam
278 1155 431 1200 ultimo
456 1155 686 1200 convenire
703 1153 901 1214 judici03
922 1152 1073 1204 refero,
1099 1162 1245 1197 utrum
1271 1150 1386 1196 illam
1408 1164 1507 1211 quae

129 1226 329 1270 remansit
355 1236 562 1277 nostram,
579 1229 738 1285 justam
766 1242 819 1269 an
841 1224 1043 1283 injustam
1076 1225 1227 1286 putes?
1251 1221 1353 1266 Sine
1367 1219 1505 1264 dubio

119 1295 324 1358 'iniquam
365 1297 686 1359 pronuntiabis.
720 1299 777 1340 At
808 1296 905 1340 haec
938 1294 1040 1354 legis
1075 1292 1333 1338 auctoritate
1360 1299 1510 1335 custo-

130 1365 286 1411 dienda
307 1366 553 1412 mandatur.
577 1366 706 1412 Vides
734 1383 835 1426 ergo
862 1382 995 1410 unum
1031 1363 1268 1410 necessario
1289 1376 1510 1407 remanere

130 1435 185 1482 de
208 1437 345 1483 tribus
364 1473 374 1493 ‚
395 1449 442 1483 ut
477 1449 553 1483 aut
579 1438 716 1498 legem
745 1437 820 1482 Dei
848 1436 1019 1482 fatearis
1045 1436 1251 1495 injustam
1273 1470 1282 1482 ,
1306 1433 1394 1478 imo
1432 1446 1511 1494 per

131 1506 265 1567 legem
304 1509 442 1553 Deum
491 1509 635 1572 ipsum
672 1507 914 1571 iniquitatis
949 1523 1147 1562 accuses;
1192 1515 1267 1549 aut
1301 1513 1415 1548 certe
1457 1499 1512 1545 ad

133 1594 282 1623 vocem
311 1577 536 1638 confugias
562 1578 866 1638 magistrorum
900 1588 1073 1622 tuorum
1100 1614 1109 1627 ,
1142 1586 1183 1620 et
1222 1574 1341 1620 dicas
1378 1572 1514 1631 legem

134 1664 236 1710 quae
260 1665 335 1710 per
352 1652 532 1712 Moysen
554 1648 653 1694 data
666 1659 744 1703 cst,
764 1666 785 1693 a
817 1649 901 1693 Deo
914 1659 988 1693 tuo
999 1664 1087 1693 non
1103 1645 1229 1692 fuisse
1245 1642 1514 1694 mandatam:

112 1741 114 1743 ·
136 1728 210 1763 aut
233 1719 265 1763 si
287 1719 374 1765 hoc
398 1730 632 1783 utrumque
653 1719 846 1783 proferre
864 1736 950 1764 non
979 1718 1108 1763 audes
1125 1755 1135 1770 ,
1168 1715 1389 1762 traducem
1417 1729 1518 1777 pee-

136 1789 221 1834 cati
259 1790 387 1835 asseri
414 1801 565 1836 contra
600 1790 702 1851 legis
725 1791 986 1836 documenta
1005 1800 1046 1834 et
1071 1798 1292 1853 praecepta
1326 1784 1513 1830 fatearis.

138 1859 288 1923 Neque
322 1860 436 1906 enim
465 1861 572 1907 adeo
603 1872 648 1906 te*
677 1861 871 1925 desipere
894 1878 1018 1924 posse
1054 1858 1320 1905 credendum
1348 1866 1441 1902 est.
1473 1863 1522 1898 ut

138 1929 258 1976 dicas
284 1933 420 1977 Deum
453 1932 665 1992 justitiam
691 1933 868 1995 quidem
895 1933 938 1977 in
977 1930 1212 1994 praeeeptis
1232 1966 1243 1985 ,
1280 1928 1321 1972 in
1341 1924 1522 1986 judiciis

138 2016 242 2045 vero
271 2000 543 2064 iniquitatem
568 2013 710 2047 tenere
733 2024 743 2057 ;
774 2012 976 2048 autcerte
994 2000 1233 2046 seeundum
1256 1997 1415 2055 dogma
1431 2010 1521 2039 ves-

140 2080 271 2125 trum,
293 2072 336 2116 in
355 2072 535 2132 judiciis
556 2074 733 2136 quidem
756 2072 1152 2131 servarejustitiam
1169 2105 1181 2127 ‚
1199 2065 1434 2132 sraeceptis
1451 2080 1525 2109 au-

110 2176 113 2177 r
141 2151 224 2186 tem
264 2141 540 2206 iniquitatem
579 2143 766 2188 docere:
793 2142 912 2206 quod
942 2142 1042 2187 licet
1076 2140 1273 2204 superius
1291 2135 1521 2196 egerimus,

141 2228 259 2257 nunc.
278 2222 421 2257 tamen
443 2214 677 2259 necessario
703 2213 998 2277 repetivimus.
1019 2233 1039 2253 n

209 2283 322 2329 Auo.
361 2281 524 2329 Odiose
564 2285 752 2348 repetis,
789 2283 908 2347 quod
954 2283 1089 2328 otiose
1125 2277 1314 2343 loqueris
1349 2293 1360 2322 ι
1400 2284 1526 2320 vacat

111 2352 362 2413 *enim-tibi
400 2354 567 2400 easdem
608 2372 672 2401 res
699 2355 963 2418 loquacitate
1002 2351 1252 2404 revolvere,
1294 2364 1400 2411 quas
1437 2363 1526 2391 non

144 2434 266 2487 potes
292 2441 473 2470 asserere
508 2427 712 2480 veritate3
758 2437 800 2472 et
839 2425 983 2471 dicere.
1015 2425 1104 2470 sine
1140 2420 1300 2467 modo.
1329 2434 1429 2482 quae
1455 2433 1526 2462 as-

121 2518 125 2520 ·
145 2505 287 2540 truere
305 2512 394 2541 nou
416 2496 531 2542 vales
552 2497 642 2543 ulio
666 2498 816 2545 modo.
844 2498 917 2543 Vis
941 2496 1053 2542 enim
1081 2493 1218 2541 videri
1247 2492 1358 2537 inter
1377 2506 1419 2534 se
1441 2503 1528 2533 esse

146 2564 235 2612 duo
259 2565 338 2611 ista
364 2567 600 2625 contraria,
628 2568 750 2615 reddi
777 2569 823 2614 in
845 2568 958 2614 filios
979 2577 1159 2631 peccata
1173 2573 1371 2628 patrum,
1387 2569 1430 2605 et
1445 2573 1526 2622 ΡΓΟ

196 2648 206 2670 ¹
227 2650 320 2679 Forte
336 2649 463 2691 justam.
