1824 3236
295 260 386 316 452
720 275 753 302 5.
799 259 1042 303 Aronsrini
1080 275 1281 304 Ei’lscori

292 358 379 387 non
402 351 669 400 regeneratos
700 340 906 403 parvulos
931 341 1039 385 exire
1059 341 1111 386 de
1132 342 1215 386 bae
1235 342 1335 395 vita,
1358 340 1461 386 dum
1479 358 1680 387 nonnun—

289 429 420 474 quam
447 414 487 456 et
507 411 610 474 ipsis
632 411 718 456 suis
746 412 1003 474 parentibus
1029 412 1229 457 ardenter
1266 411 1608 458 desiderantibus
1639 423 1680 457 et

289 482 497 528 ministris
522 493 895 528 sacramentorum
921 484 1119 528 alacriter
1136 483 1443 529 festinantibus
1463 522 1472 539 ,
1503 485 1558 529 ab
1581 501 1678 529 om-

287 553 636 616 nipotentissimo
653 564 693 598 et
710 553 1112 599 misericordissimo
1135 557 1227 599 Deo
1242 572 1327 600 non
1348 555 1544 601 differtur
1566 572 1678 619 pau-

286 623 429 669 lulum
453 640 567 668 mors
592 641 744 669 eorum
766 662 776 679 ‚
803 635 852 669 ut
874 625 1224 669 Christianorum
1251 626 1346 670 nati
1386 637 1535 672 exeant
1574 626 1680 671 hinc

290 694 462 751 renati,
490 705 531 739 et
555 712 694 757 neque
731 713 861 755 regno
885 696 1050 741 Christi
1084 696 1255 759 suisque
1290 697 1559 755 genitoribus
1596 714 1678 760 pe-

287 776 411 811 reant
431 803 440 819 ,
478 766 550 811 sed
575 777 671 811 ante
692 784 822 830 quani
848 767 1147 828 baptizentur,
1177 767 1375 829 expirant
1413 785 1423 812 ε
1452 786 1553 813 eum
1594 768 1678 813 ali-

287 836 464 900 quando
487 836 586 882 siliis
604 838 847 882 instintibus
872 837 1138 891 infidelium,
1170 848 1210 882 et
1227 838 1364 900 ipsam
1392 838 1555 883 Christi
1579 857 1678 898 gra-

285 908 390 952 tiam
416 907 844 970 blasphemantium,
872 907 915 951 in
938 925 1093 952 manus
1110 908 1461 953 Christianorum
1482 908 1674 954 mirabili

287 979 368 1023 Dei
387 978 703 1038 gubernatione
726 977 968 1040 perductis,
997 989 1231 1041 praestetur
1254 979 1351 1023 brec
1375 982 1530 1038 gratia,
1566 979 1677 1024 utin

286 1052 367 1097 Dei
391 1068 573 1111 regnum
600 1051 656 1096 ab
686 1051 835 1114 impiis
861 1052 1047 1114 separati
1072 1053 1329 1115 parentibus
1364 1053 1553 1098 veniant.
1588 1052 1675 1097 Ubi

287 1124 321 1168 si
345 1140 368 1167 a
396 1133 436 1167 te
460 1133 705 1185 quaeratur3
754 1139 855 1186 quae,
882 1123 935 1167 sit
957 1123 1125 1181 justitia
1163 1123 1267 1176 ista3
1307 1124 1505 1186 profecto
1530 1127 1574 1168 in
1602 1122 1675 1167 illo

286 1194 517 1240 dialectieo
540 1205 581 1239 et
605 1193 920 1257 philosophico
945 1212 1139 1239 sermone
1157 1231 1166 1249 ‚
1197 1211 1284 1257 quo
1318 1194 1402 1239 tibi
1433 1193 1588 1239 videris
1622 1193 1676 1238 de

277 1266 448 1327 justitia
471 1265 553 1311 Dei
586 1265 915 1325 diligentissime
942 1265 1203 1328 disputasse,
1240 1283 1329 1311 non
1360 1265 1524 1310 invenis
1558 1281 1666 1311 eam.

284 1337 540 1383 «Dominus
559 1337 674 1382 enim
704 1337 910 1396 cognovit
937 1336 1219 1395 cogitationes
1251 1335 1530 1398 sapientium,
1557 1352 1673 1398 quo-

288 1430 309 1451 »
337 1408 452 1454 niani
475 1425 601 1454 vanae
626 1407 758 1453 sunt4
781 1426 791 1452 ε
818 1430 836 1449 ›>
870 1418 911 1452 et
936 1406 1206 1452 abscondens
1230 1407 1328 1452 haee
1350 1426 1371 1452 a
1403 1406 1673 1470 sapientibus

283 1492 325 1527 et
349 1479 645 1545 prudentibus
665 1517 675 1535 ‚
703 1478 910 1524 revelavit
935 1495 979 1523 ea
1006 1478 1202 1540 parvulis
1225 1478 1261 1533 2,
1298 1478 1343 1522 id
1377 1488 1462 1533 est,
1488 1476 1673 1522 humili-

284 1555 369 1601 bus
387 1591 398 1610 ,
426 1563 467 1598 et
481 1569 568 1597 non
589 1551 633 1596 in
654 1568 728 1596 sua
746 1550 924 1605 virtum
949 1549 1021 1594 sed
1045 1551 1090 1595 in
1108 1549 1296 1594 Domino
1316 1548 1667 1595 confidentibus:

284 1624 407 1690 quod
435 1634 483 1669 tu
514 1623 582 1669 Vel
610 1639 834 1684 nunquam
857 1658 866 1675 ‚
888 1621 954 1666 vel
976 1620 1171 1666 nondum
1192 1638 1277 1665 esse
1298 1620 1502 1679 dignaris,

360 1695 407 1741 Si
436 1712 537 1754 ergo
569 1692 755 1756 quaeris,
794 1691 870 1736 ubi
901 1691 966 1736 vel
1002 1690 1178 1754 quando
1209 1690 1338 1736 detur
1373 1691 1543 1736 homini
1582 1708 1671 1737 non

283 1784 409 1831 posse
432 1781 613 1829 peecare
631 1782 640 1808 ε
662 1763 842 1826 przeniia
858 1779 1005 1826 qucere
1022 1773 1268 1807 sanctorum
1289 1799 1298 1817 ‚
1322 1779 1420 1825 quae
1439 1774 1537 1824 post
1555 1761 1670 1807 hane

285 1838 419 1885 vitam
444 1836 537 1881 illos
563 1844 735 1898 oportet
760 1833 969 1896 accipere.
1005 1833 1050 1877 Si
1077 1844 1218 1878 autem
1245 1850 1334 1878 non
1367 1832 1528 1888 eredis,
1553 1832 1669 1877 libe—

286 1925 383 1954 rum
405 1906 597 1952 bominis
618 1903 873 1959 arbitrium,
895 1920 983 1966 quo
1004 1914 1117 1948 reete
1135 1920 1257 1962 agere
1277 1904 1422 1967 potuit
1440 1914 1481 1949 et
1496 1903 1665 1959 debuit,

286 1979 458 2044 peceati
489 1977 653 2022 maiitia
679 1975 882 2021 defecisse
911 1992 921 2020 x
950 1975 1074 2020 illum
1099 1975 1245 2021 saltem
1278 1976 1473 2029 attende,
1496 1975 1573 2039 qui
1597 1975 1669 2021 di-

287 2050 347 2096 cit
363 2087 374 2107 ,
396 2071 414 2089 «
437 2050 534 2094 Non
552 2047 671 2111 quod
687 2046 786 2093 volo
801 2046 888 2091 hoe
906 2063 1001 2105 ago,
1021 2046 1093 2091 sed
1109 2046 1224 2109 quod
1248 2047 1321 2092 odi
1335 2047 1443 2093 illud
1457 2045 1569 2092 facio
1586 2045 1626 2091 ³:
1649 2068 1668 2088 ›>

286 2138 416 2185 quem
439 2138 512 2166 vos
537 2137 624 2164 non
650 2118 781 2164 ruitis
801 2118 947 2164 vitiata
970 2117 1134 2177 origine
1153 2156 1162 2171 ,
1185 2118 1255 2163 sed
1277 2118 1540 2180 praevalente
1557 2116 1668 2162 mala

288 2190 601 2238 consuetudine
625 2188 823 2233 laborare
841 2208 850 2241 3
870 2206 919 2233 ae
941 2189 1000 2232 sie
1021 2189 1150 2233 etiam
1174 2206 1249 2233 vos
1265 2189 1457 2233 fatemini
1480 2188 1667 2233 liberum

287 2262 542 2309 arbitrium.
572 2260 681 2304 male
705 2277 745 2304 se
772 2258 933 2303 utendo
954 2296 964 2313 ,
986 2277 1109 2321 posse
1133 2259 1336 2315 deiicere3
1365 2270 1405 2305 et
1424 2277 1511 2304 non
1538 2258 1667 2304 vultis

284 2334 359 2379 illo
399 2344 485 2377 tam
523 2330 675 2391 grandi
717 2340 895 2392 peceato
912 2367 922 2384 ,
962 2340 1011 2374 ut
1045 2331 1162 2375 omni
1200 2330 1310 2375 mala
1353 2329 1666 2376 consuetudine

284 2404 414 2450 fuerit
442 2406 580 2463 majus
603 2412 643 2447 et
671 2404 816 2464 pejus,
842 2400 983 2446 vitiari
1006 2401 1196 2463 potuisse
1221 2402 1266 2446 in
1293 2401 1485 2447 bumana
1509 2410 1665 2445 natura

280 2475 469 2521 liberum
486 2473 717 2518 arbitrium
734 2492 744 2525 3
762 2472 805 2516 in
830 2489 915 2534 qua
939 2471 1220 2535 depravanda
1246 2471 1404 2519 malam
1429 2482 1664 2517 consuetu-

280 2546 426 2592 dinem
457 2555 628 2590 tantum
651 2542 795 2589 dicitis
817 2560 940 2606 posse
955 2580 965 2599 ‚
989 2554 1036 2588 ut
1067 2561 1109 2588 se
1131 2544 1340 2606 perficere
1374 2544 1544 2589 bonum
1568 2541 1664 2588 cla-

327 2631 336 2652 ¹
356 2630 436 2663 Psal.
456 2639 546 2666 xcnr,
574 2639 624 2661 Η.
646 2643 692 2650 -
707 2624 722 2649 2
740 2624 924 2664 Manl1.x1‚
945 2628 1060 2660 25.-—
1079 2624 1092 2650 3
1108 2629 1199 2659 Rom.
1218 2638 1276 2667 vir,
1297 2628 1350 2661 15.
