1863 3262
169 299 325 330 OPERIS
363 295 622 328 IHPERFECTI
661 295 834 325 CONTRA
871 294 1117 337 JULMNI‘M,
1159 298 1243 328 ΗΡ».
1292 295 1360 327 ῙΙῘ.
1414 280 1496 344 137

121 376 384 430 potestesse.
413 362 602 408 Proinde
638 361 725 406 noli
762 379 920 414 errare,
950 363 1014 407 vel
1048 364 1215 409 mittere
1236 363 1433 409 homines
1456 363 1502 407 in

122 453 327 492 errorem,
355 445 396 480 et
433 434 493 478 sic
527 449 595 477 me
633 431 782 477 dixisse
806 433 1024 492 intellige:
1051 435 1215 479 Natura
1248 434 1440 479 humana
1468 432 1500 477 si

121 506 283 552 malum
305 515 426 559 esset,
450 521 533 549 non
561 514 667 548 esset
703 503 973 562 generanda3
996 504 1029 549 si
1054 505 1216 550 malum
1251 521 1338 549 non
1361 503 1503 548 liabe-

121 588 204 634 ret,
231 594 319 622 non
340 585 446 621 esset
463 573 778 635 regeneranda:
813 591 861 619 ac
903 574 936 619 si
977 574 1193 626 dixissem,
1220 576 1387 619 Natura
1411 574 1503 619 liu-

120 665 265 702 mana,
289 648 323 692 si
347 646 502 693 vitium
526 655 647 699 esset,
669 662 756 690 non
772 655 878 689 esset
899 645 1141 704 generanda
1161 665 1172 698 ;
1190 645 1223 690 si
1243 645 1396 690 vilium
1416 662 1502 689 non

120 718 320 774 haberet,
349 733 436 762 non
455 727 561 762 esset
584 715 887 777 regeneranda.
916 716 1024 761 Item
1045 715 1164 780 quod
1181 715 1394 779 sequitur,
1425 714 1502 759 ubi

122 806 189 835 me
214 787 269 834 ad
294 805 429 834 unum
451 788 630 833 verbum
651 786 736 833 dixi
758 797 992 850 utrumque
1008 786 1288 841 concludere,
1310 785 1368 831 ita
1389 784 1501 830 dixi:

121 858 289 904 Natura
312 859 508 903 humana
537 857 570 902 si
603 856 765 902 malum
798 867 930 912 esset,
965 856 1171 902 salvanda
1200 874 1286 902 non
1313 865 1445 908 esset3
1471 854 1505 899 si

120 929 158 975 ei
175 928 274 975 mali
301 927 414 974 nihil
436 929 608 985 inesset,
650 927 856 974 salvanda
880 945 968 973 non
992 937 1126 981 esset3
1154 938 1362 990 tanquam
1387 926 1504 972 dice-

118 1016 228 1056 rem,
251 1000 418 1045 Natura
432 998 624 1043 humana
643 998 676 1043 si
705 998 862 1043 vitium
884 1009 1007 1053 esset„
1031 997 1235 1043 salvanda
1258 1014 1346 1042 non
1370 1006 1471 1041 esset
1491 1016 1502 1049 ;

120 1070 154 1116 si
179 1070 217 1116 ei
234 1070 330 1117 vitii
343 1069 453 1114 nihil
469 1069 641 1123 inesset,
663 1067 867 1113 salvanda
886 1085 973 1113 non
991 1078 1110 1114 esset.
1140 1068 1255 1113 Eece
1274 1066 1354 1112 feci
1373 1066 1505 1111 verba

119 1157 214 1186 mea
230 1141 446 1205 planiora,
472 1157 561 1184 non
587 1149 634 1183 ut
658 1138 869 1184 invenires
892 1138 1012 1201 quod
1037 1148 1190 1183 contra
1212 1137 1403 1190 diceres3
1431 1135 1502 1181 sed

121 1221 171 1257 ut
185 1210 480 1270 intelligereris
507 1227 594 1254 non
620 1209 812 1272 potuisse
835 1209 1027 1254 invenire
1045 1208 1165 1272 quod
1186 1208 1364 1254 diceres,

185 1281 470 1328 CLXXXIX.
510 1280 609 1325 JUL.
637 1300 657 1321 α
680 1279 799 1335 Quid
827 1279 959 1338 igitur
979 1279 1085 1324 hinc
1107 1278 1386 1332 conficiatur,
1424 1276 1505 1322 ad-

121 1361 269 1399 verte:
296 1368 384 1397 non
408 1350 633 1396 adhaerere
672 1349 942 1408 negationem
979 1350 1130 1409 gratiae
1153 1347 1270 1394 laudi
1297 1347 1507 1393 humanm

120 1432 319 1476 naturae3
345 1422 453 1486 quin
484 1420 572 1466 imo
608 1419 708 1465 haec
742 1429 933 1482 quatuor
956 1418 1015 1464 ita
1043 1436 1129 1464 esse
1173 1422 1424 1478 conjuncta,
1460 1427 1508 1463 ut

122 1492 304 1538 alterum
329 1492 419 1538 sine
444 1490 576 1537 altero
601 1490 737 1535 teneri
760 1500 972 1553 nequeat3
1017 1489 1089 1535 sed
1124 1488 1303 1534 infamia
1340 1499 1508 1535 naturae

118 1563 263 1626 pariat
279 1562 548 1622 negationem
567 1560 734 1620 gratiae,
758 1570 799 1605 et
817 1560 911 1605 laus
938 1560 1086 1620 gratiae
1112 1560 1255 1622 pariat
1282 1558 1505 1623 praedica-

121 1632 283 1678 tionem
307 1643 478 1678 naturae
507 1649 516 1676 :
539 1631 620 1676 ista
639 1629 753 1675 enim
774 1630 819 1675 in
851 1631 1052 1693 quamvis
1076 1629 1158 1675 sibi
1183 1641 1353 1692 partem
1395 1628 1506 1674 reci-

120 1703 296 1768 procari
318 1714 521 1768 possunt.
551 1703 665 1748 Bene
699 1719 799 1762 ergo
825 1701 985 1756 dixisti,
1010 1724 1028 1742 n
1055 1703 1221 1747 Natura
1252 1700 1446 1746 humana
1476 1699 1509 1745 si

125 1774 292 1821 malum
321 1785 441 1825 esset,
461 1773 666 1820 salvanda
691 1790 778 1818 non
804 1783 908 1818 esset
932 1790 942 1817 t
972 1794 990 1813 «
1013 1773 1111 1817 Hoc
1134 1771 1248 1817 enini
1276 1781 1509 1832 utrumque

130 1845 286 1892 dicunt
309 1844 565 1902 Mafiichaei‚
597 1844 756 1890 malam
778 1843 980 1889 videlicet
1012 1844 1153 1890 carnis
1179 1853 1397 1897 naturam,
1434 1857 1512 1886 nec

133 1933 258 1980 posse
275 1916 429 1962 salvari
452 1934 530 1979 per
547 1915 750 1975 gratiam,
775 1932 854 1959 nec
872 1914 1042 1960 debere.
1069 1935 1089 1954 »

191 1988 305 2034 Am.
339 1986 423 2032 Sed
437 1986 501 2032 illi
521 1986 582 2031 sic
602 1985 756 2031 dicunt
773 1985 932 2030 malam
950 1985 1092 2030 carnis
1112 1995 1331 2038 naturam,
1356 1993 1403 2028 ut
1421 1999 1512 2027 eam

129 2057 290 2104 malum
312 2074 397 2103 esse
431 2053 598 2111 dicant,
634 2073 721 2101 non
759 2055 922 2101 malurn
944 2055 1132 2111 habere3
1151 2055 1253 2117 quia
1273 2054 1416 2116 ipsum
1444 2052 1514 2097 vi·-

122 2128 232 2175 tium
260 2145 346 2174 non
370 2127 627 2173 substantiae
653 2125 853 2172 accidens
872 2163 882 2182 ‚
917 2125 990 2170 sed
1025 2125 1314 2170 substantiam
1349 2131 1510 2186 putant

132 2216 234 2246 esse.

192 2270 327 2316 CXC.
360 2273 454 2316 JUL.
488 2290 507 2310 «
536 2267 620 2313 Sed
654 2267 868 2330 posthaec
906 2267 1109 2312 admovet
1139 2265 1395 2310 sententiam
1439 2263 1518 2309 tibi

125 2357 290 2396 caram,
315 2351 356 2386 et
382 2339 491 2386 dicis
520 2357 530 2384 :
558 2360 577 2380 υ
602 2338 647 2384 Si
679 2349 823 2384 autem
842 2348 1010 2384 naturae
1034 2337 1242 2382 humanae
1279 2335 1381 2380 mali
1406 2334 1517 2380 nihil

125 2412 297 2466 inesset,
327 2410 532 2455 salvanda
556 2427 643 2454 non
677 2419 795 2455 esset.
839 2409 926 2465 Qui
962 2424 1061 2467 ergo
1087 2406 1195 2452 dicit
1230 2422 1322 2451 eam
1354 2404 1519 2449 bonum

126 2498 215 2526 non
226 2498 326 2537 esse,
344 2481 510 2526 bonum
526 2489 653 2539 negat
666 2479 856 2524 conditae
877 2479 1154 2530 Creatorem3
1181 2475 1255 2539 qui
1280 2491 1380 2520 vero
1398 2485 1521 2533 negat

126 2550 166 2598 ei
184 2551 344 2596 malum
366 2550 515 2606 inesse,
538 2548 855 2594 misericordem
871 2548 1036 2595 vitiatae
1053 2544 1512 2592 invidetSalvatorem.

129 2641 150 2662 «
169 2620 235 2666 Sit
255 2621 387 2681 igitur
415 2620 551 2667 lector
571 2620 787 2665 intentus:
808 2618 976 2665 videbit
993 2616 1105 2664 nihil
1129 2627 1167 2661 te
1206 2615 1357 2661 dixisse
1374 2612 1515 2669 aliud,
