1824 3236
222 274 379 305 ommis
417 272 678 303 mmmm-:cri
716 270 886 300 CONTRA
925 275 961 303 Jt
985 275 1100 304 isim
1124 278 1169 307 n.
1213 278 1295 306 tir..
1342 280 1398 308 xi.
1452 265 1535 309 5231

171 336 358 384 tissimus
386 337 634 391 beatornm,
658 346 706 381 ut
745 354 766 381 a
801 347 838 380 tc
856 337 899 382 in
919 356 1015 383 cum
1037 351 1078 385 et
1103 357 1217 385 mors
1244 352 1283 386 ct
1311 342 1545 389 damnifica

170 417 211 452 et
238 425 366 454 avara
385 407 611 453 mittatur?
636 406 674 451 O
693 406 858 451 inimici
883 409 958 453 Dei
980 410 1144 468 gratim,
1160 411 1324 457 inimici
1342 413 1543 475 paradiso

171 477 268 533 Dei,
297 494 385 542 quo
405 477 592 541 amplius
610 475 812 540 progredi
830 480 1026 540 poteritis
1043 517 1052 535 ,
1077 498 1206 543 quam
1229 493 1276 526 ut
1299 494 1546 529 sanctarum

170 546 426 594 deliciarum
450 545 724 593 dulcedinem
753 548 1025 594 amarissimis
1050 551 1192 612 poenis
1221 552 1451 615 impleatis,
1478 554 1548 600 ni-

168 617 323 682 hilque
346 618 487 664 velitis
506 634 592 664 esse
607 618 857 682 paradisum
884 619 964 664 nisi
994 620 1233 680 gehennam
1252 624 1477 671 minorem.

233 688 399 736 XXXI.
424 689 522 735 JUL.
546 709 567 730 c<
589 689 832 749 Porrojam
853 689 953 735 satis
974 690 1108 736 multa
1127 692 1179 737 de
1203 694 1370 740 Genesi.
1403 696 1547 741 Tran-

168 776 337 805 seamus
351 759 405 805 ad
419 758 663 823 apostolum
685 758 891 814 Paulum,
906 777 1036 824 quem
1055 762 1273 825 opinionis
1294 782 1381 810 suae
1403 766 1548 812 Mani-

167 829 320 877 chaeus
345 840 386 876 et
411 829 711 876 'traducianus
735 829 946 893 opinantu
957 848 987 880 r.
1015 831 1127 877 Cum
1152 850 1251 893 ergo
1275 835 1327 880 de
1350 847 1548 882 mortuo-

168 917 268 947 rum
290 901 608 947 resurrectione
623 901 866 958 dissereret,
897 902 971 958 ait,
1000 924 1018 943 «
1037 904 1214 950 Sicutin
1242 905 1379 951 Adam
1401 924 1548 953 omnes

166 994 187 1014 »
215 972 491 1029 morluntur,
518 972 578 1018 ita
599 983 640 1018 et
661 973 704 1018 in
726 973 902 1018 Christo
930 990 1076 1020 omnes
1098 975 1441 1024 vivificabuntur
1460 978 1493 1025 1.
1524 1000 1545 1020 »

166 1043 264 1089 Hoc
289 1044 584 1090 testimonium
601 1044 818 1107 usurpasti
838 1055 902 1098 tu,
926 1061 1025 1090 cum
1048 1062 1135 1109 quo
1161 1047 1287 1092 nobis
1312 1065 1437 1093 causa
1457 1059 1541 1094 est:

165 1113 238 1160 sed
256 1114 366 1177 quid.
381 1131 432 1160 eo
449 1114 607 1161 confici
625 1125 818 1178 putares,
839 1115 941 1178 quia
958 1125 1005 1160 tu
1027 1116 1216 1171 tacuisti,
1237 1117 1313 1162 etsi
1332 1118 1541 1181 suspicer,

166 1194 312 1230 tamen
330 1185 592 1231 confirmare
615 1184 683 1231 vix
698 1201 890 1248 possum.
923 1185 1041 1241 Quid
1059 1187 1171 1231 enim
1192 1198 1359 1250 spectat
1385 1188 1439 1234 ad
1460 1198 1543 1234 tra-

164 1254 342 1311 ducem,
360 1256 395 1302 si
417 1268 567 1302 omnes
586 1255 631 1301 in
656 1250 791 1301 Adam
806 1257 916 1302 mori
941 1256 1172 1311 dicantur3
1196 1275 1293 1304 cum
1315 1259 1453 1305 Adam
1469 1277 1545 1305 no-

163 1343 264 1373 men
286 1325 477 1372 hominis
492 1328 562 1381 sit,
580 1326 732 1371 tradux
748 1337 889 1372 autem
910 1329 1078 1390 peceati
1096 1340 1137 1374 et
1155 1328 1265 1374 labis
1281 1329 1543 1376 Manichaeae

163 1395 410 1444 indicium?
433 1397 526 1443 Nisi
541 1395 652 1442 forte
676 1396 789 1442 nihil
808 1397 926 1442 aliud
944 1399 1087 1460 ipsum
1103 1398 1262 1455 Adam,
1286 1417 1418 1463 quam
1434 1417 1543 1463 pec-

164 1477 309 1513 catum
345 1478 386 1513 et
423 1485 525 1523 esse,
568 1478 609 1513 et
633 1484 783 1512 sonare
822 1467 1018 1521 fateari53
1048 1479 1094 1513 ut
1132 1469 1216 1514 hac
1254 1470 1543 1534 appellatione

163 1539 398 1602 Apostolus
421 1557 568 1584 omnes
588 1539 697 1584 mori
719 1541 762 1584 in
781 1551 962 1602 peceato
985 1542 1285 1602 pronuntiasse
1311 1542 1538 1588 videatur?

163 1609 248 1655 Sed
269 1610 357 1656 hoc
387 1610 617 1674 propalam
641 1610 839 1654 insanum
866 1621 940 1656 cst.
988 1611 1108 1666 Quid
1143 1612 1274 1671 igitur
1293 1629 1474 1668 novum,
1510 1613 1544 1657 si

161 1681 264 1745 quia
292 1680 429 1726 Adam
454 1697 592 1726 sermo
618 1679 824 1725 hebraeus
844 1679 954 1725 nihil
979 1680 1095 1726 aliud
1122 1681 1287 1727 indicat
1304 1700 1434 1745 quam
1454 1683 1542 1728 ho-

163 1752 342 1807 minem,
367 1751 476 1816 (hoc
497 1751 608 1797 enim
632 1750 932 1813 interpretatio
961 1751 1095 1814 ipsius
1124 1753 1364 1816 exprimit),
1391 1753 1544 1799 dixerit

163 1820 418 1884 Apostolus,
446 1841 466 1861 c<
493 1822 545 1866 In
583 1820 721 1867 Adam
748 1836 894 1866 omnes
931 1821 1195 1878 moriuntur,
1218 1833 1258 1867 et
1289 1822 1333 1868 in
1367 1823 1544 1869 Christo

165 1914 185 1934 >J
207 1909 356 1938 omnes
377 1891 732 1938 vivificabuntur
755 1908 764 1935 :
797 1914 813 1931 >ae
831 1889 873 1935 id
904 1901 983 1945 est,
1005 1892 1242 1937 secundum
1263 1892 1451 1938 hominis
1469 1894 1543 1957 qui

163 1963 411 2011 moriuntur
426 1973 645 2017 naturam,
673 1980 751 2028 per
782 1962 979 2007 virtutem
1001 1962 1166 2007 Christi
1184 1981 1203 2008 a
1231 1965 1410 2009 mortuis
1430 1965 1539 2010 cxci-

166 2044 329 2082 tantur.
360 2033 477 2079 Huic
501 2033 724 2079 sentcntiae
751 2033 825 2095 qui
856 2032 1097 2087 inficiatur,
1131 2033 1320 2078 insanit:
1350 2034 1541 2094 ejusdcm

167 2106 336 2168 quippe
358 2104 546 2163 auctoris
561 2105 738 2158 virtute,
768 2103 844 2166 qui
869 2103 910 2148 in
931 2102 1015 2148 linc
1041 2104 1126 2148 vita
1152 2103 1478 2150 stncnmlitatmn
1505 2116 1546 2151 et

166 2175 473 2221 mortalitatem
498 2174 704 2229 instituit,
736 2174 922 2218 universi
946 2174 1251 2219 ‹··x‹3ital›untur
1278 2192 1298 2219 e
1317 2176 1542 2238 sepulcriS,

168 2259 217 2295 ut
229 2247 411 2312 recipiat
429 2246 726 2310 unusquisque
739 2245 918 2308 propria
937 2245 1130 2308 corporis
1147 2246 1226 2301 sui,
1253 2257 1382 2307 prout
1402 2247 1543 2305 gessit,

169 2321 256 2375 sive
276 2319 461 2373 bonum,
489 2318 576 2362 sive
611 2316 772 2365 malum
800 2317 832 2363 2.
863 2317 958 2360 Hoc
983 2316 1127 2380 itaque
1162 2317 1280 2362 dicto
1316 2318 1540 2382 Apostoli,

168 2408 258 2456 quo
281 2390 356 2446 ait,
381 2410 401 2430 c<
425 2388 549 2434 Sicut
588 2387 632 2431 in
664 2386 799 2433 Adam
824 2404 971 2432 omnes
1012 2387 1284 2444 moriuntur,
1331 2388 1387 2434 itu
1433 2399 1474 2433 et
1499 2389 1544 2434 in

174 2484 195 2504 »
224 2460 404 2508 Christo
428 2475 574 2504 omnes
605 2458 948 2503 vivificabuntur
965 2457 1006 2510 33
1032 2480 1049 2498 »
1072 2469 1252 2503 mortem
1277 2458 1543 2522 corporalem

170 2550 271 2598 quae
289 2531 416 2593 justis
437 2530 693 2593 injustisque
721 2530 963 2575 communis
987 2541 1065 2581 cst,
1095 2547 1145 2573 an
1169 2529 1386 2592 poenalem
1424 2529 1541 2576 illam

218 2616 228 2638 ¹
249 2628 260 2647 1
278 2616 354 2647 Cor.
375 2625 425 2651 xv,
442 2625 499 2646 2².
517 2631 558 2635 -—-
580 2611 595 2633 ‘²
615 2624 630 2642 2
654 2610 1068 2650 Cor.v,1o.—³1(:‹·.1-.
1090 2623 1139 2647 xv,
1160 2623 1214 2642 22.
