1863 3262
202 303 359 334 OPERIS
395 301 653 333 IMPEtu-'lzc'rt
692 300 868 332 CONTRA
902 300 1146 337 summm,
1187 301 1273 331 LlB.
1316 300 1377 332 lv.
1431 286 1522 332 215

152 385 252 414 sane
291 384 372 414 nec
409 384 509 413 cum
548 367 626 412 ista
664 366 917 425 suffragetur
953 366 1211 422 auctoritas,
1250 366 1526 429 pudentioris

151 438 311 502 eloquii
341 437 603 484 adminicula
633 436 923 496 negleximus:
949 436 1051 498 quia
1075 437 1399 500 reprehensioni
1426 442 1520 498 jus-

152 510 308 555 tissime
332 518 475 572 patet,
499 507 587 552 sine
607 506 695 552 ullo
718 506 990 566 negotiorum
1015 517 1169 551 coactu
1201 506 1417 566 neglectus
1442 508 1522 554 de—

150 580 259 626 coris
276 616 288 637 ‚
315 579 390 642 qui
412 595 499 624 non
523 579 665 624 minus
689 578 734 623 in
755 577 896 624 verbis
919 594 1049 640 quam
1066 578 1110 635 in
1127 578 1332 640 operibus
1350 615 1360 633 ‚
1385 596 1522 642 quan-

148 661 242 696 tum
282 648 508 712 pertulerit
533 665 675 694 causae
703 648 814 694 ratio
832 685 844 704 ‚
871 647 1121 693 retinendus
1153 658 1227 693 est.
1260 647 1397 707 Igitur
1419 650 1522 712 quia

146 719 503 784 concupiscentia
543 719 753 765 naturalis
787 736 865 765 nec
897 717 1079 782 pudoris
1103 718 1343 794 opprobrio
1378 720 1521 782 potuit

146 792 347 851 coargui,
374 801 417 837 et
441 790 692 836 Conditoris
715 790 781 836 sui
805 789 1016 850 dignitate
1039 788 1212 846 defensa
1236 799 1322 845 est,
1350 789 1407 848 acl
1433 790 1520 844 hoc

145 862 285 907 solum
306 899 316 917 ‚
345 879 433 907 non
464 872 512 906 ut
536 863 660 924 quasi
679 878 884 921 magnum
907 861 1074 917 bonurn
1093 896 1104 916 ,
1139 860 1306 923 quippe
1327 860 1447 924 quod
1466 861 1520 919 sit

142 931 397 977 hominibus
432 931 754 994 pecoribusque
786 948 1040 987 commune,
1075 929 1147 989 sed
1178 931 1301 993 quasi
1323 947 1524 998 necessa-5

142 1002 253 1047 rium
273 1002 442 1047 sexibus
456 1002 791 1047 instrumentum
806 1039 817 1059 ,
842 1020 864 1048 a
879 1006 976 1062 jure
999 1001 1250 1060 daemonum
1276 1001 1515 1059 vindicata,

138 1072 252 1118 inter
271 1074 362 1132 ejus
381 1089 512 1135 opera
533 1072 767 1128 locaretur,
794 1073 870 1136 qui
887 1071 1100 1129 mundum
1123 1070 1225 1117 fecit
1246 1081 1289 1117 et
1303 1088 1516 1136 corporag

140 1159 164 1187 a
184 1142 306 1189 nullo
322 1153 465 1189 autem
486 1153 729 1198 accusatur,
757 1143 837 1188 nisi
858 1161 881 1188 a
906 1142 1155 1200 Manichaeo
1174 1153 1215 1195 et
1235 1142 1513 1206 Traduciano

137 1216 228 1272 ejus
244 1212 419 1260 haerede
442 1231 452 1258 ε
478 1224 657 1276 apparet
674 1215 882 1259 naturalis
901 1213 1069 1276 peccati
1083 1250 1094 1268 ‚
1115 1216 1240 1273 cujtis
1258 1230 1384 1273 omne
1399 1230 1512 1277 prae·

137 1284 296 1329 sidium
321 1285 367 1330 in
389 1295 556 1331 naturae
582 1286 959 1332 criminationibus
989 1285 1214 1342 haerebat,
1244 1295 1385 1330 totum
1409 1302 1514 1347 eva-

134 1354 276 1400 nuisse
292 1355 564 1415 figmentum.
591 1376 612 1397 »

201 1425 312 1471 Aue.
361 1426 472 1472 Ecce
511 1425 659 1472 adhuc
699 1425 810 1472 dicis
841 1447 860 1468 «
876 1425 1290 1489 Concupiscentiam
1328 1437 1510 1486 natura-

132 1492 215 1547 lem
233 1531 244 1552 ,
267 1515 288 1537 >)
311 1495 410 1541 ecce
434 1495 582 1542 adhuc
610 1507 824 1559 quantum
847 1508 970 1560 potes
989 1534 1000 1553 ‚
1022 1507 1266 1559 susceptam
1290 1507 1432 1560 tuam,
1457 1514 1511 1559 ne

131 1565 267 1627 possit
301 1582 400 1628 quae
431 1566 485 1611 sit
519 1566 729 1627 intelligi,
758 1567 948 1627 contegis
984 1567 1189 1627 ambigua
1211 1578 1325 1615 veste
1348 1567 1510 1632 Verbo-

128 1650 244 1690 rum.
277 1636 368 1681 Cur
392 1636 508 1682 enim
523 1653 608 1682 non
630 1637 762 1693 dicis,
787 1637 1142 1703 concupiscentia
1165 1638 1324 1696 carnis3
1341 1638 1414 1684 sed
1431 1638 1505 1684 di-

130 1704 210 1762 cis,
237 1726 258 1752 c<
282 1706 652 1770 Concupiscentia
672 1708 908 1754 naturalis?
930 1729 950 1750 ›>
973 1709 1128 1767 Nonne
1151 1709 1506 1772 concupiscentia

128 1773 412 1833 beatitudinis
440 1787 502 1822 est
535 1778 890 1841 concupiscentia
915 1778 1151 1825 naturalis?
1186 1779 1506 1843 Cur‘ambigue

127 1843 344 1908 loqueris?
384 1847 529 1902 Quam
569 1848 777 1894 tuendam
804 1849 1054 1911 suscepisti,
1089 1849 1262 1912 appella
1302 1843 1379 1913 suo
1420 1866 1505 1895 no-

126 1915 244 1961 mine
270 1934 281 1960 :
310 1917 420 1980 quid
442 1919 624 1963 vereris?
653 1922 722 1963 An
748 1919 793 1973 in
817 1919 930 1964 mala
954 1936 1083 1964 causa
1101 1925 1192 1979 eJ'us
1216 1919 1326 1981 forte
1344 1921 1503 1983 turba-

126 1995 194 2031 tus
213 2021 223 2036 ,
251 1985 413 2035 oblitus
433 2004 474 2032 es
497 1987 605 2051 quid
629 1991 835 2034 vocetur?
864 1990 956 2034 Imo
980 2006 1080 2046 vero
1105 1989 1309 2053 vigilante
1332 2007 1501 2054 inemo-

123 2071 210 2109 rm,
253 2072 339 2100 non
379 2073 444 2102 vis
483 2074 577 2102 eam
619 2059 759 2104 carnis
795 2059 1199 2122 concupiscentiam
1234 2060 1458 2125 nominare
1485 2078 1497 2105 :

123 2125 236 2170 nosti
248 2125 362 2172 enim
383 2125 512 2178 laude
528 2131 619 2187 ejus
633 2129 794 2174 offendi
806 2147 874 2175 eos
891 2167 901 2185 ,
918 2131 994 2194 qui
1012 2131 1098 2176 hoc
1114 2148 1271 2192 nomen
1286 2132 1330 2177 in
1352 2132 1500 2195 Scrip-

126 2195 230 2240 turis
260 2196 416 2251 sanctis
440 2198 612 2244 nonnisi
634 2199 680 2244 in
712 2200 772 2245 rei
797 2200 924 2255 malae
950 2201 1262 2262 significatione
1284 2202 1493 2265 legerunt.

122 2265 210 2311 Isto
241 2276 385 2312 autem
416 2268 591 2314 nomine
618 2279 762 2325 utens,
801 2281 843 2316 et
867 2271 1092 2334 appellans
1124 2289 1218 2330 eam
1255 2273 1495 2336 concupis-

122 2335 309 2381 centiam
336 2337 575 2383 naturalem
592 2376 604 2395 ,
625 2339 738 2385 inter
759 2344 849 2400 ejus
866 2358 997 2405 opera
1019 2341 1162 2401 locare
1192 2343 1362 2403 conaris
1377 2381 1387 2401 ,
1401 2343 1496 2408 qui,

121 2415 171 2453 ut
189 2405 323 2462 dicis,
366 2417 408 2452 et
436 2423 588 2454 verum
624 2421 712 2467 est,
747 2432 766 2452 α
788 2412 1005 2458 Mundum
1025 2412 1128 2459 fecit
1155 2424 1196 2463 et
1232 2431 1416 2477 corpora
1441 2431 1452 2459 :
1475 2434 1497 2456 »

120 2492 222 2521 cum
253 2476 371 2522 dicat
392 2495 485 2523 eam
519 2480 706 2526 Joannes
732 2502 754 2528 a
778 2484 906 2528 Patre
930 2501 1015 2529 non
1040 2501 1136 2531 esse.
1171 2487 1286 2530 Deus
1319 2484 1498 2549 quidem

119 2545 335 2606 mundum
358 2546 461 2602 fecit
481 2559 523 2593 et
548 2566 735 2614 corpora
754 2570 929 2617 prorsus
945 2554 1115 2621 omnia1
1141 2572 1151 2599 :
1175 2556 1245 2616 sed
1273 2567 1321 2601 ut
1340 2549 1500 2619 corpus

167 2627 179 2649 ¹
196 2630 332 2672 Prosper
346 2635 424 2662 sent.
448 2632 523 2667 304.
