1824 3236
183 292 340 323 OPERIS
376 292 639 324 IMPERFECTI
674 293 849 323 eom-na
883 294 1128 335 JuLlANUM,
1169 295 1256 325 [ΑΒ.
1299 296 1357 324 w.
1410 278 1503 342 575

131 378 153 401 »
175 368 308 404 natur
331 358 376 404 in
397 357 666 413 infirmitate,
688 368 831 417 surget
855 358 897 402 in
917 359 1076 404 virtute
1099 379 1110 412 ;
1148 360 1381 405 seminatur
1409 376 1503 405 cor-

128 449 150 471 »
175 444 259 492 pus
278 427 478 484 animale,
494 438 634 487 surget
654 444 813 491 corpus
824 428 1029 490 spiritale.
1059 450 1079 471 »
1106 429 1202 475 Hoc
1223 440 1338 475 certe
1354 430 1433 475 nisi
1456 429 1502 475 in

125 497 283 544 sanctis
296 498 467 561 impleri
485 511 572 544 non
587 508 729 561 potest
748 515 758 542 ε
783 498 906 560 impii
921 514 1099 562 quoque
1116 499 1132 528 1
1152 516 1239 544 non
1259 500 1303 545 in
1319 499 1500 559 gloriam

127 569 368 615 excitantur
399 568 472 638 sed
493 568 538 615 in
577 569 886 632 opprobrium,
926 571 1038 615 sicut
1075 570 1298 633 Propheta
1339 570 1501 626 asserit,

127 639 436 702 sempiternum
464 639 498 687 ².
531 639 614 684 Hic
639 649 889 702 opportune
909 639 1156 686 distantiam
1176 650 1344 685 naturae
1377 650 1506 702 atque

127 709 276 768 gratiae
306 708 427 764 facit,
448 708 785 772 recordaturque
807 708 1035 754 testimonii
1051 710 1203 755 veteris
1221 727 1309 773 quo
1332 709 1502 755 dictum

126 790 204 835 est,
228 802 246 821 «
268 781 424 826 Factus
461 791 523 825 est
546 781 680 826 homo
708 781 871 844 primus
897 780 1034 826 Adam
1067 782 1112 826 in
1137 778 1325 826 animam
1349 782 1517 836 vivenffi

127 859 252 896 »tem
276 867 326 895 z»
351 850 588 914 subditque
611 850 665 896 de
679 868 772 907 suo,
797 872 813 893 (ι
840 850 1098 898 novissimus
1124 851 1261 896 Adam
1290 851 1334 895 in
1359 851 1503 913 Spiri-

129 941 149 962 »
169 931 260 966 tum
282 921 591 968 vivificantem.
612 943 632 964 ›>
656 921 944 986 Ostenditque
961 921 1297 967 immortalitatis
1320 920 1434 966 dona
1451 920 1506 967 ad

125 991 417 1038 vivificantem
437 991 638 1055 spiritum
664 995 880 1056 pertinere
905 1010 916 1038 ι
944 993 1131 1038 animam
1151 1009 1252 1039 vero
1277 992 1416 1037 solum
1442 992 1505 1042 vi-

125 1071 309 1119 ventem,
330 1062 386 1108 ad
405 1072 604 1108 naturam
623 1063 887 1126 quandoque
903 1063 1169 1109 morientem.
1192 1064 1288 1109 Non
1309 1072 1369 1108 est
1382 1079 1501 1122 ergo,

56 1194 63 1199 .
124 1131 289 1195 inquit,
312 1133 400 1179 hoc
432 1133 579 1180 vivens
601 1133 722 1196 quod
761 1134 1019 1180 vivificans:
1063 1133 1289 1180 vivificans
1322 1144 1401 1188 est,
1429 1132 1506 1196 qui

126 1202 293 1249 confert
321 1203 709 1260 immortalitatem,
738 1221 868 1268 quam
900 1204 1076 1249 Christo
1100 1203 1326 1266 applicat:
1355 1204 1504 1249 vivens

125 1282 187 1318 est
202 1284 363 1332 autem,
387 1275 465 1338 qui
487 1275 574 1321 vita
600 1275 754 1331 utitur,
779 1275 852 1320 sed
876 1292 964 1320 non
981 1273 1501 1322 excluditmortalitatem.

126 1342 240 1402 Ergo
258 1343 345 1390 hoc
369 1355 598 1408 utramque
618 1345 871 1392 sententiam
893 1346 977 1390 fine
1000 1345 1219 1399 discrevit,
1244 1354 1292 1389 ut
1310 1343 1503 1390 ostende-

124 1423 189 1458 ret
211 1398 352 1461 Adflam
375 1414 539 1461 factum
571 1432 656 1461 esse
693 1415 928 1471 viventem,
952 1414 1025 1460 sed
1065 1432 1152 1461 non
1188 1415 1500 1468 immortalem;

129 1482 355 1531 Christum
369 1484 511 1531 autem
529 1486 574 1531 in
589 1487 809 1549 spiritum,
829 1503 917 1531 non
929 1486 1067 1532 solum
1083 1486 1315 1542 viventem,
1333 1502 1505 1533 verum-

124 1555 251 1600 etiam
275 1556 564 1602 conferentem
590 1557 946 1604 resurrectionem
960 1592 972 1614 ,
993 1557 1078 1602 suis
1094 1557 1340 1617 gloriosam,
1363 1555 1504 1601 omni-

124 1624 207 1670 bus
223 1636 443 1674 aeternam.

190 1691 303 1743 Aba.
329 1696 556 1760 Numquid
584 1697 680 1743 ideo
710 1697 953 1743 moriturus
981 1696 1123 1742 fuerat
1154 1695 1309 1749 Adam,
1339 1695 1503 1741 etiamsi

124 1781 212 1810 non
228 1777 466 1828 peccasset,
490 1767 592 1830 quia
611 1767 655 1812 in
671 1784 857 1830 corpore
871 1766 1065 1821 animali,
1087 1782 1173 1810 non
1196 1765 1396 1828 spiritali,
1413 1775 1504 1811 erat

128 1834 300 1898 factus}
325 1837 506 1883 Prorsus
541 1855 655 1884 erras
679 1838 710 1883 si
734 1848 964 1901 propterea
988 1853 1154 1882 necesse
1174 1836 1300 1881 nobis
1327 1853 1412 1881 esse
1433 1851 1504 1881 ar·—

131 1905 323 1962 bitraris,
340 1907 593 1971 paradisum
621 1908 699 1954 Dei
725 1908 938 1953 mortibus
961 1906 1191 1970 poenisque
1208 1906 1502 1961 morientium,

133 1986 352 2039 postremo
372 1977 627 2037 ignominia,
665 1978 932 2033 infirmitate,
960 1977 1256 2039 corruptione,
1280 1976 1325 2020 in
1348 1975 1509 2038 quibus

135 2061 253 2092 nunc
293 2047 497 2093 animalia
518 2047 751 2093 hominum
773 2065 957 2111 corpora
981 2047 1246 2092 seminantur
1268 2082 1278 2101 ,
1304 2046 1500 2109 implerei

137 2114 326 2177 Lignum
349 2118 462 2164 enim
482 2118 602 2174 vitae,
624 2118 744 2182 quod
765 2119 808 2163 in
830 2118 1030 2182 paradiso
1057 2134 1131 2162 suo
1149 2117 1362 2179 plantavit
1377 2118 1507 2166 Deus,

140 2188 268 2234 etiam
289 2205 449 2252 corpus
468 2189 651 2234 animale
667 2189 927 2234 defendebat
947 2206 969 2233 a
996 2199 1150 2241 morte,
1169 2186 1307 2232 donec
1320 2203 1513 2249 perseve-

141 2260 276 2304 rantis
311 2259 573 2306 obedientiae
608 2260 778 2311 merito,
822 2261 866 2305 in
905 2260 1083 2319 gloriam
1104 2257 1357 2320 spiritalem,
1385 2274 1514 2320 quam

145 2341 406 2390 resurgentes
431 2331 626 2376 habituri
664 2342 764 2376 sunt
796 2331 919 2390 justi,
947 2332 1036 2375 sine
1056 2339 1190 2373 morte
1212 2328 1518 2373 interveniente

149 2402 360 2447 transiret.
393 2401 566 2446 Justum
588 2401 702 2446 enini
720 2412 811 2447 erat
827 2412 872 2446 ut
896 2401 1037 2459 imago
1058 2398 1137 2443 Dei
1154 2397 1274 2442 nullo
1290 2397 1456 2442 fuscata
1476 2409 1517 2442 et

149 2472 343 2518 obsoleta
360 2482 560 2535 peccato,
587 2471 658 2518 tali
677 2472 930 2517 insereretur
948 2469 1139 2533 corpori,
1158 2468 1356 2532 quamvis
1373 2468 1425 2513 de
1440 2479 1521 2513 ter-

150 2559 251 2588 rena
273 2543 448 2588 materie
470 2553 615 2588 creato
641 2553 768 2606 atque
804 2541 1012 2597 formato,
1043 2550 1091 2585 ut
1128 2539 1165 2585 ei
1202 2537 1255 2584 de
1278 2538 1395 2597 ligno
1419 2539 1521 2587 vitae

202 2626 209 2647 ¹
231 2627 322 2656 Forte
336 2625 466 2668 qnippe.
482 2642 525 2648 --
541 2623 556 2647 ²
573 2627 692 2657 Jerem.
710 2635 806 2663 xxm,
826 2631 877 2661 [40.

93 1456 117 1488 f
