1863 3262
151 277 309 309 01111115
347 275 606 307 lMPEurEcrr
652 273 826 304 nourr-A
865 274 1111 315 111111111111,
1151 277 1237 307 1111.
1282 278 1343 308 1v.
1395 261 1486 309 283

100 344 245 407 potuit
262 353 402 390 tenere
418 339 672 404 patientiam
694 358 704 384 :
723 339 794 385 sed
812 351 1044 403 postquam
1063 343 1293 405 praestigiis
1312 345 1488 407 patroni

102 414 167 461 sui
199 411 410 458 serenavit
442 409 667 464 auditum,
691 408 810 454 velut
834 410 1002 456 testudo
1031 424 1166 475 caput
1190 414 1342 477 aperit.
1374 415 1485 460 Nam

106 500 207 529 cum
233 482 402 527 dixisset
421 480 525 544 quia
549 479 630 525 nisi
647 479 785 525 Adam
815 492 1034 542 peccasset
1051 481 1086 538 ¹,
1111 483 1169 529 ita
1197 483 1395 530 homines
1408 502 1485 545 ge·-

108 570 256 604 nerare
278 551 542 616 potuissent,
567 560 615 594 ut
639 550 827 598 solemus
842 561 917 596 aut
941 552 1147 598 articulos
1177 571 1451 602 commovere
1472 593 1483 612 ,

110 620 460 682 autunguiculos
491 637 715 670 exsecare:
740 619 940 677 addidit,
961 644 981 664 >2
1007 623 1090 668 Sed
1115 624 1149 669 si
1178 641 1321 670 semen
1344 626 1488 689 ipsum

107 693 280 740 nullum
292 691 570 739 maledicturi
588 691 723 736 habet
731 691 865 755 ‚quid
883 693 1071 756 estquod
1083 695 1293 757 scriptum
1310 706 1371 741 est
1382 713 1426 741 m
1440 696 1490 742 11

104 764 186 812 bro
202 762 457 826 Sapientiae,
476 761 610 812 hon
601 778 802 821 ignorans
820 763 1024 825 quoniam
1050 780 1236 842 nequam
1257 776 1346 810 erat
1371 766 1489 813 natio

105 835 300 889 illorum,
315 831 579 878 etnaturalis
602 832 794 877 malitia
784 849 1000 895 ipsorum,
1022 844 1063 879 et
1080 835 1183 898 quia
1208 852 1294 881 non
1320 847 1492 900 poterat

106 906 268 955 mutari
290 903 496 964 cogitatio
516 903 693 951 illorum
712 904 756 949 in
777 914 1039 967 perpetuum
1059 925 1070 959 ;
1092 923 1236 951 semen
1262 908 1376 953 enim
1400 918 1491 952 erat

106 975 385 1027 maledictum
404 974 460 1018 ab
484 973 641 1019 in'itio‘?
668 995 688 1015 α
712 975 856 1036 Atque
875 975 1019 1038 ipsum
1044 976 1344 1023 testimonium
1370 977 1492 1040 quod

105 1045 309 1110 protulit,
325 1043 501 1090 subdita
515 1045 887 1103 argumentatione
898 1047 1194 1108 prosequitur,
1212 1070 1231 1088 »
1253 1048 1420 1110 Nempe
1438 1048 1492 1093 de

106 1116 463 1180 quibuscumque
477 1116 555 1160 ista
568 1114 705 1170 dicat,
726 1114 1062 1172 dehominibus‚
1075 1116 1235 1180 inquit,
1252 1117 1373 1164 dicit.
1391 1139 1412 1159 <c
1427 1118 1492 1163 En

104 1189 182 1251 qui
205 1204 247 1232 se
263 1186 553 1250 profitebatur
572 1204 593 1231 a
612 1186 962 1234 Manichaeorum
986 1187 1138 1232 studiis
1159 1188 1391 1244 destitisse,
1413 1188 1490 1251 qui

106 1258 188 1304 sub
210 1256 435 1304 occasione
453 1256 675 1301 sententiae
695 1272 826 1318 quam
851 1272 937 1300 non
961 1256 1181 1316 intelligit,
1206 1257 1488 1303 maledictum

107 1344 277 1383 semen,
307 1326 515 1372 malitiam
545 1325 787 1375 naturalem
806 1362 817 1378 ‚
846 1335 888 1369 et
912 1325 1290 1372 inconvertibilem
1323 1327 1489 1386 cogita-

106 1398 267 1448 tionem
287 1396 545 1460 pronuntiat
569 1395 838 1458 iniquorum.
874 1396 1002 1442 Fama
1025 1407 1111 1453 est,
1141 1397 1260 1460 apud
1289 1397 1491 1443 cataclita

109 1468 198 1520 Nili
216 1483 428 1531 aquarum
456 1467 765 1529 proruentium
795 1468 979 1529 strepitu
1009 1484 1089 1513 usu
1122 1468 1291 1514 aurium
1319 1468 1489 1514 accolas

108 1539 352 1586 destitutos.
382 1538 570 1583 Finxerit
589 1537 702 1582 illud
720 1538 870 1600 opinio
889 1575 899 1592 ‚
925 1555 1025 1602 quae
1050 1538 1104 1584 de
1135 1540 1299 1599 magnis
1325 1543 1491 1598 majora

107 1609 350 1674 dispergit:
374 1608 490 1655 valet
516 1618 658 1654 tamen
693 1608 939 1671 exemplum
970 1608 1024 1654 ad
1054 1610 1350 1669 castigandam
1379 1610 1489 1656 insi-

106 1675 322 1744 pientiam
346 1679 597 1728 surditatem
614 1716 625 1735 ‚
666 1680 744 1742 qui
769 1679 938 1739 fragore
962 1681 1135 1730 terroris
1166 1681 1336 1736 mutui,
1376 1682 1489 1727 sicut

107 1750 278 1814 aspides
311 1749 455 1796 surdae
484 1767 628 1795 rerum
661 1750 846 1795 voc-ibus
879 1750 1156 1801 obnituntur.
1190 1751 1361 1801 Clamat
1392 1752 1488 1798 Au—

108 1820 306 1881 gustinus
322 1858 331 1869 ,
350 1821 547 1884 Nequam
573 1830 635 1868 est
654 1820 883 1866 hominum
909 1821 1044 1877 natio,
1065 1822 1274 1867 naturalis
1298 1822 1459 1868 malitia
1476 1860 1486 1878 ,

107 1890 395 1936 immutabilis
418 1891 623 1950 cogitatio
647 1891 691 1935 in
711 1901 974 1953 perpetuum
994 1928 1004 1944 ‚
1037 1908 1178 1937 semen
1209 1892 1488 1938 maledictum

111 1962 166 2007 ab
189 1961 330 2007 initio.
364 1962 421 2005 Et
445 1961 730 2007 inveniuntur
759 1960 932 2017 adhuc,
960 1962 1035 2024 qui
1059 1962 1182 2007 illum
1216 1979 1303 2007 non
1332 1979 1494 2025 usque-

109 2048 283 2095 quaque
308 2031 544 2082 Manichaei
563 2042 791 2077 autument
815 2031 1065 2077 charactere
1093 2036 1376 2095 percussum‘)
1408 2035 1488 2078 111-

111 2112 384 2161 terrogentur
429 2101 563 2146 hodie
605 2101 874 2165 quicumque
921 2113 1021 2147 sunt
1061 2104 1252 2165 ipsarum
1296 2103 1490 2149 sordium

111 2182 338 2218 sectatores
365 2172 537 2235 publici
558 2190 568 2216 :
591 2172 623 2217 si
644 2171 761 2217 aliud
782 2172 968 2218 dixerint
987 2211 997 2229 ‚
1027 2190 1103 2218 nos
1138 2184 1344 2236 putemur
1364 2174 1492 2220 fuisse

110 2242 295 2293 mentiti.
326 2243 439 2303 Ergo
460 2243 492 2288 si
517 2253 579 2288 est
603 2242 769 2294 malitia
801 2244 1033 2299 naturalis,
1052 2244 1275 2307 quomodo
1299 2256 1339 2290 te
1367 2245 1493 2305 fingis

111 2313 267 2360 malam
290 2330 377 2358 non
399 2313 683 2376 pronuntiare
698 2317 934 2363 naturam?
963 2314 1008 2359 Si
1033 2326 1094 2359 est
1112 2331 1255 2360 semen
1276 2315 1490 2364 maledic-

112 2394 204 2434 tum
228 2383 284 2428 ab
306 2382 431 2428 initio
450 2420 460 2438 ‚
489 2383 710 2446 quomodo
733 2394 772 2429 te
791 2383 900 2431 dicis
925 2385 1029 2431 vitia
1056 2385 1330 2431 voluntatum
1355 2402 1491 2431 accu-

112 2470 204 2504 sare
219 2490 230 2510 ,
258 2470 346 2498 non
365 2453 575 2498 seminum
593 2456 611 2499 ἱ)
631 2454 675 2498 Si
696 2453 984 2502 immutabilis
1009 2456 1214 2515 cogitatio
1245 2456 1491 2517 malignan-

114 2525 223 2569 tium
236 2534 315 2580 est‚
333 2522 556 2587 quomodo
574 2533 613 2569 te
629 2527 794 2586 pejeras
807 2523 995 2571 liberum
1015 2526 1245 2571 arbitrium
1266 2526 1494 2572 confiteri?

166 2612 275 2643 ¹Vide
291 2612 347 2645 lib.
367 2623 396 2642 2.
411 2612 449 2643 de
468 2614 568 2656 Nupt.
585 2618 614 2644 et
631 2614 744 2651 Cone.‚
762 2623 830 2656 cap.
855 2626 886 2653 7.
