1863 3262
362 290 454 338 260
776 306 809 335 5.
854 304 1097 336 Aueus'riar
1135 306 1340 337 EPISCOPI

359 371 505 417 monia
529 385 618 417 non
642 371 898 435 protulerim
923 391 934 425 3
961 389 1014 416 an
1038 389 1060 416 a
1084 389 1150 418 me
1176 372 1347 436 prolata
1371 372 1609 438 depravare
1626 373 1742 420 frus-

360 453 427 489 tra
450 443 541 506 ipse
561 453 741 488 conatus
767 443 834 489 sis.

427 516 569 561 cxli.
600 515 624 559 J
635 532 699 562 ur„
728 538 747 556 u
767 514 850 560 Sed
870 514 979 560 bene
998 515 1116 579 quod
1140 533 1216 562 nos
1230 534 1356 562 onere
1379 516 1527 563 talium
1539 532 1742 580 persona-

358 585 611 650 rum'prior
646 586 843 634 levasti1.
885 588 993 632 Nam
1029 587 1072 632 in
1106 587 1223 634 libro
1256 606 1385 652 quem
1423 588 1476 634 ad
1502 588 1743 634 Timasium

358 669 510 704 contra
535 658 723 703 liberum
745 658 977 703 arbitrium
1001 658 1196 714 texuisti,
1227 675 1329 704 cum
1352 670 1524 705 sanctus
1544 658 1744 718 Pelagius

355 728 671 775 venerabilium
698 729 894 775 virorum
921 739 1008 774 tam
1031 729 1250 774 Ambrosii
1274 746 1405 792 quam
1435 729 1646 794 Cypriani
1673 746 1744 775 re-

356 800 561 846 cordatus
583 799 730 845 fuisset
744 837 754 857 ,
771 800 846 864 qui
866 800 1054 845 liberum
1071 799 1302 845 arbitrium
1320 801 1365 846 in
1384 800 1509 846 libris
1526 800 1610 846 suis
1626 817 1744 846 com-

356 871 668 918 mendaverant
691 908 701 927 ‚
741 871 1001 935 respondisti
1039 871 1161 917 nulla
1204 881 1243 916 te
1278 872 1447 932 gravari
1484 872 1743 918 auctoritate

355 943 507 989 talium
526 960 536 987 ε
555 942 613 987 ita
635 953 684 988 ut
711 943 873 989 diceres
893 980 903 998 ‚
922 960 991 988 605
1012 959 1215 1005 processu
1232 943 1335 989 vitae
1353 943 1542 989 melioris
1558 980 1569 999 ,
1587 943 1619 989 51
1636 942 1743 1006 quid

356 1013 467 1058 male
487 1024 705 1058 senserant
724 1050 733 1069 ,
756 1014 959 1076 expiasse.
995 1015 1089 1059 Tua
1108 1014 1190 1059 tibi
1218 1013 1271 1059 ad
1302 1014 1387 1060 hoc
1407 1015 1539 1061 relata
1562 1015 1670 1071 sint,
1694 1024 1743 1060 ut

353 1084 536 1132 excitare
559 1084 612 1130 de
629 1084 727 1130 solis
748 1085 1005 1131 nominibus
1022 1085 1249 1131 erubescas
1268 1085 1493 1133 invidiam.
1524 1090 1742 1132 Caeterum

350 1156 419 1203 vel
448 1156 665 1203 Ambrosii
692 1155 807 1202 dicta
830 1194 841 1212 ‚
871 1156 940 1203 vel
967 1156 1180 1213 aliorum,
1216 1174 1406 1221 quorum
1446 1158 1607 1204 fanmm
1642 1175 1742 1205 ves-

353 1239 521 1274 trorum
561 1227 752 1272 nitimini
790 1228 1009 1274 maculare
1036 1228 1286 1286 consortio,
1320 1228 1435 1276 clara
1466 1229 1743 1293 benignaque

353 1309 534 1363 possunt
556 1297 721 1344 ratione
740 1298 928 1347 defendi.
955 1322 975 1342 ι)

423 1373 537 1418 Aue.
570 1370 757 1415 Tantam
782 1370 1024 1416 caecitatem
1055 1370 1198 1418 cordia
1230 1372 1311 1418 tibi
1345 1371 1538 1436 potuisse
1563 1371 1741 1417 contin-

353 1460 474 1506 gere,
510 1440 609 1505 quis
648 1439 810 1496 credit,
849 1441 929 1486 nisi
965 1441 1042 1504 qui
1067 1441 1167 1487 baec
1208 1442 1338 1502 legit?
1366 1445 1434 1489 Tu
1470 1442 1577 1488 (11615
1619 1441 1741 1506 quod

353 1539 373 1558 «
401 1515 447 1560 Si
483 1510 649 1575 aliquid
691 1512 957 1558 auctoratius
999 1512 1214 1558 offendere
1234 1551 1244 1569 ‚
1274 1535 1294 1556 n
1326 1514 1372 1560 id
1410 1524 1504 1569 est,
1546 1513 1741 1559 invenire

351 1609 372 1629 α
397 1585 637 1632 I'otuissem
656 1622 666 1642 9
693 1601 715 1628 a
751 1583 1075 1648 disputatorum
1107 1584 1236 1630 dictis
1255 1622 1266 1642 ‚
1295 1607 1315 1627 ›>
1347 1586 1414 1632 vel
1453 1586 1565 1631 sicut
1601 1595 1646 1630 tu
1668 1584 1741 1630 lo-

349 1659 494 1723 queris
513 1696 523 1713 ‚
554 1680 575 1701 c<
595 1656 919 1712 Dictiunculis‚
950 1665 1283 1718 temperassem3
1316 1679 1334 1698 υ
1374 1668 1415 1702 et
1448 1656 1659 1702 continuo
1693 1666 1741 1701 tu

351 1729 444 1794 ipse
470 1729 607 1786 dicis,
637 1728 863 1788 Pelagium
883 1763 894 1782 ‚
933 1742 1064 1790 quem
1099 1743 1229 1771 vocas
1259 1738 1485 1783 sanctum,
1517 1727 1561 1772 111
1587 1725 1740 1772 defen-

351 1799 469 1845 sione
490 1799 617 1844 liberi
641 1798 810 1845 arbitrii
827 1796 1096 1844 venerabiles
1119 1796 1231 1842 viros
1257 1798 1530 1861 Cyprianum
1556 1807 1599 1843 et
1632 1798 1743 1843 Am-

350 1871 546 1919 brosium
571 1881 697 1916 testes
729 1867 981 1915 adhibuisse
1006 1884 1016 1912 :
1039 1884 1119 1913 nec
1153 1868 1340 1914 attendis
1363 1867 1740 1932 quemadmodum

350 1945 439 1990 hoe
464 1942 651 1989 dicendo
686 1941 919 2000 redarguas
945 1939 1200 1999 magistrum
1238 1950 1360 1986 tuum
1392 1940 1618 2003 ipsamque
1642 1939 1739 1985 1]ae-

352 2017 479 2064 resim
517 2024 716 2062 vestram.
761 2009 1015 2057 Secundum
1043 2020 1163 2055 tuam
1204 2011 1371 2074 quippe
1396 2012 1677 2065 sententiam,
1706 2009 1740 2054 si

353 2087 519 2153 aliquid
548 2084 750 2144 Pelagius
766 2099 848 2146 pro
874 2098 923 2126 eo
951 2079 1070 2144 quod
1088 2079 1374 2136 defendebat,
1405 2081 1672 2127 auctoratius
1695 2079 1740 2125 in

352 2159 527 2224 scriptis
562 2154 784 2202 canonicis
812 2151 1071 2207 invenisset,
1094 2169 1117 2196 a
1140 2151 1463 2214 disputatorum
1488 2151 1741 2196 testimoniis

355 2238 649 2296 temperasset.
682 2222 873 2282 Quando
889 2222 969 2267 ista
994 2221 1157 2267 diceres
1173 2259 1184 2277 ‚
1211 2222 1292 2267 nisi
1317 2232 1355 2267 te
1380 2222 1439 2268 ita
1462 2221 1741 2286 perturbaret

357 2301 614 2353 Ambrosius
632 2336 643 2355 ,
665 2307 714 2343 ut
732 2292 1027 2341 adversarium
1047 2292 1193 2339 subito
1213 2292 1414 2353 Pelagius
1438 2291 1675 2356 reperiret?

422 2399 442 2420 α
471 2372 555 2421 Sed
584 2369 707 2435 prior
739 2383 814 2412 vos
833 2363 996 2420 levavi,
1026 2373 1075 2409 ut
1104 2362 1239 2418 dicis,
1264 2380 1391 2409 onere
1412 2363 1565 2409 talium
1586 2379 1739 2427 perso-

355 2464 513 2497 narum
533 2482 544 2502 ‚
571 2465 593 2485 »
620 2436 839 2488 Ambrosii
862 2433 1091 2492 videlicet,
1124 2438 1302 2499 ejusque
1333 2434 1564 2482 sociorum.
1606 2433 1739 2479 Plane

353 2523 443 2568 hoc
464 2533 589 2565 onere
602 2515 660 2560 ita
678 2507 908 2576 premeris,
934 2515 1083 2551 utnon
1105 2506 1243 2552 solum
1261 2506 1548 2570 oppriniarIS‚
1567 2522 1738 2552 verum-

353 2595 483 2642 etiam
504 2583 740 2637 conteraris
755 2619 766 2640 ,
790 2591 832 2627 et
853 2580 930 2625 fias
953 2577 1098 2642 pulvis
1111 2596 1240 2644 quem
1265 2578 1442 2643 projicit
1458 2588 1610 2627 ventus
1624 2595 1648 2624 a
1668 2576 1737 2624 fa-

403 2680 413 2702 1
435 2675 518 2709 vide
532 2683 626 2717 supra
647 2669 706 2704 lib.
722 2667 761 2701 de.
777 2668 897 2699 Natura
911 2669 943 2697 et
960 2664 1083 2705 Gratia,
1102 2675 1129 2697 c.
1145 2666 1200 2698 61.
