1824 3236
160 269 317 301 OPERIS
353 268 616 301 IMPERFECTI
654 270 828 300 CONTRA
864 272 1109 313 JULIANL‘M,
1151 274 1237 305 Llss.
1282 276 1339 307 lV.
1390 261 1476 308 301

108 335 153 383 in
178 336 392 382 maculam
419 335 580 382 divinae
600 335 816 398 aequitatis
834 337 1055 382 ausculat:
1083 339 1152 384 sed
1177 350 1223 385 ut
1243 342 1380 388 Deum
1396 360 1485 389 non

108 406 246 452 solum
271 407 423 459 credit,
447 406 726 451 verumetiam
747 407 867 451 novit
886 408 1078 453 omnium
1100 420 1351 457 naturarum
1371 430 1486 459 crea-

108 487 276 530 torem;
305 477 367 522 ibi
390 475 408 505 1
429 486 657 539 peccatum
694 473 803 522 nulli
843 476 912 522 alii
948 495 1078 540 quam
1113 479 1263 527 liberae
1299 483 1489 546 imputat

108 547 357 594 voluntati:
389 563 464 609 per
487 563 588 611 quae
622 547 766 592 omnia
801 547 1021 593 traducem
1052 551 1218 612 peccati
1235 552 1384 599 falsam
1402 571 1489 601 esse

108 635 197 664 non
211 617 398 664 dubitat.

176 689 289 734 Aee.
311 685 541 733 Catholica
556 687 699 750 potius
718 687 823 734 fides
837 699 1067 752 peccatum
1079 707 1164 736 esse
1180 693 1387 753 originale
1402 711 1491 741 non

111 757 286 804 dubitat
312 775 322 803 z
350 774 482 822 quam
507 757 637 803 fidem
659 775 744 804 non
765 758 955 822 pueruli,
983 759 1055 805 sed
1073 777 1220 820 graves
1245 774 1372 827 atque
1389 782 1492 810 con-

111 839 271 875 stantes
294 829 396 885 viri,
418 828 537 874 docti
561 829 606 874 in
633 829 844 885 Ecclesia,
865 841 906 875 et
925 830 1126 877 docentes
1143 833 1396 890 Ecclesiam,
1424 851 1492 880 us-

111 917 196 964 que
222 900 276 946 ad
297 899 409 946 diem
430 899 494 945 sui
523 899 668 945 obitus
692 900 990 948 defenderunt.
1019 902 1103 948 Vos
1126 915 1270 949 autem
1294 925 1314 945 α
1337 905 1492 965 Legem

111 973 194 1018 Dei
218 972 443 1018 adversum
463 988 522 1026 se,
567 971 680 1017 sicut
695 971 804 1018 dicis
823 1010 833 1028 ‚
857 976 1063 1033 jurgare»
1089 992 1177 1020 non
1219 976 1416 1034 creditis,
1452 987 1495 1023 et

111 1040 197 1108 ipsi
221 1043 424 1089 adversus
442 1060 535 1088 eam
558 1060 674 1089 caeca
695 1044 918 1107 impietate
940 1045 1006 1091 vel
1030 1046 1165 1109 impia
1183 1049 1379 1094 caecitate
1398 1052 1491 1109 jur·

113 1114 236 1175 gatis.
264 1114 368 1160 ldeo
385 1115 498 1159 enim
524 1135 543 1155 «
568 1114 884 1160 Auctoritatem
900 1115 1065 1161 nullam
1091 1118 1135 1162 in
1160 1118 1333 1164 exitium
1356 1120 1494 1165 ratio-

113 1185 180 1231 nis
209 1201 284 1230 vos
309 1185 484 1244 jactatis
523 1185 774 1239 admittere3
794 1208 812 1226 »
846 1196 893 1230 ut
926 1187 1168 1233 rationibus
1203 1191 1368 1245 vestris,
1391 1207 1494 1254 quae

114 1273 200 1301 non
226 1255 410 1300 rationes
433 1255 506 1300 sed
533 1255 808 1319 deceptiones
831 1266 948 1311 sunt,
978 1257 1108 1302 etiam
1133 1259 1280 1304 divina
1298 1259 1498 1323 depona-

114 1335 188 1371 tur
205 1325 380 1389 potius‚
407 1343 538 1389 quam
564 1337 806 1389 exponatur
838 1327 1086 1374 auctoritas.
1136 1329 1346 1384 Quamvis
1373 1347 1499 1376 nemo

115 1396 175 1442 ita
193 1413 279 1441 esse
294 1395 449 1440 debeat
470 1396 610 1455 gravis
634 1396 781 1452 corde,
804 1408 852 1442 ut
871 1397 1119 1460 decipiatur
1134 1399 1299 1445 ratione
1315 1400 1495 1461 Pelagii,

116 1483 247 1531 quam
261 1466 357 1512 vult
377 1484 594 1530 exponens
616 1467 874 1530 Apostolum
897 1467 1095 1531 protulit,
1113 1479 1154 1514 et
1175 1470 1262 1516 ait:
1285 1493 1305 1513 «
1328 1473 1501 1535 Corpus

118 1548 339 1583 mortuum
369 1547 552 1600 propter
576 1548 806 1600 peccatum
826 1576 836 1594 ‚
880 1538 977 1583 ideo
1014 1538 1180 1585 dictum
1203 1541 1305 1604 quia
1340 1559 1501 1605 corpus

119 1608 305 1654 moritur
327 1609 533 1672 peccatis,
572 1608 749 1672 quando
776 1609 984 1654 avertitur
1001 1627 1023 1654 a
1057 1611 1259 1673 peccatis.
1293 1634 1313 1653 ι)
1337 1614 1502 1659 Contra

119 1695 252 1742 quam
277 1678 510 1724 vanitatem
538 1696 624 1724 non
657 1678 992 1742 disputandum,
1033 1680 1106 1726 sed
1137 1683 1371 1745 Apostolus
1410 1685 1503 1748 ipse

119 1748 325 1809 legendus
347 1759 426 1805 est,
454 1749 602 1795 dicens
629 1767 639 1794 :
667 1771 687 1791 <c
711 1751 917 1796 Siautem
944 1751 1144 1797 Christus
1167 1753 1214 1798 in
1234 1755 1376 1811 vobis,
1408 1773 1502 1801 cor·

123 1837 247 1884 »pus
267 1819 445 1884 quidem
481 1831 702 1867 mortuum
728 1833 789 1867 est
815 1833 995 1886 propter
1034 1835 1285 1886 peccatum,
1327 1826 1503 1890 spiritus

123 1911 144 1933 »
172 1902 312 1937 autem
335 1891 422 1936 vita
446 1903 508 1937 est
528 1903 710 1955 propter
724 1893 958 1952 justitiam;
976 1893 1009 1938 si
1031 1904 1170 1939 autem
1190 1896 1366 1958 spiritus
1391 1901 1500 1957 ejus,

125 1983 146 2004 ))
173 1961 248 2024 qui
268 1961 490 2007 suscitavit
511 1966 656 2008 Jesum
687 1981 708 2008 a
733 1963 931 2016 mortuis,
964 1962 1199 2010 habitatin
1221 1967 1363 2019 vobis,
1390 1969 1505 2014 vivi-

125 2054 145 2074 »
170 2032 324 2078 ficabit
356 2042 397 2077 et
433 2033 633 2078 mortalia
676 2050 862 2097 corpora
898 2045 1036 2079 vestra
1078 2053 1157 2098 per
1187 2037 1509 2085 inhabitantem

126 2124 147 2145 »
173 2102 374 2166 spiritum
393 2106 483 2163 ejus
501 2103 545 2148 in
567 2104 731 2151 vobis2.
751 2126 770 2145 >2
785 2104 904 2161 Quid
924 2107 1143 2167 apertius?
1159 2107 1266 2170 quid
1286 2108 1506 2156 lucidius?

127 2175 236 2232 Quis
261 2191 383 2234 roge,
416 2185 567 2221 contra
589 2176 712 2221 istam
752 2176 1160 2231 manifestationem,
1184 2179 1266 2225 nisi
1301 2179 1507 2228 haeretica

127 2245 310 2300 insania,
338 2256 512 2305 negaret
530 2246 738 2306 originale
763 2258 994 2310 peccatum
1019 2252 1037 2294 Ξ)
1058 2248 1247 2312 Propter
1262 2251 1383 2313 quod
1403 2269 1509 2315 pec-

129 2327 274 2362 catum
295 2316 427 2361 etiam
462 2333 580 2363 nunc
604 2317 754 2379 utique
794 2317 940 2364 adhuc
968 2335 1127 2381 corpus
1158 2330 1218 2364 est
1256 2333 1508 2375 mo1·tuum;

130 2384 327 2449 quamvis
364 2389 454 2445 jam
470 2397 652 2449 propter
670 2388 885 2447 justitiam
911 2388 997 2433 vita
1018 2390 1072 2434 sit
1104 2389 1296 2452 spiritus.
1340 2392 1424 2438 Sed
1444 2393 1512 2439 vi-

129 2455 346 2510 vificabit,
380 2455 542 2519 inquit,
573 2459 687 2503 Deus
708 2469 749 2503 et
774 2458 974 2504 mortalia
1011 2476 1197 2523 corpora
1223 2473 1376 2509 vestra.
1406 2464 1515 2519 Quis

132 2525 370 2572 oblatraret
389 2526 494 2572 huic
520 2527 707 2584 veritati,
736 2529 817 2574 nisi
836 2529 978 2576 rabies
1002 2530 1221 2589 vanitatis,
1241 2549 1341 2598 quae
1362 2551 1404 2580 se
1416 2538 1517 2595 jac-

183 2609 193 2631 ¹
212 2611 307 2641 Forte
323 2608 377 2642 ita.
397 2626 438 2632 —
457 2608 473 2632 ²
488 2612 584 2645 Rom.
608 2621 680 2652 uu,
705 2621 754 2655 10,
779 2623 833 2644 11.
