1824 3236
296 269 390 330 390
716 280 752 309 s.
796 277 1041 309 Areusrmr
1071 276 1281 311 Emscom

298 358 348 393 ut
366 346 480 392 nihil
498 345 552 391 sit
571 344 691 391 aliud
715 355 949 408 peccatum
969 381 980 401 ,
1003 361 1135 408 quam
1163 344 1363 391 voluntas
1384 341 1539 403 agendi
1561 342 1681 405 quod

291 418 461 480 justitia
479 427 624 473 vetat,
653 427 695 462 et
719 416 834 462 unde
864 416 1052 462 liberum
1073 427 1135 462 est
1165 415 1391 461 abstinere.
1424 414 1470 459 Si
1490 414 1604 459 nihil
1628 414 1683 459 sit

301 500 446 536 autem
467 488 587 534 aliud
604 488 805 535 voluntas
819 525 831 543 ,
853 505 985 552 quam
1002 499 1145 533 motus
1164 488 1320 543 animi,
1337 496 1517 546 cogente
1532 485 1680 539 nullo;

300 560 522 624 quomodo
545 576 644 619 ergo
666 561 781 605 Deus
800 597 810 615 ,
834 571 882 605 ut
896 559 1112 605 mundum
1131 558 1292 604 faceret
1308 596 1318 610 ,
1341 576 1363 603 a
1383 556 1583 620 possibili
1601 556 1683 602 ha-

300 632 401 679 buit
418 653 430 687 ;
459 631 649 676 mundus
670 642 814 677 autem
834 631 925 694 ipse
945 668 954 687 ‚
978 641 1027 676 ut
1044 631 1236 676 existeret
1253 667 1263 685 ,
1286 648 1309 675 a
1326 628 1564 675 necessario
1583 645 1686 690 per-

301 704 436 750 tulit:
462 703 521 749 ita
543 703 668 747 etiam
696 702 741 747 in
774 702 959 761 imagine
992 702 1073 747 Dei
1108 700 1246 746 simile
1279 699 1489 763 quiddam
1523 697 1686 744 intelli-

304 775 435 835 gitur.
462 773 642 836 Quippe
660 783 706 817 ut
723 773 908 828 habeat,
935 788 1069 835 quam
1095 771 1268 831 elegerit
1294 770 1579 824 voluntatem,
1600 786 1688 814 non

306 849 503 908 cogitur3
530 845 602 891 sed
633 865 654 891 a
678 845 873 908 possibili
898 845 935 890 ci
959 844 1076 891 Venit
1099 862 1109 889 ε
1134 843 1245 890 illud
1265 854 1408 889 autem
1433 842 1553 905 quod
1580 841 1691 886 male

306 917 484 972 fecerit,
529 916 824 961 necessitatem
849 915 986 960 habet
1024 925 1178 960 reatus.
1219 915 1285 960 Ita
1319 914 1485 959 crimen
1507 930 1531 957 a
1553 928 1693 957 neces-

309 989 420 1034 sario
445 985 631 1033 incurrit
648 986 874 1031 horrorem
895 1006 905 1039 3
930 986 1031 1032 licet
1055 997 1251 1032 exortum
1276 986 1357 1041 sit,
1388 1002 1475 1030 non
1501 1002 1523 1029 a
1544 1000 1691 1028 ncces-

308 1061 432 1104 sitate
449 1094 459 1113 ‚
482 1057 554 1103 sed
592 1074 613 1101 a
639 1056 928 1120 possibilitate
952 1056 1166 1103 facientis.
1199 1057 1326 1120 Opus
1348 1073 1449 1115 ergo
1472 1053 1696 1118 possibili-

307 1128 409 1176 tatis
432 1127 725 1174 testimonium
752 1127 958 1173 estliberi
986 1127 1233 1173 animantis.
1261 1149 1281 1169 >³

382 1201 494 1246 AUG.
525 1202 619 1243 Jam
647 1209 688 1243 te
712 1198 891 1243 omnino
914 1197 1120 1258 negligit,
1147 1197 1223 1261 qui
1254 1214 1302 1243 ea
1326 1212 1426 1260 quae
1451 1194 1533 1240 tibi
1566 1210 1700 1256 supra

310 1269 616 1334 respondimus
635 1307 645 1324 ‚
669 1269 784 1329 legit.
806 1269 1027 1325 Quoniam
1047 1269 1124 1332 qui
1142 1269 1250 1315 dicit
1272 1287 1283 1314 ι
1307 1291 1328 1311 «
1346 1269 1441 1314 Non
1465 1265 1585 1330 quod
1601 1264 1699 1311 volo

314 1361 337 1384 >³
356 1340 469 1385 facio
489 1339 654 1385 bonum
671 1377 681 1395 ,
705 1339 778 1385 sed
801 1340 920 1402 quod
944 1339 1045 1385 nolo
1066 1340 1231 1386 malum
1252 1341 1339 1385 hoc
1360 1337 1495 1398 ago13
1518 1360 1537 1379 >2
1559 1352 1700 1382 neces-

315 1411 440 1456 sitate
461 1426 504 1455 se
530 1410 581 1455 ad
602 1410 816 1469 agendum
842 1410 1006 1455 malum
1028 1411 1169 1473 premi
1192 1411 1292 1457 satis
1326 1420 1472 1473 aperte
1504 1408 1671 1454 indicat
1688 1443 1698 1461 ,

319 1492 364 1526 ct
394 1480 582 1526 ostendit
604 1479 758 1526 falsum
787 1498 874 1525 esso
898 1481 1017 1544 quod
1049 1481 1158 1526 dicis
1183 1499 1192 1526 :
1222 1502 1241 1522 «
1262 1482 1319 1526 Ut
1342 1479 1504 1525 malum
1541 1477 1672 1523 faciat
1689 1514 1699 1532 ,

319 1568 408 1597 non
424 1551 662 1596 necessario
679 1588 688 1601 .
711 1551 783 1596 sed
805 1551 1003 1614 possibili
1017 1568 1094 1597 suo
1114 1551 1243 1597 debet
1265 1570 1276 1597 ι
1301 1574 1320 1593 »
1342 1563 1384 1596 ct
1406 1561 1561 1596 caetcra
1578 1548 1676 1593 talia
1690 1585 1700 1604 ,

318 1639 420 1685 quae
435 1621 783 1681 garrisinanitcr.
810 1623 882 1667 Sic
902 1623 950 1667 fit
970 1621 1055 1667 ulla
1077 1622 1272 1668 definitio
1289 1660 1299 1680 ‚
1319 1640 1404 1686 qua
1422 1622 1602 1673 dicitur,
1621 1636 1707 1664 esse

318 1701 550 1756 peccatum
573 1690 774 1737 voluntas
799 1691 952 1752 agendi
968 1693 1264 1755 quodjustitia
1284 1703 1429 1749 vetat,
1453 1703 1494 1737 et
1512 1690 1627 1737 unde
1650 1689 1707 1733 li-

321 1763 478 1807 berum
503 1771 563 1806 est
581 1762 794 1807 abstinere
811 1800 821 1818 ‚
844 1763 954 1808 illud
975 1774 1204 1826 peccatum
1230 1764 1569 1827 complectatur,
1598 1761 1709 1805 sicut

320 1834 410 1892 jam
431 1832 626 1894 superius
645 1832 876 1888 admonui,
896 1834 1015 1896 quod
1040 1845 1160 1879 tantu
1170 1852 1206 1879 m
1216 1835 1344 1881 modo
1369 1845 1597 1898 peccatum
1617 1842 1678 1877 est
1696 1868 1706 1887 ,

323 1920 411 1949 non
444 1902 565 1966 quod
595 1903 722 1949 etiam
756 1921 888 1967 poena
914 1906 1099 1968 peccati.
1136 1906 1231 1951 'sali
1263 1924 1455 1970 namque
1477 1922 1611 1970 poena
1636 1904 1711 1948 istc

326 1973 482 2033 agebat
510 1974 631 2038 quod
658 1974 837 2021 nolebat
871 1976 1066 2031 malum3
1097 1977 1212 2023 unde
1235 1978 1299 2024 illi
1333 1979 1364 2024 si
1390 1979 1578 2025 liberum
1608 1984 1714 2020 esset

330 2044 566 2101 abstinere,
589 2062 868 2110 nequaquam
893 2047 1055 2093 diceret
1075 2065 1085 2093 :
1107 2049 1234 2094 «Non
1248 2048 1368 2112 quod
1383 2048 1483 2094 volo
1507 2047 1615 2092 facio
1638 2046 1715 2091 bo-

330 2137 345 2155 »
362 2131 486 2171 num,
504 2115 577 2161 sed
594 2116 711 2179 quod
725 2117 826 2163 nolo
840 2118 1002 2164 malum
1021 2119 1108 2165 1100
1129 2136 1222 2179 ago.
1243 2142 1257 2160 »
1276 2120 1399 2165 Sicut
1420 2136 1519 2179 ergo
1544 2133 1622 2163 nos
1649 2133 1716 2175 ag-

328 2185 549 2231 noscimus
573 2186 795 2233 homincm
826 2189 871 2233 in
902 2207 1087 2252 corpore
1112 2190 1215 2236 vitae
1247 2190 1363 2236 illius
1386 2191 1567 2236 beatum
1591 2225 1600 2244 ,
1638 2187 1717 2232 ubi

329 2255 519 2301 liberum
545 2256 706 2303 habuit
724 2259 844 2322 quod
868 2259 994 2305 vellet
1021 2277 1165 2320 agere,
1190 2261 1277 2307 sive
1292 2261 1460 2306 bonum
1477 2297 1488 2316 ,
1510 2260 1598 2306 sive
1617 2275 1717 2303 ma-

330 2325 424 2372 lum
448 2344 459 2371 :
487 2328 549 2373 sic
568 2338 610 2373 et
632 2339 678 2374 tu
697 2346 878 2390 agnosce
901 2330 1121 2376 hominem
1140 2332 1184 2377 in
1204 2348 1389 2395 corpore
1415 2331 1567 2377 mortis
1586 2329 1719 2389 hujus

331 2396 533 2444 miserum
550 2435 560 2454 ‚
582 2399 660 2445 ubi
684 2401 856 2464 perdita
883 2401 1085 2447 libertate
1109 2402 1233 2448 audis
1258 2420 1359 2449 eum
1376 2402 1519 2448 dicere
1542 2419 1552 2447 :
1578 2422 1598 2443 α
1619 2402 1718 2446 Non

332 2487 353 2508 »
376 2469 499 2532 quod
530 2469 629 2515 volo
653 2488 731 2531 ago
751 2509 761 2528 ,
791 2471 864 2518 sed
895 2471 1014 2535 quod
1044 2472 1117 2518 odi
1142 2473 1254 2522 illud
1278 2473 1417 2530 facio;
1442 2495 1462 2515 »
1486 2482 1552 2527 et,
1580 2493 1599 2512 «
1620 2472 1719 2517 Non

331 2558 352 2581 >2
379 2539 500 2602 quod
532 2541 632 2588 volo
665 2542 778 2589 facio
802 2543 968 2590 bonum
988 2581 999 2600 ‚
1033 2544 1107 2594 sed
1143 2544 1267 2610 quod
1304 2545 1407 2591 nolo
1431 2543 1595 2590 malum
1632 2542 1718 2587 hoc

381 2624 392 2645 ¹
411 2628 506 2658 Rom.
526 2635 589 2668 vn,
612 2635 666 2667 19.
