1863 3262
298 262 327 309 8
723 282 760 313 S.
803 282 1048 312 AUGUSTINI
1086 282 1292 312 EPISCOPI

301 357 427 393 aetate
448 348 713 404 moriuntur,
739 365 842 394 cum
867 349 951 395 siut
969 349 1176 409 imagines
1202 349 1298 405 Dei,
1324 367 1413 396 non
1441 350 1598 412 injuste
1612 362 1682 398 ta·-

301 435 417 472 men.
442 418 514 463 sed
529 418 697 481 peccati
717 419 935 478 originalis
952 419 1126 472 merito,
1140 418 1183 464 in
1198 436 1377 479 regnum
1399 421 1476 466 Dei
1496 439 1582 467 non
1594 438 1683 468 sus-

301 488 408 551 cipi,
437 488 640 534 dubitare
653 506 740 534 non
761 499 954 551 possunt.

365 560 465 606 Jur„
497 560 550 606 X.
586 560 802 623 Insipiens
841 575 942 618 ergo
979 558 1076 613 ille,
1101 558 1299 618 negando
1337 560 1498 616 Deum,
1525 563 1688 608 stetisse

298 630 344 675 in
361 630 516 675 extimo
538 631 770 676 criminum
791 629 1024 675 videbatur
1057 646 1068 674 t
1097 639 1140 674 at
1159 629 1337 675 inventa
1366 641 1429 676 est
1453 632 1572 677 natio
1592 636 1687 678 Ma-

300 700 576 746 nichaeorum
598 712 639 746 et
660 699 1041 746 Traducianorum
1059 735 1070 755 ,
1092 703 1217 760 cujus
1235 699 1576 763 profanitatibus
1587 702 1689 747 vin-

300 782 483 818 ceretur.
516 792 536 813 n

368 844 484 889 AuG.
520 842 669 888 Sciens
684 857 817 905 quam
842 840 947 886 clari
970 841 1236 905 probatique
1254 841 1453 888 doctores
1476 842 1684 888 Ecclesiae

303 913 486 969 Christi,
509 913 561 959 de
578 923 760 977 peccato
777 911 979 972 orignali,
1001 923 1043 958 et
1057 912 1287 974 dejustitia
1305 912 1404 967 Dei,
1419 911 1539 976 quod
1560 912 1692 959 credo

302 983 584 1040 crediderint,
603 983 724 1048 quod
742 983 877 1029 doceo
901 982 1151 1038 docuerint,
1181 982 1301 1047 quod
1326 982 1513 1030 defendo
1539 983 1693 1029 defen-

303 1054 475 1109 derint;
503 1055 563 1101 sic
588 1055 739 1101 audire
763 1054 901 1100 debeo
920 1054 1206 1101 contumelias
1230 1065 1326 1100 tuas
1349 1054 1572 1118 quomodo
1593 1053 1692 1100 lau-

307 1124 381 1170 des
405 1142 538 1172 meas,

371 1196 450 1242 XI.
478 1196 502 1241 J
512 1212 578 1242 UL.
617 1217 637 1237 «
658 1194 744 1241 Sed
770 1206 818 1242 ut
849 1206 1118 1241 revertamur
1143 1196 1259 1241 unde
1284 1195 1481 1257 disgressi
1507 1212 1656 1243 sumus
1680 1214 1691 1242 t

304 1265 491 1328 liquerat
509 1267 564 1312 ab
579 1283 629 1312 eo
655 1283 782 1329 quem
809 1266 1043 1312 fateremur
1068 1283 1217 1312 verum
1239 1268 1399 1323 Deum,
1427 1266 1540 1312 nihil
1559 1267 1695 1327 inju-

305 1337 422 1382 dicio
444 1354 565 1400 posse
585 1338 695 1393 fieri,
720 1337 839 1401 quod
872 1339 1057 1397 justitiae
1079 1348 1342 1401 repugnaret
1371 1355 1382 1383 ε
1419 1355 1468 1383 ac
1486 1355 1564 1401 per
1588 1338 1692 1394 hoc,

306 1424 385 1452 nec
407 1425 489 1471 pro
509 1409 656 1454 alienis
678 1409 870 1472 peccatis
892 1426 1135 1473 quosquam
1159 1426 1251 1455 reos
1273 1408 1433 1462 teneri;
1453 1422 1582 1472 atque
1599 1408 1696 1454 ideo

306 1480 872 1526 nascentuminnocentiam
897 1498 1176 1545 nequaquam
1193 1480 1393 1526 damnari
1417 1481 1475 1526 ob
1494 1480 1697 1544 iniquita·

311 1559 394 1594 tem
418 1561 647 1613 parentum
668 1571 678 1605 3
706 1551 807 1615 quia
828 1551 1041 1611 injustum
1066 1563 1170 1597 esset
1199 1563 1246 1597 ut
1274 1562 1415 1597 reatus
1438 1568 1516 1615 per
1536 1552 1699 1598 semina

310 1620 568 1669 traderetur.
598 1644 618 1664 »

376 1692 489 1738 Ana.
525 1694 617 1739 Cur
640 1710 740 1754 ergo
770 1693 939 1740 dictum
971 1705 1109 1740 esset:
1145 1717 1165 1737 <‹
1193 1695 1349 1740 Semen
1379 1711 1529 1740 eorum
1562 1692 1700 1738 male-

311 1784 332 1805 »
356 1762 525 1809 dictum
540 1764 596 1809 ab
614 1765 741 1810 initio
761 1763 792 1811 1.
815 1788 834 1806 »
864 1766 958 1810 *Non
971 1766 1085 1811 enim
1100 1766 1160 1811 sic
1175 1765 1345 1811 dictum
1359 1775 1438 1820 est,
1453 1762 1695 1828 quomodo,

310 1854 330 1874 «
357 1833 512 1879 Semen
538 1835 751 1880 Chanaan
776 1846 817 1880 et
858 1853 944 1880 non
984 1836 1101 1881 Juda
1122 1837 1140 1864 2
1162 1853 1173 1881 ι
1203 1857 1222 1877 n
1245 1835 1323 1881 ubi
1350 1835 1697 1881 demonstratum

310 1915 371 1950 est
393 1905 555 1968 quibus
573 1905 730 1952 similes
758 1906 865 1952 facti
887 1917 1010 1952 erant
1037 1917 1078 1953 et
1102 1925 1122 1952 a
1145 1907 1306 1970 quibus
1334 1906 1652 1966 denegaverant
1678 1921 1689 1948 :

311 1975 385 2020 sed
409 1977 762 2040 eorumipsorum
779 1994 925 2022 semen
941 1977 1050 2023 dixit
1071 1977 1371 2032 maledictum,
1396 1993 1505 2039 quos
1530 1985 1704 2021 natura-

307 2045 405 2091 liter
424 2046 559 2092 malos
582 2047 757 2093 volebat
777 2047 980 2107 intelligi,
1011 2048 1125 2094 sicut
1148 2059 1250 2093 sunt
1267 2064 1414 2093 omnes
1432 2046 1513 2092 filii
1536 2045 1697 2101 Adam,

307 2134 355 2162 ex
377 2118 540 2181 quibus
567 2119 702 2178 gratia
726 2120 839 2164 fiunt
864 2119 942 2164 filii
982 2119 1077 2166 Dei.
1109 2119 1196 2164 Ubi
1222 2119 1335 2164 enim
1361 2117 1540 2172 dicitur,
1564 2138 1584 2158 α
1607 2116 1706 2161 Non

311 2209 332 2230 »
348 2189 552 2249 ignorans
570 2190 780 2254 quoniam
795 2207 980 2253 nequam
998 2201 1059 2236 est
1082 2191 1200 2236 natio
1217 2190 1404 2244 illorum,
1431 2199 1480 2235 ut
1498 2187 1708 2234 naturalis

309 2281 330 2301 »
355 2260 518 2305 malitia
541 2260 757 2324 ipsorum,
783 2271 825 2307 et
847 2261 1057 2324 quoniam
1083 2279 1171 2307 non
1197 2271 1371 2325 poterat
1391 2260 1551 2306 mutari
1578 2258 1704 2319 cogi-

312 2352 332 2372 »
352 2332 458 2376 tatio
478 2331 652 2378 illorum
681 2333 727 2378 in
758 2343 1039 2397 perpetuum,
1061 2350 1205 2379 semen
1229 2333 1343 2379 enim
1371 2332 1550 2378 illorum
1568 2329 1708 2376 male-

309 2423 330 2444 »
352 2401 520 2449 dictum
550 2402 606 2448 ab
623 2402 748 2449 initio
770 2403 816 2449 ³:
841 2426 861 2446 »
896 2414 1008 2467 puto
1045 2404 1165 2468 quod
1202 2415 1372 2458 natura,
1398 2421 1488 2449 non
1515 2400 1676 2448 imitati

307 2473 614 2534 redarguitur3
651 2485 693 2520 et
726 2474 954 2539 quomodo
991 2486 1148 2521 natura
1174 2476 1257 2521 nisi
1300 2475 1452 2522 vitiata
1493 2482 1695 2538 peccato,

310 2545 458 2591 nonin
477 2544 620 2608 primo
642 2543 820 2591 homine
835 2545 897 2591 sic
923 2549 1101 2592 creata?
1129 2547 1164 2593 A
1180 2563 1269 2610 quo
1287 2562 1387 2606 ergo
1405 2544 1580 2591 initium
1601 2558 1707 2588 ma-

354 2628 364 2651 ¹
385 2630 459 2672 Sap.
484 2639 542 2667 xu,
568 2639 624 2660 ιι.
641 2645 687 2652 -
705 2626 720 2651 2
736 2631 818 2661 Dan.
837 2640 910 2669 xm,
931 2631 989 2663 56.
1009 2647 1054 2654 —
1070 2626 1084 2652 ³
1103 2631 1178 2674 Sap.
1209 2641 1268 2667 xix,
1292 2640 1343 2667 10,
1364 2640 1416 2662 ιι.
