1863 3262
128 280 285 312 ornus
322 277 584 312 mutinen
620 276 797 308 CONTRA
831 276 1077 319 SULIANUM,
1117 280 1204 310 [18.
1248 281 1319 311 ΙΙΙ.
1396 283 1453 332 77

78 356 129 392 ut
144 364 238 393 eam
266 364 353 392 non
373 343 555 408 impleas
579 341 725 389 verbis
753 343 883 399 meis,
910 359 1010 406 quae
1037 343 1163 389 valde
1185 357 1284 391 sunt
1307 364 1458 393 neces-

76 417 213 474 saria,
238 417 448 480 vobisque
471 412 702 460 contraria.
732 413 820 473 Ego
838 412 954 458 enim
969 412 1056 457 dixi
1075 449 1084 470 ,
1106 415 1202 460 Non
1228 433 1315 462 esse
1340 416 1457 464 libe-

78 504 178 534 rum
197 503 460 552 quemquam
489 485 543 531 ad
565 484 780 546 agendum
801 485 968 530 bonum
995 484 1085 530 sine
1112 484 1331 545 adjutorio
1361 489 1456 536 Dei.

81 559 150 604 Tu
171 570 314 604 autem
333 557 443 603 dicis
460 593 471 612 ‚
497 577 515 597 «
535 556 674 602 Fateri
698 573 766 601 me
788 555 967 619 quidem
985 555 1173 602 liberum
1196 557 1427 604 arbitrium
1446 596 1458 616 ‚

77 646 166 675 non
186 640 327 675 tamen
351 638 400 674 ut
426 626 658 691 quisquam
685 627 820 672 homo
841 626 951 672 liber
977 626 1030 672 ad
1056 625 1269 686 agendum
1295 628 1463 674 bonum

79 698 284 745 credatur
304 716 314 744 :
339 721 359 741 »
381 714 463 744 nec
488 697 611 743 addis
633 697 751 761 quod
773 713 850 757 ego
872 695 1046 752 addidi,
1075 718 1095 738 ι(
1122 695 1223 742 Sine
1245 696 1463 758 adjutorio

80 770 178 816 Dei.
205 790 226 812 »
251 771 350 816 Non
373 785 529 815 accuso
547 767 685 814 furem
702 805 713 824 ‚
738 767 883 814 ablata
912 767 1099 814 civiliter
1123 777 1272 831 repeto
1297 787 1308 814 ι
1332 768 1465 814 redde

79 840 212 886 verba
237 857 330 886 mea
345 877 356 896 ,
378 850 421 885 et
444 838 558 884 nihil
576 839 788 885 valebunt
815 848 903 885 tua.

148 911 264 957 CIX.
306 911 406 957 JUL.
447 929 468 951 «
493 910 606 954 Ecce
625 909 738 955 enim
765 925 867 963 nos,
896 907 1010 953 sicut
1040 907 1185 971 primo
1217 908 1332 955 libro
1356 909 1465 956 feci-

80 996 202 1037 mus,
226 981 284 1026 ita
305 997 425 1026 nunc
453 997 594 1043 presse
624 979 841 1039 cogimus,
874 990 922 1024 ut
951 979 1150 1024 ostendas
1176 981 1467 1043 quemadmo—

81 1050 186 1097 dum
207 1051 394 1097 liberum
417 1050 648 1095 arbitrium
679 1067 768 1095 non
801 1049 983 1109 negaris,
1015 1049 1183 1094 lnsidat
1212 1061 1355 1096 autem
1380 1052 1468 1098 hoc

80 1120 233 1168 lectori
254 1133 425 1180 nostro,
449 1132 490 1168 te
521 1121 722 1167 videlicet
752 1120 993 1166 confessum
1020 1137 1106 1166 esse
1129 1120 1317 1167 liberum
1346 1124 1470 1169 arbi-

81 1193 239 1250 trium,
259 1205 301 1239 et
320 1195 462 1241 Deum
489 1193 762 1238 nascentium
790 1191 1062 1237 conditorem
1092 1192 1321 1238 catholicis
1351 1212 1468 1256 prae-

83 1263 252 1317 dicare;
276 1281 376 1328 quae
395 1264 484 1310 duo
509 1280 736 1326 nunquam
763 1263 843 1308 nisi
867 1263 1141 1308 Manichaeus
1172 1264 1373 1323 negavit:
1395 1264 1468 1310 sed

83 1350 182 1380 cum
207 1334 307 1379 haec
323 1334 617 1380 communiter
635 1332 766 1378 ambo
783 1330 1031 1378 dederimus
1049 1369 1060 1388 ,
1087 1350 1166 1378 nec
1194 1333 1272 1378 tibi
1293 1344 1438 1379 autem
1453 1371 1466 1391 ‚

82 1421 165 1461 nec
180 1403 375 1466 dogmati
393 1414 470 1450 tuo
487 1404 667 1449 libertas
686 1413 854 1449 constet
879 1403 1072 1458 arbitrii3
1106 1403 1341 1449 conficitur
1370 1422 1469 1451 om—

82 1475 210 1531 nino,
241 1486 281 1521 te
308 1486 351 1521 et
381 1474 542 1536 dogma
567 1485 692 1520 tuum
724 1474 777 1520 de
801 1473 888 1520 fide
925 1472 1145 1519 catholica
1170 1473 1283 1520 nihil
1306 1485 1463 1523 tenere.

85 1545 311 1606 Interrogo
325 1562 425 1606 ergo
441 1562 541 1610 quae
559 1545 624 1591 vis
645 1546 721 1599 sit,
742 1561 897 1608 quaeve
916 1543 1112 1589 definitio
1130 1543 1261 1589 liberi
1275 1546 1464 1593 arbitrii.

86 1619 213 1662 Certe
239 1617 284 1662 in
311 1620 400 1677 eJ'us
423 1627 660 1680 potestate,
690 1614 955 1661 naturalium
980 1614 1099 1660 nulla
1128 1615 1353 1660 conversio
1388 1626 1463 1663 est.

86 1687 225 1733 Nemo
244 1687 359 1734 enim
379 1687 425 1733 in
443 1705 484 1733 se
499 1703 706 1733 sensuum
731 1703 926 1750 unquam
947 1685 1134 1732 mutavit
1154 1684 1294 1730 officia
1315 1723 1326 1742 ‚
1347 1688 1472 1732 verbi

87 1757 227 1816 gratia
242 1795 254 1815 ,
279 1768 331 1803 ut
350 1774 476 1804 voces
499 1757 703 1813 naribus,
728 1767 801 1803 aut
823 1756 1004 1802 auribus
1028 1756 1265 1819 susciperet
1284 1756 1436 1802 odores
1458 1775 1470 1802 ς

86 1843 215 1874 nemo
239 1844 359 1874 sexus
377 1828 442 1874 sui
464 1828 679 1874 convertit
702 1827 1017 1891 proprietatem
1040 1843 1051 1871 z
1075 1842 1201 1872 nemo
1225 1826 1269 1871 in
1287 1825 1472 1872 sormam

87 1898 271 1945 transire
288 1899 519 1944 animantis
543 1898 716 1944 alterius
734 1935 745 1952 ,
773 1915 900 1943 nemo
920 1914 999 1960 per
1024 1896 1213 1942 liberum
1236 1897 1471 1942 arbitrium

88 1967 202 2030 pilos
219 1969 414 2032 corporis
434 1970 500 2014 sui
515 1969 672 2014 innatis
691 1968 838 2029 potuit
864 1978 1030 2012 mutare
1051 1966 1282 2012 velleribus
1305 1984 1315 2011 :
1343 1984 1470 2012 nemo

90 2037 172 2083 sibi
192 2056 273 2101 pro
297 2039 468 2099 ingenio
494 2049 568 2083 aut
587 2037 844 2101 qualitatem
873 2047 946 2082 aut
965 2035 1255 2100 quantitatem
1276 2037 1472 2099 corporis

89 2106 343 2154 vindicavit.
364 2108 442 2153 His
465 2107 670 2170 exemplis
689 2106 791 2152 licet
810 2107 955 2151 omnia
976 2122 1076 2168 quae
1102 2105 1155 2150 ad
1179 2107 1293 2151 hanc
1320 2106 1472 2152 condi-

90 2176 254 2223 tionem
277 2177 515 2241 respiciunt
531 2176 770 2240 pervagari.
795 2179 1084 2221 Transeamus
1102 2175 1236 2235 igitur
1257 2194 1278 2221 a
1299 2186 1474 2222 natura-

91 2246 209 2293 libus
223 2248 274 2294 ad
294 2259 564 2293 externorum
581 2246 906 2293 discussionem.
933 2246 1017 2291 Cui
1036 2263 1239 2306 agrorum
1256 2246 1474 2292 foecundi-

93 2327 179 2373 tas,
203 2319 274 2364 cui
297 2318 563 2382 prosperitas
580 2318 933 2377 navigationum,
955 2316 1026 2362 cui
1049 2316 1253 2362 nobilitas
1274 2328 1315 2362 et
1335 2334 1438 2381 opes
1456 2355 1468 2374 ,

94 2387 165 2433 cui
181 2389 421 2434 constantia
435 2387 570 2451 ipsius
583 2387 822 2433 nobilitatis
835 2388 879 2433 in
891 2390 992 2447 jure
1009 2387 1202 2432 constitit
1215 2388 1468 2444 voluntatis,

95 2466 146 2502 ut
166 2456 234 2503 vel
255 2456 311 2502 ad
333 2457 494 2502 horum
518 2456 585 2503 vel
606 2455 660 2501 ad
677 2457 880 2502 similium
909 2455 993 2501 sibi
1012 2457 1372 2520 conquisitionem
1397 2474 1474 2505 vo-

93 2526 261 2573 luntate
280 2544 322 2573 se
350 2527 487 2573 libera
504 2545 526 2572 a
544 2528 635 2573 Deo
660 2528 863 2574 effectum
884 2544 969 2573 esse
986 2526 1220 2574 fateretur?
1246 2529 1281 2574 N
1289 2527 1473 2574 aturalia

94 2614 196 2661 ergo
219 2598 487 2648 inconcussis
507 2597 765 2655 ordinibus3
793 2609 966 2649 externa
988 2616 1091 2647 vero
1114 2599 1287 2648 casibus
1304 2616 1474 2663 semper
