1824 3236
194 300 350 330 opums
386 299 648 331 urrunnun
687 298 861 329 CONTRA
897 299 1140 341 arumnis,
1180 301 1267 331 uu.
1313 300 1370 331 vr.
1424 284 1513 348 537

143 365 265 412 uiant
300 365 353 411 ad
383 376 582 421 aetatmn,
610 365 762 427 inqua
804 366 988 410 sentiant
1030 369 1405 412 commonentem?
1441 365 1520 411 ubi

143 436 348 499 ponimus
368 453 459 493 eos,
474 436 549 499 qui
571 445 658 480 tam
678 434 839 480 insulso
859 452 908 481 ac
931 436 1051 481 fatuo
1074 447 1311 482 nascuntur
1327 436 1515 496 ingenio,

145 516 194 552 ut
227 522 306 551 nec
334 506 514 565 grandes
539 505 706 568 possint
740 521 841 550 cum
876 504 1023 568 aliquo
1059 505 1208 552 fructu
1245 505 1330 552 tale
1354 505 1521 568 aliquid

145 575 397 623 admoneri?
421 575 587 639 Nempe
615 575 665 620 hi
693 592 840 621 omnes
871 585 988 621 tanta
1012 576 1182 622 miseria
1208 577 1297 622 sine
1317 575 1406 621 ullo
1427 592 1522 621 me·-

142 647 255 703 rito,
283 647 372 691 sine
410 646 498 692 ulla
524 646 711 692 utilitate
735 645 1002 710 plectuntur.
1029 646 1116 692 Ubi
1135 657 1197 692 est
1217 646 1388 706 justitia
1412 645 1520 691 Dei?

142 733 278 780 quam
307 716 343 762 si
376 717 584 777 cogitares
603 753 614 773 ,
653 733 877 781 nunquam
903 715 1098 762 crederes
1119 717 1208 762 sine
1243 716 1333 762 ullo
1369 715 1523 762 merito

142 787 314 851 peccati
342 787 563 847 originalis
589 798 677 833 tam
710 788 886 833 miseros
920 803 1006 832 esse
1030 797 1264 833 nascentes.
1296 786 1380 832 Sed
1415 801 1523 849 quo-

142 859 261 906 niam
279 876 381 908 cum
395 857 645 905 conditione
663 859 834 905 locutus
848 876 889 905 es
913 876 923 903 ι
948 875 1036 904 non
1056 857 1170 904 enim
1187 858 1298 914 aisti,
1316 857 1523 920 quoniam

143 930 348 988 docetur3
367 929 442 975 sed
461 930 555 976 aisti
582 947 594 976 z
621 951 640 972 α
662 930 707 976 Si
726 929 834 993 quid
853 929 1084 976 doceretur
1106 944 1401 975 aerumnarum
1426 936 1525 990 post

143 1011 376 1064 peccatum
407 1000 540 1063 primi
563 1000 752 1046 hominis
772 1011 929 1053 nostrae
954 999 1123 1045 illatum
1160 1015 1247 1044 esse
1275 1008 1446 1044 naturae
1468 1015 1479 1042 ε
1503 1018 1524 1039 ι)

145 1082 324 1135 paratus
349 1088 392 1117 es
406 1107 422 1127 ‚-
448 1081 497 1118 ut
517 1071 721 1127 arbitror,
742 1071 887 1118 dicere
905 1108 916 1128 ‚
937 1088 1027 1117 non
1046 1070 1242 1116 docetur.
1264 1070 1327 1116 Ac
1344 1085 1423 1132 per
1439 1068 1526 1114 hoc

146 1151 278 1188 restat
302 1152 351 1188 ut
384 1141 525 1198 dicaS,
566 1142 679 1188 mala
720 1159 821 1206 quae
844 1141 1040 1188 videmus
1079 1140 1284 1205 parvulos
1316 1139 1521 1203 perpeti,

145 1213 274 1260 etiam
298 1213 343 1259 in
367 1212 569 1277 paradiso
592 1212 741 1259 futura
773 1213 928 1270 fuisse,
965 1214 999 1258 si
1030 1229 1158 1258 nemo
1191 1221 1432 1275 peccasset,
1474 1226 1527 1255 ne

144 1293 326 1347 propter
356 1294 587 1347 peccatum
615 1283 748 1347 primi
772 1283 964 1329 hominis
986 1301 1034 1329 ea
1064 1282 1237 1328 fatearis
1266 1291 1426 1327 exorta.
1458 1281 1526 1325 Ita

146 1371 248 1401 cum
267 1354 348 1401 hos
364 1354 502 1400 nodos
524 1355 683 1418 quaeris
702 1354 883 1400 evadere
898 1391 909 1410 ,
926 1364 968 1400 et
988 1354 1078 1400 fieri
1100 1371 1146 1399 ex
1157 1352 1311 1399 nostris
1324 1351 1527 1397 manibus

146 1425 290 1471 labilis
309 1462 320 1482 ‚
356 1436 509 1471 contra
550 1425 800 1489 paradisum
841 1425 974 1471 stabis
1004 1424 1268 1477 immobilis;
1301 1422 1372 1469 cui
1397 1421 1457 1467 sic
1483 1438 1526 1467 es

145 1496 390 1542 contrarius
404 1533 414 1552 ‚
438 1506 485 1541 ut
507 1499 598 1556 ejus
618 1495 814 1542 felicitati
836 1507 879 1542 et
900 1495 1037 1559 quieti
1063 1494 1319 1550 turbaudae,
1343 1503 1385 1539 et
1403 1491 1525 1538 dolo-

147 1583 212 1612 res
234 1566 574 1630 parturientium
591 1603 602 1622 ,
624 1577 667 1612 et
684 1566 853 1612 labores
879 1566 1152 1629 operantium
1166 1602 1178 1622 ,
1209 1576 1251 1611 et
1269 1563 1527 1624 jactationes

145 1638 475 1698 aegrotantium,
506 1637 770 1700 morbosque
803 1637 1107 1694 morientium,
1144 1635 1431 1682 audacissimo
1453 1649 1526 1680 ore

147 1718 190 1754 et
210 1708 355 1754 fronte
370 1707 661 1772 perditissima
681 1707 902 1754 immittas.

215 1778 302 1826 Sed
324 1779 370 1827 in
389 1778 520 1825 laude
535 1778 688 1824 mortis
712 1794 918 1838 magnum
936 1788 978 1823 te
991 1787 1118 1841 putas
1137 1775 1301 1839 aliquid
1319 1774 1528 1821 invenisse

149 1850 271 1913 quod
296 1849 487 1906 diceres,
520 1870 541 1891 «
558 1848 707 1895 Prima
731 1849 895 1895 scilicet
918 1848 1144 1894 occasione
1176 1846 1378 1892 claruisse
1395 1882 1407 1902 ,
1430 1863 1528 1891 ma-

148 1920 241 1966 lum
265 1936 354 1967 non
377 1937 464 1966 esse
485 1929 670 1965 mortem
686 1955 697 1974 ‚
723 1918 846 1984 quod
865 1936 958 1965 eam
973 1922 1116 1978 justus
1135 1917 1303 1982 primus
1330 1915 1529 1962 omnium

150 1990 385 2038 dedicavit.
413 2011 435 2033 >³
458 1991 573 2050 Ergo
595 1989 729 2036 redde
752 1990 985 2046 rationem,
1005 1987 1228 2053 quomodo
1247 2004 1336 2033 non
1349 1987 1532 2032 haberet

150 2078 284 2125 quam
316 2060 539 2108 dedicaret
575 2063 719 2121 justus
738 2098 749 2117 ‚
789 2061 872 2106 nisi
904 2060 1020 2106 hanc
1055 2058 1291 2105 aedificaret
1323 2057 1523 2117 injustus.

153 2134 320 2178 Auctor
337 2131 507 2195 quippe
530 2141 572 2178 et
599 2131 778 2177 effector
796 2130 948 2176 mortis
968 2129 1086 2175 illius
1110 2129 1223 2174 Ca'in
1249 2127 1387 2173 extitit
1403 2163 1414 2183 ‚
1441 2143 1530 2172 non

154 2202 279 2250 Abel.
312 2202 392 2249 Ille
416 2203 563 2267 itaque
585 2202 834 2258 dedicavit,
865 2201 942 2264 qui
971 2200 1218 2246 fabricavit.
1262 2200 1379 2244 Mors
1414 2197 1530 2243 enim

152 2273 346 2320 hominis
376 2273 512 2332 boni,
536 2273 699 2319 malum
723 2289 835 2336 opus
861 2272 945 2318 fuit
978 2270 1169 2316 hominis
1192 2269 1309 2316 mali.
1339 2269 1425 2314 Iste
1448 2284 1531 2313 au-

153 2354 242 2390 tem
265 2343 344 2408 qui
375 2361 460 2407 pro
494 2344 614 2389 bono
648 2344 813 2389 malum
836 2341 1050 2406 pertulit,
1090 2357 1180 2386 non
1214 2350 1397 2385 mortem
1416 2374 1428 2395 ‚
1458 2337 1533 2384 sed

153 2415 415 2478 martyrium
433 2414 680 2471 dedicavit,
704 2430 852 2474 gerens
865 2417 957 2473 ejus
975 2412 1177 2471 figuram,
1196 2426 1324 2473 quem
1340 2407 1534 2472 populus

155 2484 414 2531 Judaeorum
438 2495 648 2549 tanquam
673 2484 816 2530 malus
838 2483 972 2529 frater
996 2481 1182 2527 carnalis
1197 2479 1374 2526 occidit.
1394 2479 1534 2542 Prop-

155 2566 271 2604 terea
285 2556 435 2620 itaque
452 2555 669 2616 gloriosus
683 2554 811 2611 Abel,
829 2571 918 2600 non
935 2552 1039 2617 quia
1056 2551 1220 2615 aliquid
1230 2550 1337 2596 boni
1353 2549 1538 2612 sumpsit

157 2644 182 2673 a
203 2626 334 2674 fratre
351 2665 363 2685 ,
385 2626 459 2674 sed
479 2627 582 2691 quia
604 2626 820 2690 patienter
840 2643 923 2689 pro
942 2624 1113 2685 J'ustitia
1138 2621 1388 2680 moriendo,
1418 2619 1531 2666 malo
