1824 3236
348 252 440 298 Roo
771 268 804 297 S.
852 267 1093 298 Aucus‘rlm
1133 266 1332 296 EPISCOPI

415 339 524 382 Aue.
556 335 682 381 Hanc
706 337 827 380 Isa'i'ae
853 334 1133 398 prophetiam
1159 334 1191 378 si
1215 333 1488 394 intelligeres,
1518 351 1606 380 non
1631 351 1726 381 eam

345 406 472 451 nobis
496 417 542 451 ut
567 405 810 458 elabereris,
835 404 906 450 sed
936 405 1014 450 tibi
1043 404 1188 467 potius
1214 415 1260 449 ut
1286 406 1555 465 corrigereris
1579 423 1728 469 oppo-

346 495 479 525 neres,
518 476 647 523 Aliud
664 476 778 521 enim
802 494 889 521 non
912 475 1104 531 mortale,
1131 475 1201 520 sed
1223 476 1497 529 immortale3
1525 494 1603 522 nec
1627 494 1729 522 car-

345 548 457 604 nale,
491 548 564 594 sed
589 547 781 611 spiritale
806 565 949 593 semen
968 547 1134 593 videres
1155 565 1165 591 z
1193 547 1311 610 quod
1345 548 1523 594 videbat
1541 553 1728 594 Joannes

344 619 619 679 evangelista,
645 618 824 683 quando
857 618 1060 673 dicebat,
1097 639 1117 659 «
1140 618 1295 663 Omnis
1319 620 1394 681 qui
1438 630 1564 665 natus
1588 629 1648 664 cst
1682 636 1729 665 ex

345 710 364 731 ›>
386 691 477 735 Deo
503 707 590 735 non
618 700 787 753 peccat,
809 689 911 752 quia
932 706 1072 734 semen
1095 692 1184 746 ojus
1199 690 1243 732 in
1262 689 1356 750 ipso
1379 702 1523 735 manet
1545 690 1578 737 1.
1611 712 1631 732 2>
1657 691 1730 735 Se-

345 760 539 806 cundum
570 761 658 807 hoc
686 778 828 806 semen
852 760 1036 823 quisque
1062 775 1148 803 non
1182 771 1359 821 peccat:
1383 761 1484 823 quia
1503 772 1543 806 et
1563 762 1595 806 si
1621 778 1730 824 pec-

344 842 415 877 cat
435 842 482 877 ut
499 831 650 886 bomo,
666 831 803 876 habet
818 841 960 875 tamen
977 829 1159 874 alterum
1176 846 1335 885 semen,
1356 831 1595 876 secundum
1610 830 1730 894 quod

343 919 485 947 semen
510 919 599 947 non
627 912 770 964 potest
788 917 989 963 peccare,
1006 901 1109 963 quia
1128 917 1173 944 ex
1196 901 1285 945 'Deo
1304 911 1429 946 natus
1451 911 1527 947 est.
1555 901 1728 947 Secun-

344 972 449 1017 dum
475 973 562 1017 hoc
592 988 735 1016 semen
774 971 850 1016 filii
877 988 965 1015 non
999 982 1288 1034 procreantur
1312 971 1356 1016 in
1382 971 1628 1017 maledicto.
1679 973 1730 1016 In

345 1042 507 1104 quibus
527 1041 764 1104 Prophetae
800 1041 942 1086 verbis
977 1040 1176 1099 evigilare
1197 1040 1415 1097 debuisti,
1437 1052 1478 1086 et
1510 1041 1731 1087 advertere

344 1111 462 1175 quod
487 1129 573 1157 non
592 1129 674 1175 pro
710 1129 870 1171 magno
892 1128 1070 1156 munere
1107 1112 1191 1157 lioc
1216 1112 1545 1174 promitteretur
1563 1112 1730 1175 populo

344 1182 442 1236 Dei,
472 1182 552 1227 nisi
573 1182 675 1246 quia
696 1192 982 1244 procreantur
1027 1181 1102 1227 filii
1146 1182 1187 1226 in
1213 1182 1449 1228 maledicto
1489 1183 1731 1228 secundum

345 1253 528 1299 alterum
552 1270 693 1298 semen
708 1253 827 1317 quod
842 1265 904 1299 est
926 1271 973 1299 ex
996 1253 1152 1309 Adam,
1179 1271 1264 1299 non
1281 1265 1421 1299 autem
1444 1264 1732 1317 procreantur

342 1324 387 1369 in
414 1324 645 1369 maledicto
660 1324 898 1370 secundum
929 1324 1173 1379 Christum,
1201 1325 1321 1387 quod
1345 1335 1407 1370 est
1427 1342 1568 1370 semen
1594 1325 1731 1371 bene-

341 1393 508 1439 dictum
530 1395 586 1439 ab
612 1394 751 1441 initio.
782 1396 878 1457 Ipse
896 1405 958 1440 est
978 1395 1092 1440 enim
1118 1405 1159 1440 et
1192 1396 1414 1458 Sapientia
1439 1396 1536 1450 Dei,
1564 1395 1616 1440 de
1645 1412 1731 1458 qua

341 1463 509 1510 dictum
539 1475 625 1517 est,
661 1486 679 1505 «
711 1465 895 1524 Lignum
919 1465 1022 1510 vitae
1043 1476 1104 1509 est
1127 1466 1332 1510 omnibus
1357 1465 1729 1528 amplectentibus

344 1554 476 1581 »eam
489 1536 506 1564 2
531 1553 542 1581 z
566 1558 584 1576 >³
603 1535 718 1581 unde
732 1546 772 1581 et
794 1536 870 1581 iste
885 1536 1128 1599 Propheta,
1147 1536 1214 1581 vel
1230 1537 1345 1582 Deus
1364 1536 1509 1600 potius
1523 1554 1599 1599 per
1617 1539 1731 1582 Pro-

341 1606 544 1670 phetam,
572 1627 591 1647 α
616 1606 869 1651 Secundum
895 1607 983 1652 dies
1009 1606 1114 1666 ligni
1150 1607 1267 1661 vitae,
1295 1607 1464 1670 inquit,
1486 1618 1614 1652 erunt
1640 1606 1731 1652 dies

345 1676 460 1721 »mei
489 1676 645 1739 populi
663 1676 695 1722 3.
719 1701 735 1716 υ
755 1677 851 1721 Vita
866 1688 1025 1722 aeterna
1044 1687 1086 1721 et
1109 1677 1286 1721 immort
1303 1677 1365 1722 «lis
1385 1677 1732 1739 promittebatur

341 1747 410 1793 his
434 1748 594 1802 verbis,
620 1764 708 1793 non
728 1747 996 1802 carnalibus,
1024 1747 1096 1793 sed
1115 1748 1382 1811 spiritalibus
1403 1748 1641 1794 Israelitis!
1661 1748 1732 1794 lbi

345 1819 482 1865 vineae
512 1819 725 1882 spiritales
753 1829 793 1864 et
830 1819 987 1864 domus
1021 1837 1107 1864 non
1147 1820 1413 1883 quandoque
1443 1820 1731 1867 morientibus

344 1890 688 1954 pastinatoribus
717 1901 758 1935 et
793 1890 1138 1936 aedificatoribus
1183 1895 1269 1936 suis
1307 1890 1651 1953 possidebuntur
1676 1891 1731 1935 ab

344 1962 454 2017 aliis,
477 1961 548 2007 sed
579 1962 636 2006 ab
656 1961 760 2024 ipsis
787 1961 876 2006 sine
898 1961 983 2006 fine
1008 1961 1271 2008 viventibus.
1304 1963 1416 2020 Ergo
1440 1978 1620 2020 agnosce
1640 1960 1730 2006 duo

340 2050 493 2092 genera
513 2033 744 2087 seminum,
774 2049 910 2077 unum
929 2032 1214 2091 generationis
1232 2043 1273 2077 et
1295 2032 1477 2077 alterum
1497 2049 1731 2091 regenera-

341 2104 487 2157 tionis,
509 2114 551 2148 et
569 2103 658 2148 noli
673 2120 759 2148 esse
785 2103 1052 2155 incredulus,
1079 2103 1151 2148 sed
1181 2103 1322 2148 fidelis
1343 2103 1377 2149 4.

409 2173 651 2220 CXXXVI.
682 2177 784 2219 JUL.
807 2193 827 2214 «
855 2174 1085 2218 Patiantur
1108 2189 1208 2231 ergo
1234 2172 1406 2235 pueruli
1434 2171 1487 2217 de
1513 2172 1603 2217 istis
1629 2188 1731 2218 ver-

339 2245 501 2290 borum
539 2244 926 2290 contrarietatibus
961 2244 1267 2307 quaestionem,
1298 2254 1347 2288 ut
1369 2242 1532 2288 nullius
1554 2243 1732 2302 majoris

340 2316 401 2361 rei
422 2332 554 2378 quam
579 2331 784 2360 sonorum
824 2331 1003 2378 capaces
1030 2331 1109 2377 pro
1139 2313 1436 2359 alludentibus
1454 2314 1536 2359 sibi
1560 2313 1731 2376 poculis

340 2385 624 2448 praelientur:
649 2385 866 2431 catholica
886 2401 987 2431 vero
1010 2384 1116 2430 fides
1144 2401 1284 2448 neque
1300 2388 1477 2444 jurgare
1502 2384 1729 2430 adversum

341 2472 382 2500 se
401 2455 537 2514 legem
561 2456 639 2501 Dei
661 2456 817 2511 credit,
842 2472 980 2518 neque
1010 2454 1142 2500 ullam
1162 2455 1464 2500 auctoritatem
1485 2454 1529 2500 in
1552 2455 1729 2500 exitium

339 2526 518 2572 rationis
543 2526 758 2585 admittit3
785 2545 864 2573 nec
890 2527 1094 2591 cuiquam
1121 2527 1318 2590 opinioni
1340 2537 1467 2590 atque
1486 2525 1729 2572 adulationi

388 2611 510 2643 ¹Joan.
528 2622 579 2650 ιιι,
595 2623 628 2652 9.
652 2631 691 2636 -
713 2610 837 2645 21’r0v.
855 2622 905 2650 ιιι,
929 2613 980 2643 ι8.
1003 2629 1041 2635 -
1063 2608 1260 2649 31sa'i.1.xv‚
1284 2621 1400 2642 22.--
1416 2606 1429 2631 ⁴
1448 2612 1544 2644 Joan.
1565 2619 1621 2647 xx,
1644 2620 1703 2650 27.
