1863 3262
163 290 319 321 OPERIS
356 288 619 320 IMPERFECTI
653 289 830 321 CONTRA
864 291 1111 335 JULIANUM,
1149 294 1236 326 LIB.
1274 296 1343 327 111.
1417 282 1477 344 47

106 356 295 420 peccatia
315 365 545 419 parentum
566 391 576 411 ‚
597 355 702 419 quia
721 372 902 402 summae
916 356 1155 420 iniquitatis
1175 371 1259 414 est3
1274 360 1346 406 sed
1361 360 1482 407 dam-

109 439 184 477 nat
202 430 230 474 A
241 427 308 473 dae
319 437 510 490 posteros
525 431 942 490 propterpeccatum
962 440 1193 490 parentum
1204 468 1213 486 ,
1228 431 1346 495 quod
1363 432 1483 478 nulla

107 497 423 565 potestJustitia
440 497 653 545 vindicari
679 515 689 542 :
711 515 797 544 non
817 499 1002 561 pertinet
1027 510 1242 562 postremo
1261 503 1315 548 ad
1331 502 1482 548 condi-

108 571 268 618 tionem
289 567 595 628 generationis,
621 568 724 631 quia
745 569 792 615 hi
815 569 891 632 qui
908 572 1110 629 conjuges
1128 582 1250 626 sunt,
1275 573 1387 618 fiunt
1406 591 1482 636 pa-

107 651 264 692 rentes;
290 637 411 702 quod
430 654 520 685 non
543 638 600 685 ob
627 637 742 684 aliud
770 639 982 701 pertinuit
1002 639 1057 685 ad
1082 639 1246 697 Adam,
1272 642 1353 688 nisi
1379 644 1483 707 quia

107 710 298 771 conjugii
322 710 412 768 lege
430 709 661 772 generavit.
696 709 891 757 Hoccine
917 727 1093 758 cursum
1122 712 1363 771 gubernare
1391 724 1478 770 est,

107 799 161 829 an
179 783 358 829 natare?
383 779 568 827 hoccine
593 789 654 824 est
686 781 898 826 conficere
917 818 927 836 ‚
953 799 1007 827 an
1031 785 1261 829 nauseare?
1297 783 1483 831 hoccine

105 862 167 898 est
182 868 349 898 sumere
375 849 540 912 aliquid
559 850 747 898 solidum
762 888 772 907 ,
796 869 850 898 an
880 869 1050 916 semper
1073 857 1296 900 evomere?
1324 854 1481 900 lisdem

105 922 376 969 sermonibus
401 921 522 985 quod
547 922 766 981 negaveris
789 922 999 979 affirmas,
1034 923 1184 970 iisdem
1215 924 1338 970 lineis
1361 925 1481 988 quod

106 991 380 1040 affirmaveris
404 991 606 1052 denega33
638 1003 680 1038 et
710 992 904 1040 irasceris
929 1010 1009 1041 cur
1040 1011 1130 1041 non
1158 996 1483 1059 acquiescamus

103 1062 298 1118 homini,
333 1062 410 1126 qui
429 1063 548 1123 gravi
568 1063 724 1109 morbo
748 1075 904 1129 ruptus
928 1082 1015 1111 non
1034 1075 1176 1128 potest
1202 1076 1344 1112 tenere
1363 1066 1483 1130 quod

103 1133 297 1197 SUSClpit.
319 1155 340 1176 »

168 1208 284 1252 Aue.
327 1203 454 1250 Absit
493 1213 541 1249 ut
586 1202 781 1249 dicamus
805 1241 816 1260 ,
853 1204 1037 1251 aliorum
1074 1216 1251 1268 patrum
1289 1207 1334 1252 in
1372 1205 1484 1251 filios

104 1275 244 1322 Deum
267 1283 448 1337 peccata
471 1290 559 1318 non
582 1273 762 1319 reddere
782 1291 793 1318 ε
817 1291 918 1320 cum
942 1274 1170 1337 Scriptura
1195 1275 1341 1323 divina
1360 1276 1484 1320 toties

100 1344 448 1406 nominatimque
475 1353 672 1399 testetur,
711 1360 794 1406 pro
821 1344 982 1408 quibus
1006 1355 1182 1407 patrum
1216 1346 1406 1408 peccatis
1437 1345 1483 1394 in

100 1431 210 1480 quos
222 1430 370 1462 eorum
386 1413 499 1460 filios
514 1413 705 1460 vindicta
718 1415 994 1477 processerit3
1010 1431 1146 1478 usque
1160 1415 1266 1461 adeo
1282 1425 1329 1461 ut
1342 1415 1483 1479 quod-

101 1486 200 1533 dam
217 1495 449 1549 peccatum
470 1500 596 1544 grave
616 1484 725 1544 regis
741 1484 898 1531 Achab
913 1522 924 1541 ‚
947 1502 1102 1550 parens
1120 1486 1158 1531 ei
1172 1488 1310 1541 Deus,
1327 1486 1372 1533 in
1391 1489 1483 1546 ejus

100 1555 242 1603 filium
260 1554 483 1603 vindicare
515 1553 774 1601 distulerit1.
815 1555 900 1600 Sed
932 1556 1028 1618 quis
1055 1556 1211 1602 modus
1234 1567 1276 1603 et
1306 1573 1407 1620 quae
1430 1557 1483 1603 sit

101 1625 262 1672 divinae
281 1626 391 1671 ratio
409 1636 451 1671 et
468 1642 670 1671 mensura
685 1625 866 1685 justitiae
895 1625 948 1671 de
969 1626 1154 1672 aliorum
1180 1638 1356 1691 patrum
1379 1644 1480 1690 pec-

101 1697 228 1754 catis,
246 1707 294 1742 ut
316 1696 560 1744 reddantur
582 1696 624 1742 in
645 1696 774 1753 filios,
803 1696 1009 1756 indagare
1032 1699 1128 1761 quis
1152 1702 1322 1761 potest?
1346 1699 1486 1762 Prop-

101 1778 164 1813 ter
195 1766 315 1831 quod
350 1768 464 1814 Deus
497 1766 580 1812 sibi
619 1767 757 1815 tenuit
777 1766 857 1812 ista
885 1767 1055 1826 judicia
1075 1805 1085 1823 ‚
1122 1768 1345 1817 hominem.
1377 1785 1480 1815 vero

93 1838 365 1899 judicantem
393 1837 454 1882 sie
487 1836 708 1884 vindicare
729 1837 976 1899 prohibuit.
1005 1838 1091 1884 Sed
1113 1840 1326 1902 apostasia
1347 1840 1480 1903 primi

98 1905 289 1955 hominis
308 1945 319 1963 ‚
349 1909 393 1954 in
418 1924 505 1970 quo
524 1924 695 1953 summa
718 1918 809 1952 erat
827 1943 838 1963 ,
864 1917 905 1952 et
922 1908 1044 1954 nullo
1063 1909 1384 1972 impediebatur
1410 1910 1480 1956 vi-

99 1979 161 2024 tio
186 1979 361 2025 libertas
386 1979 579 2059 propriae
604 1978 863 2033 voluntatis,
895 1989 984 2023 tam
1015 1996 1222 2039 magnum
1246 1991 1476 2043 peccatum

98 2049 205 2105 fuit,
235 2059 284 2095 ut
307 2049 431 2094 ruina
466 2053 557 2108 ejus
596 2059 750 2095 natura
776 2049 970 2095 humana
997 2060 1104 2095 esset
1136 2061 1226 2098 tota
1249 2051 1471 2114 collapsat

99 2119 218 2183 quod
245 2119 412 2167 indicat
431 2118 614 2165 humani
639 2119 804 2178 generis
823 2129 943 2164 tanta
963 2119 1130 2164 miseria
1143 2137 1297 2183 ‚quae
1286 2140 1308 2166 a
1318 2139 1381 2200 ‘pl‘
1384 2122 1479 2169 imis

97 2189 341 2253 ploratibus
369 2189 635 2249 vagientium
662 2206 798 2252 usque
830 2189 881 2234 ad
914 2189 1202 2252 expirantium
1226 2193 1479 2238 novissimos

97 2259 260 2309 halitus
276 2260 480 2306 omnibus
499 2270 600 2305 nota
616 2270 700 2313 est3
717 2261 776 2305 ita
800 2270 847 2306 ut
865 2260 941 2324 qui
958 2277 1051 2305 eam
1067 2272 1245 2321 negant,
1269 2267 1476 2323 majorem

97 2340 266 2392 partem
299 2330 381 2375 sibi
408 2330 630 2376 vindicent
655 2330 863 2375 humanae
893 2331 1073 2375 miseriae
1094 2342 1180 2377 tam
1210 2333 1412 2380 horribili
1435 2344 1480 2379 et

96 2400 346 2446 incredibili
362 2401 560 2446 caecitate
579 2419 590 2445 ι
611 2402 723 2447 sicut
737 2418 812 2447 vos
823 2401 980 2458 facitis,
999 2403 1076 2464 qui
1097 2404 1319 2450 mortalem
1338 2404 1479 2450 Adam

95 2469 157 2516 ita
174 2471 338 2517 factum
355 2507 366 2527 ‚
395 2482 443 2516 ut
461 2471 549 2516 sive
572 2483 775 2534 peccaret
793 2509 803 2528 ‚
828 2473 914 2518 sive
932 2489 1019 2518 non
1044 2486 1243 2535 peccaret
1259 2512 1269 2527 ,
1292 2476 1480 2521 moritu-

95 2557 169 2592 rus
185 2550 321 2598 esset,
348 2541 477 2588 etiam
497 2552 598 2604 post
615 2542 836 2603 ,iudicium
860 2543 1146 2591 Palaestinum
1162 2581 1174 2603 ,
1199 2545 1277 2592 ubi
1302 2563 1376 2595 vos
1397 2547 1478 2593 ista

145 2623 156 2647 ¹
183 2625 200 2656 3
220 2626 301 2666 Reg.
320 2635 395 2668 xxx,
420 2635 475 2665 29.
