1824 3236
185 276 343 306 opums
381 276 639 307 mpunmzcn
676 277 853 306 CONTRA
889 278 1135 321 summum,
1176 281 1261 312 mn.
1307 282 1344 312 v.
1418 268 1503 324 341

128 340 248 404 quod
261 342 580 388 moechantium
599 341 820 387 voluntate
836 345 1142 401 committitur,
1158 349 1416 396 substantiae
1437 351 1481 396 in
1494 378 1512 384 -

133 413 282 458 stituta
302 430 391 458 non
411 413 559 458 turbat
580 430 590 457 ε
618 429 767 458 verum
783 425 948 459 exercet
968 433 1009 460 50
1029 429 1184 463 natura
1216 437 1294 482 pei·
1316 422 1512 467 materias

133 499 246 533 suas,
262 493 303 528 et
316 493 495 546 peccato
514 494 762 529 remanente
784 484 902 547 apud
919 485 1085 532 illicitae
1112 488 1346 535 veluntatis
1368 503 1515 537 aucto-

133 571 240 607 rem,
262 553 394 599 foetus
412 553 625 598 innocuus
642 553 696 598 de
716 571 845 616 opere
864 555 1114 602 Conditoris
1144 561 1350 622 erumpit.
1381 563 1515 618 Quod

133 623 308 686 quidem
329 634 428 669 ettu
450 623 595 669 vidisti
620 641 706 669 0550
728 625 1004 671 referendum
1025 628 1122 672 :sed
1139 630 1326 692 qualiter
1336 643 1515 678 conatus

131 694 186 738 sis
203 693 393 749 eludere,
405 694 598 757 prudens
620 694 758 740 lector
782 696 1022 742 attendat.»
1038 699 1108 743 Ais
1122 701 1235 745 enim
1253 719 1263 746 τ
1282 702 1328 747 Si
1349 703 1516 748 arboris

131 763 227 809 loco
251 764 315 809 ibi
340 781 427 809 non
451 775 513 809 est
537 765 792 827 ponendum
820 765 1081 813 adulterium
1106 807 1116 825 ‚
1148 770 1221 815 sed
1248 783 1401 817 natura
1421 773 1514 818 hu-

132 852 259 880 mana
281 834 335 880 de
359 852 446 898 qua
478 836 672 881 nascitur
702 836 865 882 homo:
893 838 950 883 ita
973 849 1017 883 et
1051 839 1127 885 hic
1150 858 1236 885 non
1271 842 1351 887 erit
1385 827 1516 888 afhor

131 905 247 950 bona
273 906 543 951 connubium
563 943 573 961 ,
601 907 673 951 sed
712 919 867 952 natura
906 908 1101 955 humana
1126 910 1179 956 de
1203 928 1291 974 qua
1316 912 1510 958 nascitur

131 976 280 1024 homo.
314 978 448 1022 «Hoc
469 988 530 1023 est
550 995 649 1037 ergo
675 978 793 1041 quod
820 979 965 1043 eloqui
985 992 1163 1027 conatus
1181 1000 1222 1027 65
1249 1001 1258 1028 :
1286 984 1409 1029 Sicut
1426 1001 1514 1031 non

131 1047 377 1111 imputatur
396 1048 530 1093 homo
552 1049 829 1094 fornicationi
848 1087 858 1103 ‚
887 1050 958 1095 sed
978 1062 1146 1098 naturae
1168 1070 1178 1096 z
1199 1053 1257 1098 ita
1281 1065 1514 1116 peccatum

131 1117 251 1181 quod
277 1118 469 1164 trahitur
495 1119 549 1164 de
580 1119 838 1182 parentibus
871 1120 1096 1180 legitimis,
1135 1140 1222 1168 non
1247 1140 1333 1168 esse
1361 1125 1514 1188 impu-

130 1189 314 1235 tandum
336 1190 584 1245 connubio,
617 1190 689 1235 sed
724 1201 892 1236 naturae
919 1192 1150 1249 humanae,
1176 1211 1307 1256 quam
1333 1196 1514 1241 crimine

130 1259 493 1306 ‹liabolusinfecit
515 1261 710 1323 antiquo.
738 1262 788 1306 In
813 1262 1017 1308 adulteris
1043 1280 1142 1322 ergo
1167 1264 1353 1326 culpasti
1384 1265 1509 1311 lasci-

130 1331 338 1376 vientium
361 1331 660 1383 voluntatem3
698 1331 771 1376 sed
795 1331 982 1378 laudasti
1013 1333 1250 1379 humanam
1278 1345 1476 1380 naturam
1497 1373 1509 1394 ‚

131 1402 183 1448 de
201 1419 288 1465 qua
306 1402 440 1447 homo
465 1402 592 1447 etiam
623 1418 700 1464 pet·
720 1401 894 1447 illicitos
927 1404 1191 1450 concubitus
1224 1417 1474 1451 nasceretur
1497 1424 1508 1451 ε

130 1473 174 1518 in
210 1472 466 1536 parentibus
493 1482 637 1517 autem
675 1470 875 1531 legitimis
899 1472 1088 1519 laudasti
1118 1475 1390 1521 connubium
1412 1513 1421 1530 ,
1459 1476 1513 1522 de

130 1560 219 1607 quo
238 1560 327 1589 non
349 1543 459 1588 dicis
476 1542 620 1588 venire
643 1553 902 1604 peccatum3
926 1543 999 1588 sed
1022 1545 1277 1606 vituperasti
1290 1556 1508 1602 naturam,

131 1615 186 1660 de.
201 1631 289 1678 qua
315 1613 424 1659 dicis
450 1613 625 1660 infundi
646 1613 811 1658 crimen
832 1614 1116 1660 horrendum.
1148 1615 1299 1675 vigilet
1319 1616 1395 1662 hic
1411 1633 1512 1676 ergo

130 1685 267 1731 lector
283 1702 416 1732 meus.
451 1685 496 1731 Si
526 1695 727 1730 naturam
754 1684 993 1730 humanam
1025 1685 1072 1730 in
1095 1685 1387 1732 fornicatione
1415 1687 1512 1733 lau-

131 1757 323 1802 dabilem
348 1756 576 1813 censuisti,
595 1772 695 1818 quae
719 1772 894 1801 causam
920 1757 1114 1801 nascenti
1143 1757 1317 1817 flagitiis
1341 1764 1512 1803 coeun-

131 1828 239 1873 tium
256 1866 266 1881 ,
291 1826 570 1891 impollutam
598 1826 791 1880 fecisset3
816 1826 1038 1889 quomodo
1063 1827 1180 1872 hanc
1214 1828 1352 1890 ipsam
1379 1839 1513 1875 natu-

130 1916 219 1943 ram
247 1899 293 1943 iu
317 1898 529 1944 connubii
554 1906 677 1960 parte
707 1896 1013 1959 reprel‘tcndis,
1044 1914 1176 1960 quam
1205 1898 1314 1943 dicis
1337 1916 1512 1945 causam

131 1969 320 2014 naturali
353 1968 527 2014 crimini
550 1966 837 2031 praestitisse?
875 1968 989 2027 Ergo
1015 1985 1103 2013 non
1133 1968 1309 2031 quidem
1338 1986 1513 2016 connu-

131 2040 273 2096 bium,
296 2039 368 2085 sed
387 2049 586 2085 naturam
606 2038 845 2083 humanam
862 2048 902 2083 et
921 2055 1128 2098 magnum
1148 2039 1316 2084 bonum
1338 2050 1380 2085 et
1395 2057 1513 2100 mag-

131 2127 235 2156 num
263 2110 427 2156 malum
457 2125 544 2154 6550
573 2107 790 2171 professus
815 2125 871 2154 65.
904 2109 1015 2153 Nam
1040 2109 1149 2171 quid
1168 2125 1216 2153 ea
1247 2109 1430 2172 nequius
1450 2147 1460 2166 ‚
1481 2111 1516 2156 si

133 2181 298 2226 crimen
326 2180 556 2240 ingenuit?
581 2177 690 2241 quid
717 2178 1039 2234 detestabilius,
1073 2179 1107 2224 si
1137 2197 1159 2224 a
1183 2179 1360 2225 diabolo
1380 2181 1516 2243 possi-

136 2252 294 2298 detur?
318 2251 438 2309 Quid
462 2268 562 2310 ergo
586 2249 749 2295 habeat
773 2249 875 2294 artis
907 2251 952 2295 in
984 2251 1144 2296 semine
1164 2287 1174 2305 ‚
1201 2251 1294 2312 ipsa
1323 2251 1511 2297 viderit:

136 2323 358 2385 qualitatis
384 2322 555 2368 interim
572 2357 582 2376 ‚
613 2321 655 2365 in
680 2337 766 2383 qua
786 2321 957 2366 bonum
984 2338 1110 2366 omne
1137 2320 1205 2366 vel
1228 2320 1392 2366 malum
1421 2332 1509 2376 est,

135 2396 333 2458 pessimae
357 2392 685 2455 comprobatur,
705 2391 739 2435 si
759 2401 799 2436 et
819 2391 912 2454 ipsa
934 2408 1002 2436 rea
1017 2428 1027 2445 ,
1056 2401 1097 2436 et
1115 2407 1321 2449 generans
1339 2402 1481 2438 reatus
1497 2430 1509 2449 ‚

132 2478 175 2512 et
198 2465 428 2512 diabolicae
459 2462 735 2509 convincitur
759 2460 1002 2525 tyrannidis
1024 2462 1206 2509 satelles.
1233 2462 1389 2508 Merito
1412 2480 1513 2524 ergo

134 2536 186 2582 de
206 2536 423 2583 fructibus
446 2533 531 2579 suis
560 2531 690 2577 debet
716 2532 845 2577 arbor
864 2533 1052 2592 agnosci,
1084 2543 1131 2578 ut
1148 2549 1247 2596 quae
1266 2549 1394 2585 eausa
1411 2534 1513 2582 mali

133 2617 210 2664 est,
240 2607 457 2666 malajure
477 2604 644 2667 optimo
671 2603 934 2650 nominetur.
960 2625 978 2645 »
1166 2601 1169 2603 ’
