1824 3236
129 263 719 277 mmzwszsswssmtstws==ae=sm
745 265 1110 278 ικωιἉκνςινιπικΜ
1116 268 1456 280 ssssssssssssssss
1461 272 1496 281 w

336 344 398 428 A
413 343 497 430 N
504 341 588 429 N
595 341 1155 433 OTATION
1164 345 1324 432 ES.

488 583 749 613 mmm-Ario
787 572 853 628 (ι)
889 585 988 630 pag.
1032 569 1138 615 233.

192 647 504 696 Calumniandi
514 647 785 694 occasionem
807 648 960 710 arripit
976 648 1174 695 Julianus
1185 666 1232 696 ex
1248 651 1332 698 illis
1347 651 1499 698 Hiero·

127 720 249 782 nymi
260 718 405 766 verbis
420 718 466 763 in
484 717 668 777 Dialogo
687 727 841 762 contra
877 717 1128 777 Pelagianos
1162 720 1205 767 3.
1229 736 1327 784 cap.
1379 738 1415 768 1.
1440 727 1498 769 Ia

128 791 177 837 E
181 789 394 853 vangelio
392 790 546 850 juxta
555 787 803 843 Hebraeos,
814 786 945 850 quod
953 788 1211 835 Clzulclai'co
1221 790 1410 852 quidem
1424 797 1504 852 Sy-

127 879 276 927 mque
285 879 517 917 sermone,
530 861 619 907 sed
633 860 880 906 Hebraicis
894 860 1292 922 litterisscriptum
1306 875 1390 920 est,
1408 883 1504 927 quo

128 943 323 978 utuntur
339 947 488 994 usque
499 929 642 976 hodie
660 932 923 986 Nazareai,
945 931 1207 976 seeundum
1223 934 1500 995 Apostolos,

126 1004 223 1050 sive
241 1013 295 1048 ut
312 1002 535 1065 plerique
556 1011 825 1053 autumant,
834 1002 987 1061 juxta
1006 1001 1290 1047 Mattlueum
1314 1004 1447 1065 quod
1462 1017 1509 1051 et

129 1075 177 1118 in
205 1073 486 1119 Caesariensi
510 1071 718 1116 habetur
739 1070 1025 1116 bibliotheca
1042 1108 1052 1126 ,
1089 1084 1248 1116 narrat
1271 1072 1468 1120 historia
1490 1094 1501 1119 :

129 1164 150 1185 «
167 1147 285 1189 Eece
303 1153 456 1188 mater
466 1141 672 1187 Domini
687 1151 731 1185 et
754 1140 916 1186 fratres
939 1143 1035 1202 ejus
1051 1140 1273 1186 dicebant
1289 1144 1348 1188 ei:
1364 1147 1503 1189 loan-

128 1234 149 1255 »
172 1231 254 1260 nes
269 1217 480 1275 Baptista
496 1212 715 1274 baptizat
743 1214 793 1254 iu
825 1215 1146 1256 remissionem
1159 1223 1465 1274 peecatorum
1484 1233 1500 1269 ‚-

128 1305 148 1326 »
165 1299 347 1339 eamus,
374 1294 421 1327 et
437 1282 738 1345 baptizemur
754 1279 814 1325 ab
833 1297 903 1325 eo.
929 1282 1069 1326 Dixit
1084 1292 1244 1326 autem
1261 1286 1354 1327 eis:
1378 1285 1508 1342 Quid

127 1354 356 1418 »peceavi
366 1389 379 1409 ‚
405 1362 457 1397 ut
488 1350 667 1397 vadam
690 1387 702 1406 ‚
729 1361 774 1395 et
812 1349 1026 1413 baptizer
1043 1351 1107 1395 ab
1129 1352 1219 1396 eo?
1243 1355 1351 1398 Nisi
1368 1354 1503 1410 sorte

129 1445 150 1466 »
169 1424 260 1469 hoc
273 1427 426 1487 {osum
446 1422 583 1486 quod
595 1422 703 1467 dixi
719 1425 992 1484 ignorantia
1016 1432 1128 1467 est.»
1148 1420 1279 1477 Quod
1303 1422 1502 1481 Evange-

126 1492 236 1539 lium
260 1510 284 1538 a
300 1510 342 1539 se
357 1493 404 1538 in
423 1492 632 1538 Graecum
650 1491 943 1555 Latinumque
964 1507 1200 1536 sermonem
1225 1491 1497 1547 translatum,

127 1581 215 1610 non
238 1580 288 1611 eo
305 1563 392 1611 loci
417 1562 524 1609 dicit
547 1563 858 1626 Hieronymus,
880 1561 953 1607 sed
974 1562 1019 1608 in
1041 1561 1248 1622 Catalogo
1265 1562 1396 1624 scrip.
1421 1563 1502 1608 Ec-

127 1635 309 1683 clesiast.
338 1650 438 1698 cap.
463 1634 517 1680 de
538 1633 563 1678 J
569 1633 709 1679 acobo
728 1632 863 1678 fratre
885 1631 1076 1678 Domini.

484 1738 742 1770 ΑΝΝοΤΑΤΙο
779 1722 849 1786 (2)
885 1739 984 1785 pag.
1030 1722 1136 1776 234.

192 1813 336 1859 Locus
358 1810 615 1874 Hieronymi
635 1847 646 1865 ‚
668 1826 798 1874 quem
819 1807 1017 1854 Julianus
1038 1806 1223 1866 maligne
1241 1807 1501 1869 interpreta—

128 1893 217 1937 tur,
244 1881 415 1943 Dialogi
434 1891 497 1927 est
520 1898 565 1927 11.
595 1897 696 1944 cap.
725 1881 768 1925 6.
797 1878 874 1924 ubi
893 1877 946 1923 de
977 1877 1165 1922 Domino
1186 1875 1370 1935 legitur:
1403 1880 1501 1922 Ne-

123 1964 210 2015 gat
214 1952 453 2011 fratribus
472 1961 518 1997 et
516 1954 807 2015 propinquis
833 1950 895 1993 ire
917 1965 967 1993 se
990 1947 1058 1992 acl
1074 1950 1401 2009 scenopegiam
1425 1965 1436 1990 .·
1459 1960 1502 1991 et

123 2035 290 2086 postea
312 2027 538 2086 scriptum
579 2033 671 2077 est,
699 2045 717 2062 α
752 2024 814 2065 Ut
836 2030 991 2064 autem
1016 2017 1332 2063 ascenderunt
1343 2019 1507 2074 frater

129 2116 149 2136 »
163 2094 284 2158 ejus,
304 2104 416 2138 tunc
434 2104 478 2138 et
501 2097 600 2156 ipse
614 2089 822 2137 aseendit
834 2090 904 2134 acl
917 2089 1384 2141 solemnc'tatem,uon
1403 2103 1505 2131 ma-

130 2186 150 2206 »
165 2163 348 2223 adeste,
364 2164 455 2208 sed
463 2164 602 2226 quasi
616 2166 666 2207 in
684 2160 955 2206 abscondito
966 2179 1002 2203 .»
1014 2159 1045 2204 I
1048 2169 1196 2202 turum
1222 2173 1273 2201 se
1295 2161 1503 2218 negavit,

129 2235 306 2296 etfecit
321 2234 458 2298 quod
466 2235 605 2297 prius
632 2242 896 2296 negaverat.
928 2233 1090 2274 Latrat
1106 2227 1412 2289 Porphyrius,
1434 2229 1504 2271 ia-

127 2308 407 2351 constantiae
440 2321 499 2349 ac
534 2305 816 2349 mutationis
848 2310 1042 2346 accusat
1059 2335 1069 2353 ‚
1103 2302 1313 2342 nesciens
1343 2301 1505 2342 omnia

126 2375 364 2422 seandala
377 2374 447 2420 ad
462 2391 650 2420 carnem
672 2389 772 2419 esse
801 2367 1055 2430 referenda.

489 2489 747 2520 ΑΝΝοίἈτιο
789 2470 858 2534 (3)
896 2486 994 2533 pag.
1038 2467 1144 2513 326.

196 2567 367 2613 Veteres
390 2566 562 2612 codices
593 2565 667 2611 hie
699 2575 739 2610 et
770 2561 879 2608 infra
908 2561 951 2605 in
982 2556 1211 2616 Augustini
1234 2555 1507 2616 responsione

261 2656 404 2687 cxmv.
1319 2626 1376 2669 338
