1863 3262
172 295 333 326 ommis
369 288 628 324 lMPERFEcrt
664 288 840 322 CONTRA
874 291 1119 334 summum,
1158 295 1245 326 Lm.
1290 296 1358 327 ιιι.
1410 280 1494 338 145

126 370 200 419 gat
216 359 405 405 conditae
424 367 658 403 creatorem
680 373 691 401 :
712 356 788 419 qui
811 373 912 403 vero
933 368 1060 417 negat
1082 359 1118 403 ei
1140 359 1301 406 malum
1328 360 1461 407 inesse
1480 398 1491 416 ‚

127 430 449 476 misericordem
464 427 628 474 vitiatae
646 427 1105 476 invidetSalvatorem.
1129 450 1149 470 «
1171 431 1215 475 Si
1235 449 1334 491 ergo
1350 469 1360 487 ‚
1385 442 1433 478 ut
1447 442 1498 478 tu

128 500 323 564 profiteri
342 509 517 546 coactus
535 515 577 543 es
593 534 604 554 ,
631 497 709 561 qui
739 508 866 558 negat
889 515 981 544 eam
1008 499 1174 544 bonum
1197 517 1281 546 esse
1296 539 1306 554 ‚
1332 503 1502 548 bonum

129 571 259 616 etiarn
279 568 548 615 conditorem
566 571 655 627 ejus
671 604 681 619 ,
705 567 751 613 id
767 579 846 624 est,
863 570 1003 614 Deum
1024 580 1149 629 negat
1164 589 1175 623 3
1192 581 1233 614 et
1251 571 1361 616 nihil
1383 572 1503 618 aliud

131 651 193 685 est
212 640 370 685 malain
402 655 489 684 esse
511 648 734 691 naturam,
756 655 886 701 quam
921 638 1084 684 malum
1118 640 1320 686 meritum
1341 642 1504 688 habere

133 709 416 763 naturaliter3
446 708 615 755 veritati
654 718 814 754 nostrae
850 708 1190 755 adminiculatur
1212 711 1339 756 etiam
1366 722 1506 757 vestra

134 779 371 835 confessio,
406 795 560 838 negare
584 795 659 825 vos
690 778 892 825 videlicet
922 781 1064 824 Deum
1087 779 1253 825 bonum
1278 780 1509 827 hominum

134 850 406 896 conditorem
424 886 435 906 ,
468 866 656 913 quorum
678 849 836 896 malam
864 866 950 896 esse
972 860 1197 908 naturam,
1224 862 1265 897 et
1290 852 1405 898 vitiis
1421 855 1512 912 ejus

130 922 286 983 juratis
302 959 312 975 ,
338 933 380 968 et
398 921 558 985 poenis.
587 943 606 963 »

201 994 315 1038 Auo.
347 991 513 1037 Natura
533 990 774 1048 humana1‚
797 992 875 1037 etsi
901 992 1011 1038 mala
1025 1003 1107 1049 est,
1130 993 1234 1057 quia
1250 993 1400 1041 vitiata
1423 1005 1512 1050 est;

135 1079 224 1108 non
247 1072 392 1108 tamen
425 1061 591 1110 malum
610 1073 671 1107 est
687 1099 698 1118 ,
724 1063 827 1125 quia
850 1073 1005 1109 natura
1029 1074 1102 1110 est.
1135 1064 1264 1110 Nulla
1297 1065 1411 1111 enim
1435 1084 1516 1112 na—

138 1141 233 1178 tura
247 1169 258 1189 ‚
277 1132 322 1178 in
342 1142 555 1195 quantum
572 1142 726 1178 natura
748 1143 836 1189 est,
854 1133 1018 1179 malum
1039 1144 1123 1190 est5
1145 1133 1218 1179 sed
1237 1151 1415 1197 prorsus
1431 1136 1517 1181 bo-

135 1219 241 1248 num
260 1239 272 1259 ‚
297 1202 386 1248 sine
403 1218 491 1266 quo
517 1202 635 1248 bono
657 1201 795 1248 ullum
814 1220 901 1249 esse
924 1221 1011 1249 non
1028 1215 1168 1267 potest
1194 1205 1357 1250 malum
1379 1223 1389 1250 :
1412 1206 1516 1268 quia

136 1273 220 1318 nisi
233 1273 279 1318 in
298 1272 443 1336 aliqua
459 1283 614 1318 natura
630 1272 768 1318 ullum
790 1290 874 1318 esse
894 1291 981 1319 non
997 1285 1139 1337 potest
1159 1275 1318 1320 vitium
1335 1295 1345 1328 ;
1367 1292 1521 1339 quam-

135 1343 201 1389 vis
223 1342 313 1388 sine
332 1342 437 1388 vitio
456 1342 593 1405 possit
611 1359 697 1388 esse
715 1379 726 1398 ,
752 1342 821 1387 vel
834 1360 1064 1405 nunquam
1086 1343 1234 1390 vitiata
1252 1380 1262 1400 ‚
1289 1344 1355 1390 vel
1377 1355 1521 1391 sanata

136 1423 291 1459 natura
318 1430 330 1458 ι
360 1412 480 1476 quod
505 1412 740 1458 Manichaei
765 1413 799 1458 si
819 1413 1111 1474 intelligerent
1130 1452 1141 1470 ,
1172 1414 1407 1460 Manichaei
1423 1433 1523 1461 om-

136 1483 242 1529 nino
265 1500 354 1529 non
372 1493 533 1539 essent,
561 1482 669 1529 duas
682 1500 729 1528 ex
753 1484 982 1530 contrariis
1006 1485 1206 1547 partibus
1226 1484 1393 1530 boniet
1417 1484 1521 1530 mali

137 1553 459 1599 introducendo
491 1563 682 1600 naturas.
721 1552 768 1598 Si
800 1570 901 1613 ergo
936 1553 1055 1599 vides
1087 1553 1195 1617 quid
1226 1553 1338 1598 inter
1371 1571 1448 1599 nos
1476 1567 1520 1599 et

142 1623 412 1669 Manichaeos
430 1623 623 1679 intersit,
649 1634 746 1669 tace
770 1640 780 1668 :
809 1623 951 1669 sinon
973 1623 1116 1680 vides,
1145 1635 1253 1670 tace.

207 1693 385 1741 CCVII.
416 1694 441 1738 J
450 1710 515 1740 UL.
550 1713 572 1736 «
597 1694 696 1739 Non
721 1709 821 1753 ergo
845 1693 1091 1740 invidemus
1124 1693 1392 1739 Salvatorem
1422 1693 1486 1739 illi
1504 1731 1515 1750 ‚

140 1779 272 1826 quam
308 1763 546 1810 conditoris
578 1764 644 1810 sui
681 1763 891 1824 dignitate
915 1763 1188 1809 defendimus
1215 1781 1225 1808 :
1253 1763 1325 1809 sed
1357 1763 1521 1809 malum

140 1849 235 1879 eam
266 1850 471 1894 negamus
507 1851 621 1891 esse,
654 1851 708 1880 ne
733 1833 974 1879 efficiamur
1008 1833 1268 1886 Manichaei3
1294 1834 1457 1879 malum
1482 1833 1521 1879 ei

140 1918 346 1962 negamus
380 1903 543 1959 inesse,
581 1921 635 1950 ne
673 1904 849 1949 mutatis
883 1903 1138 1950 nominibus
1171 1904 1303 1949 simus
1337 1903 1519 1949 totidem

141 1973 393 2020 Manichaei.
425 1995 445 2015 »

209 2045 326 2090 AUG.
366 2044 549 2089 Prorsus
582 2053 735 2090 contra
774 2043 1039 2089 Manichaeos
1074 2043 1171 2089 estis
1186 2080 1197 2099 ,
1237 2059 1336 2088 cum
1373 2041 1519 2089 dicitis

143 2123 343 2158 naturam
359 2113 518 2159 malam
534 2131 622 2160 non
640 2131 725 2160 esse
743 2131 753 2159 ε
775 2114 848 2160 sed
870 2113 1089 2173 Pelagiani
1109 2114 1206 2159 estis
1219 2150 1230 2169 ‚
1253 2129 1352 2158 cum
1367 2113 1406 2158 ei
1422 2130 1520 2158 ma-

143 2182 237 2229 lum
268 2182 412 2229 dicitis
441 2201 529 2229 non
557 2184 691 2229 inesse
706 2221 716 2238 ‚
739 2194 781 2230 et
800 2184 1034 2229 nescientes
1056 2181 1350 2243 suffragamini
1371 2183 1520 2228 Mani-

145 2252 303 2309 chaeis,
327 2253 514 2299 dicendo
547 2254 708 2300 malum
724 2291 734 2310 ,
761 2254 882 2318 quod
902 2254 940 2299 ei
970 2253 1248 2299 manifestum
1271 2263 1333 2299 est
1351 2252 1484 2298 inesse
1503 2290 1515 2310 ,

146 2338 195 2367 ex
212 2322 345 2386 primi
357 2323 546 2369 hominis
566 2324 927 2387 praevaricatione
942 2340 1031 2368 non
1051 2341 1137 2369 esse
1154 2343 1165 2377 ;
1188 2334 1235 2369 ut
1251 2321 1520 2369 concludant

145 2391 209 2437 illi
231 2391 356 2437 aliam
378 2394 663 2439 substantiam
684 2405 973 2457 naturamque
990 2393 1093 2439 mali
1118 2411 1217 2441 esse.

214 2461 416 2509 CCVIII.
441 2463 539 2510 JUL.
573 2483 593 2505 t<
619 2463 771 2509 Vitiari
790 2474 934 2510 autem
959 2464 1005 2509 in
1031 2480 1292 2528 unoquoque
1325 2467 1418 2524 jam
1444 2480 1521 2510 suo

149 2530 363 2578 arbitratu
383 2533 449 2578 vel
465 2533 633 2579 bonum
652 2544 799 2596 agente
815 2534 884 2582 vel
905 2533 1087 2592 malum,
1108 2551 1306 2598 personae
1320 2533 1521 2580 meritum

197 2615 208 2637 ¹
228 2617 363 2657 Prosper
381 2621 445 2647 seat
467 2617 541 2650 302.

279 2685 422 2717 oxmv.
1340 2686 1392 2714 ιο
