1824 3236
140 231 297 262 omarus
335 229 598 261 IMPERFEGTI
634 229 810 259 CONTRA
845 229 1092 270 συιιΛΝυΜ,
1131 230 1217 261 LIB.
1262 214 1320 262 ν.ῗ
1378 215 1471 262 383

95 296 332 353 credendo,
347 297 380 343 si
407 314 495 342 non
520 305 659 359 potes,
683 294 891 358 quoniam
909 313 953 340 ex
977 296 1102 341 bonis
1122 307 1212 343 orta
1228 309 1328 345 sunt
1348 298 1473 357 mala,

96 385 176 415 nec
200 379 263 414 est
284 367 449 433 aliquid
469 365 632 412 malitia
655 366 736 411 nisi
760 365 998 426 indigentia
1018 367 1140 414 honi.

162 439 296 487 XLV.
325 440 425 486 JUL.
457 460 477 481 «
498 437 660 484 Verum
700 447 748 483 ut
773 437 923 482 ambos
950 455 1026 484 vos
1052 441 1206 484 veritas
1229 439 1413 495 detexit,
1438 452 1480 486 et

99 511 275 576 proruit
297 529 307 556 z
327 511 387 557 ita
407 527 429 556 a
445 509 573 555 nobis
592 508 881 554 consideratio
896 509 1030 554 nostri
1047 511 1235 572 reposcit
1259 510 1406 564 officii,
1433 522 1482 557 ut

105 582 213 646 quid
230 582 380 628 sithoc
400 579 520 645 quod
536 581 846 626 obscuritatem
869 579 975 625 huic
1002 581 1254 643 quaestioni,
1278 587 1482 646 quaejam

103 664 318 699 exarmata
343 662 420 705 est,
448 651 624 706 fecerat,
646 651 922 715 explicemus,
946 651 1107 696 Omnia
1133 669 1234 715 quae
1250 654 1381 710 fiunt,
1411 665 1485 700 aut

105 743 127 771 a
149 725 404 777 necessario,
430 733 503 769 aut
529 741 552 769 a
589 722 786 786 possibili
821 722 1032 768 dicuntur
1059 723 1247 771 existere.
1279 726 1486 771 Necessa-

104 795 220 842 rium
235 806 378 841 autem
395 795 470 841 hic
490 794 609 847 dico,
629 811 717 840 non
737 793 854 858 quod
873 793 1058 839 solemus
1083 794 1187 840 utile
1208 812 1482 860 nuncupare,

105 866 180 912 sed
200 865 320 929 quod
348 865 589 925 majoribus
608 864 738 911 fuerit
764 867 902 910 causis
929 875 1146 912 coactum.
1193 867 1490 914 Necessarium

107 952 207 996 ergo
230 953 456 992 vocamus,
485 953 573 982 non
599 936 716 1000 quod
735 937 778 982 in
799 940 897 995 jure
918 937 971 981 sit
995 936 1249 993 voluntatis,
1276 939 1347 984 sed
1371 940 1491 1002 quod

107 1008 300 1072 patiatur
316 1007 521 1053 existendi
539 1008 643 1054 vim.
666 1007 879 1053 possibile
897 1018 1041 1053 autem
1056 1006 1261 1065 dicimus,
1278 1010 1398 1072 quod
1412 1029 1490 1057 nec

111 1077 336 1135 existendi,
375 1095 454 1124 nec
474 1095 562 1123 non
586 1077 797 1124 existendi
830 1078 872 1123 in
896 1077 1074 1124 alteram
1099 1090 1269 1142 partem
1298 1083 1495 1145 experia-¹

115 1160 183 1197 tur
201 1149 514 1207 necessitatem,
552 1149 625 1195 sed
650 1150 778 1196 certis
796 1149 936 1195 modis
954 1159 996 1196 et
1018 1150 1153 1213 possit
1172 1169 1275 1207 esse,
1303 1164 1346 1198 et
1362 1155 1498 1217 possit

111 1238 198 1267 non
221 1237 322 1268 esse.
349 1221 510 1266 Teneat
529 1238 629 1281 ergo
649 1220 784 1266 lector
807 1232 953 1266 noster
969 1220 1077 1285 quid
1095 1221 1169 1267 hic
1183 1225 1490 1281 necessarium,

113 1291 221 1356 quid
253 1291 460 1355 possibile
484 1308 804 1354 nuncupemus,
833 1292 889 1336 Et
921 1303 969 1337 ut
991 1309 1013 1336 a
1040 1292 1280 1351 grandibus
1311 1296 1498 1341 inchoe-

115 1378 211 1408 mus
234 1361 455 1425 exemplis,
479 1373 527 1407 ut
552 1363 666 1407 Deus
684 1361 844 1407 faceret
864 1361 1100 1415 mundum,
1128 1381 1149 1408 a
1167 1365 1361 1427 possibili
1383 1367 1501 1413 venit

117 1433 172 1488 ei,
202 1450 291 1479 non
313 1451 337 1479 a
356 1433 614 1488 necessario,
644 1433 689 1478 id
710 1443 788 1490 est,
818 1434 1147 1496 omnipotentiae
1184 1439 1275 1495 ejus
1298 1439 1502 1501 possibile

117 1504 202 1550 fuit
223 1520 368 1549 creare
390 1520 490 1567 quae
504 1503 720 1560 condidit,
739 1505 1026 1550 necessarium
1047 1515 1188 1550 tamen
1202 1524 1290 1553 non
1305 1508 1407 1566 fuit,
1429 1512 1499 1556 vi-

121 1574 278 1620 delicet
296 1591 385 1619 non
402 1585 464 1619 est
481 1574 536 1620 ab
559 1574 707 1637 aliquo
724 1585 900 1620 coactus
925 1585 973 1620 ut
988 1575 1166 1628 faceret,
1185 1577 1259 1623 sed
1277 1578 1378 1625 fecit
1401 1583 1503 1644 quia

122 1646 279 1701 voluit,
314 1644 431 1710 quod
458 1663 545 1691 non
568 1644 735 1690 fecisset
772 1645 968 1709 profecto
998 1646 1031 1691 si
1047 1647 1266 1696 noluisset.
1317 1655 1373 1696 At
1415 1653 1503 1699 hoc

123 1717 242 1782 quod
263 1717 430 1763 auctori
448 1717 588 1763 adfuit
611 1735 632 1762 a
658 1717 876 1780 possibili,
898 1716 943 1761 in
968 1735 1097 1781 opere
1117 1736 1140 1764 a
1165 1723 1401 1769 necessario
1418 1725 1506 1771 fac-

125 1801 219 1835 tum
234 1799 317 1845 est,
341 1788 386 1835 id
413 1799 492 1845 est,
513 1806 602 1834 non
626 1788 708 1834 fuit
730 1788 896 1834 mundo
915 1789 1123 1852 possibile
1136 1807 1222 1836 esse
1237 1803 1278 1837 et
1294 1811 1381 1840 non
1400 1813 1503 1852 esse,

126 1861 298 1924 quiesse
325 1861 381 1906 ab
407 1860 926 1924 impotentejubebatur,
955 1860 1027 1905 sed
1053 1862 1294 1921 cogebatur
1311 1867 1505 1924 existere,

91 1985 96 1990 1
130 1932 202 1976 cni
224 1931 501 1993 omnipotens
528 1930 768 1975 mandabat
788 1931 1027 1976 essentiam.
1061 1952 1081 1971 >2

198 2003 311 2048 Aen,
342 2000 580 2057 Quomodo
605 1999 794 2045 mundus
823 2001 1063 2060 cogebatur
1085 2001 1286 2056 existere,
1315 2007 1390 2069 qui
1423 2025 1511 2053 non

132 2083 222 2118 erat
247 2082 476 2135 antequam
511 2072 730 2117 existeret?
760 2071 996 2127 Quomodo
1031 2073 1202 2131 cogitur
1234 2076 1447 2141 quisque,
1479 2080 1513 2125 si

134 2160 221 2190 non
240 2146 334 2189 est?
358 2143 511 2188 Nonne
537 2142 670 2187 satius
694 2152 783 2187 erat
805 2152 851 2186 ut
870 2141 1032 2187 diceres
1052 2180 1061 2195 ,
1089 2145 1282 2191 Mundus
1301 2147 1438 2194 factus
1455 2162 1516 2195 est

137 2217 216 2261 Dei
242 2215 462 2260 voiuntate
484 2251 493 2269 ,
539 2232 625 2259 non
653 2231 742 2260 sua.
779 2212 862 2258 Sed
891 2231 1020 2277 perge
1039 2252 1048 2269 ,
1087 2216 1311 2264 videamus
1334 2221 1441 2283 quid
1471 2239 1518 2267 ex

136 2287 216 2332 ista
236 2286 512 2331 distinctione
538 2284 755 2347 possibilis
777 2294 819 2328 et
838 2285 1061 2329 necessarii
1086 2288 1254 2332 coneris
1271 2291 1514 2337 ostendere:

139 2374 272 2421 quam
291 2355 442 2401 melius
464 2372 685 2418 possemus
710 2354 947 2415 intelligere
964 2393 974 2411 ,
1008 2355 1040 2400 si
1067 2373 1160 2402 eam
1185 2374 1523 2409 commemorare

142 2425 476 2482 tantummodo,
504 2436 545 2471 et
569 2443 655 2471 non
676 2440 886 2489 exponere
915 2426 1135 2474 voluisses.
1163 2429 1273 2486 Quis
1295 2432 1410 2478 enim
1437 2451 1523 2481 non

143 2500 288 2546 videat
307 2537 317 2555 ‚
348 2515 475 2544 omne
507 2497 627 2561 quod
651 2497 745 2543 fieri
778 2514 946 2544 necesse
977 2509 1070 2554 est,
1098 2500 1225 2547 etiam
1252 2503 1345 2550 fieri
1367 2523 1492 2569 posse
1514 2546 1524 2565 ,

145 2588 232 2616 non
262 2587 389 2616 omne
416 2568 533 2632 quod
560 2568 652 2614 fieri
681 2578 850 2632 potest,
878 2570 1008 2616 etiam
1035 2570 1126 2617 fieri
1151 2589 1320 2620 necesse
1339 2580 1457 2623 esse?
1487 2580 1529 2625 Si
