1824 3236
163 300 319 333 OPERIS
355 299 618 332 IMPERFECTI
651 298 827 330 CONTRA
863 299 1108 343 JULIANUM,
1148 302 1236 334 LIB.
1278 303 1319 335 V.
1396 288 1487 352 317

113 368 159 414 in
180 367 382 432 paradiso
409 367 492 414 fuit
521 376 619 412 ante
653 375 900 428 peccatum.
936 365 1021 412 Sed
1053 368 1086 413 si
1114 379 1344 432 propterea
1367 370 1486 415 bona

116 439 199 484 tihi
223 438 396 487 videtur
418 437 559 484 carnis
582 436 959 499 concupiscentia,
986 438 1087 500 quia
1122 457 1200 502 per
1237 440 1355 486 illam
1387 440 1490 487 red-

116 508 208 554 dita
230 519 293 556 est
315 508 477 572 proles,
507 524 640 571 quam
671 507 929 570 promiserat
972 511 1117 562 l)eus;
1153 511 1295 556 honus
1320 511 1400 556 tibi
1423 511 1493 557 vi-

115 576 270 625 deatur
292 589 334 624 et
351 578 553 624 diabolus
572 614 583 634 ‚
609 578 712 641 quia
740 594 818 640 per
839 577 965 623 illum
989 580 1160 639 sanguis
1187 582 1376 639 Christi,
1404 599 1491 645 quo

114 649 443 706 redimeremur,
478 649 636 695 effusus
668 659 752 705 est,
786 665 914 713 quem
950 650 1065 695 Deus
1101 655 1373 714 promiserat.
1407 657 1493 698 Aut

115 719 272 779 fatere,
314 720 442 767 etiam
472 737 551 784 per
585 719 764 784 aliquod
797 721 963 766 malum
997 720 1122 767 reddi
1159 740 1282 785 posse
1317 723 1492 787 aliquod

115 789 298 838 bonunh

181 862 262 908 XI.
301 866 398 910 JUL.
426 883 446 904 α
467 861 559 908 lllis
586 879 686 922 ergo
710 862 1013 926 praetermissis
1029 863 1241 926 physicus
1258 864 1336 909 iste
1359 880 1496 910 novus

117 932 273 979 falsum
294 950 380 979 esse
398 934 681 996 pronuntiat,
703 933 824 998 quod
851 951 928 979 nos
948 933 1134 980 diximus
1158 953 1167 979 :
1197 957 1216 976 «
1239 936 1362 981 Sicut
1393 946 1497 980 tunc

119 1024 140 1047 ›>
160 1003 288 1050 limus
306 1003 382 1067 qui
404 1014 648 1067 assumptus
672 1015 756 1062 est,
778 1005 955 1050 materia
974 1041 985 1059 ,
1012 1022 1100 1051 non
1125 1016 1277 1051 auctor
1309 1005 1501 1051 hominis

119 1095 140 1117 »
157 1074 240 1120 fuit
262 1092 272 1120 ε
300 1074 361 1121 ita
383 1092 502 1122 nunc
537 1075 602 1122 vis
625 1075 698 1120 illa
732 1075 998 1139 voluptatiS,
1023 1074 1259 1122 confectrix
1291 1076 1500 1122 commix-

119 1165 142 1189 »
161 1145 329 1209 trixque
350 1147 560 1192 seminum
574 1183 587 1203 ,
607 1163 696 1192 non
714 1146 855 1209 explet
869 1146 1031 1193 divinae
1056 1148 1318 1211 operationis
1336 1147 1500 1200 vicem3

121 1217 233 1263 »sed
251 1217 304 1263 de
327 1217 537 1264 thesauris
555 1228 724 1264 naturae
749 1220 873 1264 offert
892 1219 982 1264 Deo
1000 1255 1010 1275 ,
1038 1217 1154 1264 unde
1182 1219 1254 1264 ille
1280 1219 1503 1265 hominem

123 1309 144 1330 »
161 1288 365 1349 dignetur
385 1289 570 1353 operari.
597 1311 616 1331 >³
645 1291 756 1346 Quae
775 1300 917 1335 tamen
936 1299 1051 1335 recte
1077 1307 1100 1334 a
1125 1307 1192 1335 me
1218 1290 1387 1353 prolata
1418 1301 1503 1334 tes-

122 1369 255 1416 tatur,
279 1359 352 1405 sed
383 1370 562 1422 excepto
597 1376 648 1405 eo
687 1359 806 1422 quod
843 1360 957 1416 dixi,
997 1360 1159 1405 semina
1185 1361 1228 1406 vi
1267 1360 1505 1423 voluptatis

122 1431 306 1484 confici3
340 1430 771 1494 philosophaturque
806 1431 893 1477 hoc
924 1431 1057 1476 modo
1081 1449 1092 1476 :
1115 1452 1135 1473 >2
1158 1431 1396 1495 Voluptas,
1433 1432 1505 1477 in-

124 1501 244 1564 quit,
270 1501 344 1547 illa
369 1501 740 1564 concupiscentiae
774 1501 958 1547 carnalis
995 1519 1083 1548 non
1107 1503 1286 1548 conficit
1314 1505 1503 1557 semina,

125 1571 198 1617 sed
217 1589 264 1617 ea
281 1588 382 1635 quae
410 1575 501 1632 jam
526 1582 626 1618 sunt
651 1572 696 1618 in
729 1573 990 1636 corporibus
1009 1591 1032 1618 a
1052 1589 1154 1619 vero
1183 1573 1272 1618 Deo
1298 1574 1474 1618 condita
1493 1610 1503 1628 ‚

124 1660 213 1688 non
243 1644 356 1689 fiunt
376 1643 628 1706 voluptate,
657 1643 731 1689 sed
768 1644 1009 1689 excitantur
1040 1654 1081 1689 et
1113 1643 1375 1689 emittuntur
1405 1661 1507 1689 cum

124 1712 397 1777 voluptate1.
422 1713 560 1759 «Hoc
593 1731 693 1760 sane
729 1724 911 1777 apparet
936 1731 1033 1760 eum
1057 1750 1069 1771 ,
1105 1730 1195 1759 non
1228 1714 1380 1760 fraude
1399 1751 1409 1765 ,
1438 1713 1511 1759 sed

126 1783 299 1832 defectu
329 1784 627 1845 intelligentiae
657 1785 904 1849 protulisse.
933 1786 1031 1832 Vim
1056 1785 1223 1849 quippe
1245 1803 1322 1845 ego
1348 1785 1512 1848 volup-

130 1856 254 1911 tatis,
283 1855 422 1918 ipsam
454 1856 590 1901 virilis
617 1857 812 1919 corporis
842 1857 1054 1902 rationem
1083 1857 1396 1918 pronuntiavi,
1440 1857 1510 1900 cui

134 1942 300 1971 necesse
312 1925 452 1970 habui
469 1926 684 1971 virilitatis
704 1943 860 1971 nomen
878 1927 1115 1988 imponere.
1142 1927 1241 1987 Ipsa
1262 1943 1362 1986 ergo
1389 1926 1512 1989 (quia

135 1995 334 2040 trivimus
350 1997 441 2053 jam
466 1994 552 2040 hoc
572 1996 784 2058 verbum)
807 1995 987 2040 virilitas
1002 2033 1012 2051 ‚
1030 1996 1074 2041 in
1097 1995 1349 2055 genitalium
1368 2007 1409 2041 et
1431 1996 1512 2042 vis-

136 2081 281 2110 eerum
312 2081 523 2126 compage
545 2082 593 2109 ac
611 2067 793 2110 sanitate
816 2066 1051 2110 consistens
1068 2102 1078 2120 ,
1106 2082 1206 2127 quae
1228 2076 1268 2111 et
1298 2076 1512 2129 appeten-

141 2136 211 2181 tiae
243 2145 283 2180 ct
314 2134 556 2180 efficientiae
587 2135 694 2180 vires
723 2135 962 2190 ministrat,
987 2135 1049 2180 vis
1074 2152 1095 2180 a
1122 2153 1189 2180 me
1216 2137 1452 2199 voluptatis
1474 2148 1515 2182 et

139 2204 508 2268 concupiscentiae
533 2205 753 2250 nominata
775 2216 849 2251 est.
884 2205 987 2250 ldeo
1007 2204 1120 2250 enim
1139 2223 1228 2250 non
1246 2206 1515 2270 voluptatem

140 2275 413 2338 simpliciter,
437 2274 509 2319 sed
527 2275 614 2321 vim
632 2276 868 2339 voluptatis
883 2275 1102 2338 appellare
1119 2275 1269 2333 malui,
1281 2287 1329 2321 ut
1344 2278 1521 2324 univer-

142 2363 236 2392 sum
271 2345 395 2390 illum
437 2345 633 2391 ardorem
653 2383 664 2402 ‚
707 2347 783 2410 qui
818 2356 860 2392 et
898 2356 995 2391 ante
1035 2362 1171 2409 opus,
1217 2357 1258 2391 et
1300 2348 1345 2392 in
1395 2366 1523 2411 opere

143 2416 344 2471 sentitur,
368 2415 649 2463 ostenderem.
678 2416 828 2479 Neque
863 2416 977 2462 enim
1011 2415 1227 2462 debilitati
1265 2417 1524 2477 genitalibus

145 2486 374 2543 memhris,
411 2485 456 2531 id
488 2497 574 2541 est,
613 2486 825 2549 spadones
863 2504 1006 2533 semen
1038 2487 1232 2541 habens;
1274 2505 1374 2534 cum
1411 2503 1524 2538 certe

147 2556 414 2621 quibusdam
452 2556 609 2604 favillis
652 2569 908 2606 moveantur
948 2557 1059 2619 ignis
1098 2559 1275 2606 extincti
1296 2579 1307 2614 3
1346 2572 1388 2607 at
1425 2580 1527 2612 vero

200 2642 210 2665 ¹
231 2641 299 2674 Lib.
315 2652 349 2673 α.
370 2640 410 2674 de
427 2643 527 2686 Nupt.
550 2645 582 2674 et
598 2642 698 2677 Cone.
720 2653 748 2678 c.
768 2643 819 2675 13.
