1824 3236
172 299 328 330 ominis
366 300 626 330 mrem-‘nen
664 298 836 328 CONTRA
875 301 1119 341 arrianum,
1162 304 1246 334 mn.
1291 305 1351 336 vl.
1402 292 1494 348 [145

115 364 322 411 fuerimus
339 382 460 410 orare
474 385 485 418 ;
500 375 548 410 ut
567 363 937 427 quemadmodum
965 383 1039 411 nos
1060 368 1294 425 credimus,
1313 372 1386 435 qui
1400 375 1490 431 jam

117 434 277 481 coelum
302 452 465 490 sumus,
489 433 706 498 portando
732 433 920 480 hominis
946 437 1131 483 coelestis
1154 439 1411 500 imaginem,
1431 442 1492 488 sic

116 505 243 550 etiam
264 506 348 568 ipsi
372 504 569 559 credant,
586 505 661 567 qui
679 515 911 567 propterea
938 517 1047 552 terra
1069 520 1186 566 sunt,
1211 511 1313 574 quia
1337 514 1492 559 terreni

117 585 283 621 tantum
310 574 498 621 hominis
515 574 744 634 imaginem
765 585 959 638 portant.

180 647 259 692 XI,
291 645 392 692 JUL.
423 665 443 686 «
468 645 606 690 Durat
626 661 781 708 nempe
803 645 915 691 inter
942 663 1015 692 vos
1041 649 1395 713 ll'lanich‘aeosque
1416 652 1494 697 soe-

116 715 215 772 dus,
240 725 288 760 ut
305 714 366 760 illi
389 713 680 778 professione,
710 732 783 760 vos
809 718 1208 776 argumentatione,
1233 721 1496 784 primiquo-

115 802 200 849 que
225 785 416 830 hominis
439 795 638 830 naturam
665 786 857 831 asseratis
883 786 1040 832 malam
1068 787 1196 834 fuisse
1218 807 1228 834 :
1257 791 1497 853 quodlicet

117 866 259 903 totum
295 856 561 920 ineptiarum
597 857 1012 922 mendaciorumque
1046 859 1226 922 plenum
1263 879 1348 907 esse
1365 899 1376 918 ,
1417 864 1498 924 (ut

116 928 414 991 praeterinissis
431 937 679 973 sanctorum
705 928 966 988 legionibus,
992 930 1187 992 primum
1209 942 1309 994 post
1332 949 1494 995 pecca-

114 1009 207 1044 tum
232 998 337 1044 Adae
355 998 535 1058 justitiae
557 999 817 1062 arripiamus
839 1000 1083 1063 exemplum
1103 1001 1144 1062 ‚)
1171 1001 1318 1047 Abelis
1338 1003 1496 1050 sancii-

114 1079 200 1114 tate
221 1069 414 1114 mirabili
438 1069 757 1132 comprobatur
775 1107 785 1126 ,
823 1070 899 1133 qui
924 1069 977 1115 de
1005 1072 1310 1134 peecatoribus
1334 1084 1461 1118 natus
1482 1111 1493 1130 ‚

113 1141 223 1187 bene
239 1140 413 1187 vivendi
431 1158 473 1186 se
485 1158 572 1186 non
594 1141 779 1187 caruisse
797 1141 975 1198 virtute,
999 1143 1153 1188 effectu
1170 1160 1344 1207 quoque
1361 1145 1497 1207 ipsius

115 1210 288 1257 virtutis
309 1211 498 1256 ostendit
524 1228 535 1256 ε
575 1222 875 1257 verumtamen
900 1212 968 1257 his
997 1213 1230 1275 praeteritis
1251 1217 1377 1273 juvat
1396 1232 1496 1260 sen—

116 1282 269 1328 tentias
293 1282 584 1328 Traducianae
601 1281 792 1327 nationis
814 1299 977 1341 urgere.
1000 1282 1286 1343 Qualeigitur
1300 1295 1497 1330 autumas

115 1351 244 1398 fuisse
267 1353 496 1398 arbitrium
518 1352 726 1408 liberum,
753 1354 873 1415 quod
895 1352 1102 1398 collatum
1125 1354 1278 1415 primis
1301 1355 1498 1400 homini-

116 1423 200 1469 bus
222 1424 469 1470 confiteris?
497 1424 623 1469 Certe
653 1434 700 1468 ut
737 1433 913 1486 possent
937 1423 1069 1468 animi
1092 1422 1301 1469 alternare
1327 1436 1493 1481 motus,

117 1505 159 1540 et
176 1495 243 1541 vel
257 1494 398 1541 facere
425 1494 608 1550 malum,
635 1494 702 1540 vel
722 1494 919 1539 recedere
937 1511 958 1539 a
976 1493 1090 1539 malo
1109 1530 1119 1548 ,
1137 1494 1204 1539 vel
1224 1495 1414 1542 deserere
1430 1495 1498 1542 vel

118 1582 286 1612 servare
304 1566 532 1625 justitiam.
552 1564 764 1610 Voluntas
782 1581 882 1624 ergo
900 1564 1113 1627 peccandi
1133 1582 1221 1610 non
1235 1565 1400 1621 fuisset,
1419 1567 1500 1612 nisi

118 1636 295 1683 volendi
317 1636 581 1700 possibilitas
605 1635 814 1681 anteisset.
857 1635 954 1680 Hoc
978 1644 1078 1698 post
1102 1651 1234 1698 quam
1261 1637 1323 1681 uti
1345 1652 1500 1699 eoepe-

119 1708 416 1771 runtpropria
435 1706 676 1761 voluntate,
703 1705 747 1750 id
769 1715 848 1760 est,
877 1714 999 1750 motu
1020 1705 1150 1757 animi
1172 1718 1351 1766 cogente
1364 1707 1501 1764 nullo,

121 1787 166 1824 tu
194 1777 302 1823 dicis
324 1778 513 1823 liberum
539 1776 770 1822 arbitrium
800 1775 1036 1839 perdidisse
1064 1792 1074 1821 ε
1106 1792 1193 1838 quo
1216 1776 1324 1839 quid
1360 1787 1502 1840 potest

120 1846 321 1893 furiosius
342 1848 556 1907 cogitari-,³
585 1847 642 1891 Ut
661 1846 776 1891 enim
797 1846 861 1891 vis
879 1846 1121 1905 argumenti
1145 1846 1210 1891 tui
1220 1863 1412 1909 expressa
1437 1858 1500 1893 te-

121 1928 290 1971 tentum
312 1918 421 1963 dicis
442 1935 533 1963 eam
558 1934 645 1962 rem
675 1916 847 1979 periisse
878 1925 1061 1978 propter
1078 1915 1347 1961 voluntatem
1369 1954 1380 1973 ,
1403 1934 1503 1980 quae

122 1987 222 2035 data
248 2006 336 2034 non
360 1999 422 2033 est
448 1988 527 2033 nisi
553 1998 735 2051 propter
755 1986 1023 2032 voluntatem
1047 2003 1057 2031 τ
1086 1998 1315 2049 peccatum
1337 1989 1503 2051 quippe

122 2059 236 2105 nihil
258 2070 320 2104 est
345 2058 461 2105 aliud
488 2076 620 2122 quam
652 2057 847 2102 voluntas
883 2056 1024 2111 mala3
1065 2056 1244 2103 libertas
1278 2068 1419 2103 autem
1447 2059 1502 2104 ad

124 2130 210 2177 hoe
230 2130 368 2176 solum
395 2130 496 2175 data
517 2141 596 2183 est,
625 2140 672 2174 ut
691 2127 956 2173 voluntatem
985 2144 1072 2172 non
1097 2139 1283 2187 cogeret,
1307 2129 1378 2173 sed
1402 2146 1505 2192 per-

124 2203 312 2248 mitteret
331 2201 516 2247 exoriri:
553 2200 668 2246 hane
699 2210 840 2245 autem
868 2210 914 2244 tu
938 2199 1183 2244 libertatem
1210 2199 1504 2246 conditionem

126 2289 247 2318 suam
265 2272 374 2318 dicis
390 2271 626 2318 voluntatis
657 2288 787 2333 opere
818 2269 1056 2333 perdidisse
1074 2305 1085 2324 ‚
1116 2279 1162 2314 ut
1184 2286 1260 2332 per
1279 2269 1366 2315 hoe
1392 2271 1508 2316 inte-

127 2343 243 2389 riisse
273 2342 479 2388 credatur
496 2380 506 2398 ‚
528 2360 606 2406 per
628 2342 748 2406 quod
771 2341 908 2387 solum
932 2340 1148 2404 probatur
1163 2342 1316 2400 vigere.
1347 2341 1510 2387 Volun-

128 2425 192 2460 tas
209 2431 310 2473 ergo
336 2413 446 2458 mala
463 2450 473 2467 ‚
498 2430 582 2458 non
603 2412 780 2476 quidem
806 2412 976 2458 fruetus
998 2448 1008 2467 ‚
1032 2411 1104 2456 sed
1135 2412 1427 2458 testimoninm
1452 2413 1510 2458 li-

128 2485 307 2539 bertatis
325 2495 401 2530 est.
428 2484 627 2529 Libertas
652 2493 795 2529 autem
821 2482 934 2528 nihil
957 2493 1021 2527 est
1043 2481 1160 2527 aliud
1180 2500 1311 2546 quam
1329 2484 1513 2545 possibi-

130 2554 228 2601 litas
253 2555 360 2600 boni
382 2554 568 2617 malique
589 2591 600 2610 ,
623 2554 696 2599 sed
725 2553 972 2601 voluntarii.
1004 2553 1091 2609 Qui
1115 2570 1217 2613 ergo
1242 2554 1331 2599 lieri
1349 2555 1510 2617 potuit,

133 2636 182 2672 ut
202 2643 280 2689 per
310 2626 398 2672 hoc
432 2625 655 2682 interiret,
692 2643 769 2689 per
794 2625 917 2689 quod
941 2625 1141 2689 proditur
1162 2625 1357 2671 instituta
1377 2663 1388 2680 ‚
1415 2643 1514 2672 eum
