1824 3236
141 321 298 355 opums
336 316 597 349 mrum-*mm
634 316 808 347 CONTRA
844 318 1086 361 nummi,
1129 322 1216 352 mn.
1260 323 1317 353 vr.
1372 306 1463 368 [193

91 390 240 455 opinio
276 383 537 451 praescribat
577 400 662 428 csse
705 394 932 446 peccatum
957 422 967 442 ‚
1008 402 1108 432 cum
1146 405 1233 451 quo
1277 387 1468 434 nascitur

89 462 249 515 homo,
281 474 369 504 non
395 454 704 502 voluntarium.
746 455 842 500 Non
878 466 939 501 cst
962 474 1063 517 ergo
1089 476 1265 515 verum,
1294 460 1469 522 culpam

89 549 178 580 non
201 548 285 577 esse
300 566 311 586 ,
331 527 413 574 nisi
437 543 538 590 quae
560 536 714 590 sponte
734 527 1046 586 committitur3
1072 531 1173 593 quia
1197 540 1258 575 est
1281 531 1466 585 crimen,

89 613 133 650 et
149 601 384 648 maximum
405 635 414 654 ‚
433 596 552 660 quod
571 614 659 642 non
681 607 834 661 sponte
852 634 863 654 ‚
882 597 952 643 sed
977 600 1190 645 nascendo
1217 601 1465 664 suscipitur.

90 669 422 730 Remitteigitur
439 667 734 713 definitionem
751 668 918 731 peccati
932 706 941 720 ‚
957 685 1057 732 quae
1077 670 1316 716 Catholicis
1333 670 1472 716 amica

88 744 143 791 ad
163 735 240 791 vos
261 758 341 805 nec
361 739 541 802 hospitii
555 743 654 799 J’ure
674 739 884 795 deflectit,
907 750 1036 803 atquc
1054 758 1100 786 ea
1121 742 1311 798 remissa,
1333 741 1471 804 proba

88 826 131 861 te
153 831 240 860 non
280 828 366 859 esse
398 810 573 856 illorum
607 809 948 856 commilitonem
965 848 976 867 ,
1004 810 1081 874 qui
1105 810 1243 874 ipsam
1265 811 1473 856 substan-

91 885 194 931 tiam
229 881 396 930 invidia
419 880 645 945 pravitatis
677 892 953 944 oppugnant.
995 885 1052 927 Et
1091 893 1139 926 ut
1163 881 1283 945 quod
1312 880 1477 940 egimus

90 954 320 1014 colligatur
340 970 351 998 ι
380 962 455 998 aut
470 950 640 997 nullum
662 951 894 998 docebitur
916 951 1211 999 voluntarium
1229 990 1239 1008 ‚
1259 952 1293 998 si
1312 962 1373 998 est
1394 951 1475 997 ali-

91 1023 211 1089 quod
242 1021 438 1069 naturale
468 1033 698 1086 peccatum
727 1040 737 1068 :
761 1033 835 1068 aut
864 1022 1036 1069 nullum
1067 1022 1149 1069 erit
1181 1022 1405 1079 naturale,
1441 1022 1472 1068 si

92 1112 219 1142 omne
240 1103 473 1159 peccatum
497 1093 793 1141 voluntarium
819 1093 1025 1140 definitur
1048 1112 1058 1139 ε
1087 1094 1408 1157 conficiturque
1427 1110 1474 1139 ex

92 1165 186 1222 his,
214 1176 263 1212 ut
292 1175 367 1211 aut
387 1181 512 1224 neges
535 1164 656 1210 nasci
689 1182 813 1228 posse
846 1175 1098 1229 peccatum,
1128 1175 1170 1210 et
1209 1176 1396 1210 transeas
1429 1164 1476 1209 in

95 1235 427 1300 Catholicorum
450 1235 583 1281 fidem
603 1256 614 1290 ;
648 1246 722 1281 aut
747 1236 780 1281 si
800 1236 1036 1300 perstiteris
1056 1252 1143 1282 non
1170 1235 1345 1299 aliquod
1364 1273 1374 1292 ,
1404 1234 1477 1281 sed

94 1307 332 1353 maximum
348 1305 513 1352 crimen
531 1305 621 1352 sine
634 1305 859 1353 voluntate
875 1306 1038 1370 suscipi
1055 1324 1133 1370 per
1146 1317 1364 1362 naturam,
1383 1305 1479 1352 red-

95 1376 173 1425 das
207 1395 367 1424 nomen
390 1387 518 1424 tuum
541 1377 674 1423 etiam
699 1378 976 1435 Manichaeo,
1015 1379 1088 1424 cui
1128 1388 1273 1424 totum
1297 1387 1481 1441 praestas

99 1448 375 1512 obsequium.
400 1470 421 1491 >³

164 1519 278 1564 Aue.
302 1521 509 1578 Magnam
524 1528 565 1564 te
578 1518 689 1564 mihi
706 1528 836 1582 putas
854 1518 1064 1566 invidiam
1084 1536 1358 1584 comparare,
1380 1535 1481 1579 cum

99 1587 231 1645 dicis,
258 1587 372 1634 nihil
392 1605 460 1634 me
486 1606 508 1633 a
530 1605 626 1634 meo
649 1600 923 1652 praeceptore
943 1589 1114 1635 differre
1136 1608 1146 1635 ε
1173 1601 1215 1635 at
1233 1607 1310 1649 cgo
1332 1589 1376 1635 in
1392 1589 1485 1634 lau-

100 1658 197 1705 dem
208 1676 349 1705 meam
364 1669 438 1705 tua
458 1675 582 1705 sumo
601 1659 823 1717 convicia3
840 1677 919 1705 nec
933 1659 1053 1723 quod
1068 1660 1228 1720 cogitas
1241 1697 1252 1716 ,
1276 1659 1348 1704 sed
1364 1657 1483 1722 quod

100 1731 244 1778 verbis
267 1748 413 1788 sonas,
441 1748 647 1776 revocans
673 1731 726 1776 ad
749 1730 880 1776 fidem
903 1749 1041 1777 meam
1060 1769 1071 1788 ,
1100 1732 1211 1777 sicut
1232 1749 1299 1776 me
1322 1729 1487 1776 intelli-

102 1818 199 1863 gere
212 1813 382 1866 oportet
399 1839 409 1858 ,
433 1801 644 1862 intelligo.
668 1802 830 1848 Verum
844 1804 958 1848 enim
975 1802 1083 1848 dicis
1101 1839 1111 1858 ,
1136 1813 1178 1848 et
1191 1802 1328 1847 nescis
1347 1821 1358 1855 ;
1379 1803 1490 1847 sicut

103 1873 296 1936 Caiphas
321 1872 514 1937 pontifex
537 1884 790 1936 persecutor
811 1873 1028 1927 Christi&
1059 1873 1217 1919 scelera
1237 1872 1458 1932 cogitabat
1475 1909 1486 1927 ‚

104 1954 146 1989 et
168 1943 360 1989 salubria
394 1944 585 1989 nesciens
616 1944 749 1990 verba
770 1943 959 1991 dicebat.
1002 1943 1184 1990 Gaudeo
1208 1959 1409 2006 prorsus,
1446 1942 1490 1987 in

105 2014 191 2060 hac
216 2031 316 2078 quae
348 2014 462 2060 inter
481 2031 559 2059 nos
586 2014 772 2060 vertitur
803 2015 1072 2077 quaestione,
1097 2031 1165 2060 me
1190 2013 1301 2059 nihil
1334 2031 1357 2058 a
1396 2028 1491 2057 meo

107 2095 378 2148 praeceptore
392 2084 587 2138 differre3
607 2086 752 2147 primo
770 2084 872 2147 quia
889 2085 981 2148 ipse
1003 2085 1216 2129 Dominus
1234 2083 1387 2129 docuit
1402 2099 1494 2138 me,

110 2165 303 2201 mortuos
327 2172 413 2201 esse
446 2154 681 2218 parvulos,
713 2155 794 2199 nisi
831 2155 921 2218 ipse
954 2172 1026 2200 eos
1064 2154 1285 2211 vivificet,
1314 2154 1389 2216 qui
1413 2168 1495 2215 pro

111 2225 313 2271 omnibus
346 2236 542 2271 mortuus
567 2236 629 2271 est
652 2243 663 2270 ι
692 2224 811 2288 quod
836 2242 1053 2288 exponens
1087 2224 1320 2287 Apostolus
1352 2223 1491 2268 dicit:

112 2317 133 2337 c<
155 2297 267 2355 Ergo
284 2313 431 2341 omnes
448 2296 610 2341 mortui
630 2306 748 2351 sunt,
765 2306 806 2341 et
820 2313 901 2359 pro
921 2295 1125 2341 omnibus
1143 2305 1341 2340 mortuus
1353 2293 1451 2339 est2.
1473 2312 1493 2333 >2

114 2368 170 2412 Et
190 2377 235 2412 tu
250 2366 514 2412 contradicis
529 2403 539 2422 ‚
561 2383 720 2426 negans
736 2366 943 2430 parvulos
961 2376 1174 2421 mortUOS,
1198 2382 1251 2410 ne
1268 2365 1500 2411 vivificen·-

115 2448 184 2483 tur
203 2437 247 2482 in
270 2437 447 2482 Christo
464 2473 474 2492 ,
496 2453 597 2482 cum
613 2437 786 2483 fatearis
809 2447 1031 2483 mortuum
1057 2436 1185 2482 etiam
1209 2453 1290 2499 pro
1306 2433 1501 2498 parvulis

117 2507 360 2553 Christum.
382 2507 477 2551 Hoc
497 2524 563 2552 me
581 2506 709 2553 docet
728 2508 855 2553 etiam
874 2508 1063 2553 Joannes
1080 2506 1275 2552 omnium
1295 2521 1501 2568 praecep-

12 2569 14 2573 ’
41 2626 51 2632 ,
116 2578 220 2624 toris
243 2577 504 2641 ApostolUS,
532 2577 608 2640 qui
627 2576 763 2635 dicit,
791 2599 811 2620 c<
829 2577 932 2623 Ideo
950 2578 1115 2626 venisse
1138 2576 1296 2622 Filium
1322 2575 1427 2631 Dei,
1452 2586 1502 2621 ut

168 2661 178 2684 ¹
199 2662 293 2693 Joan.
313 2671 361 2699 xx,
381 2660 436 2694 51.
460 2677 504 2684 —
523 2657 539 2681 2
557 2671 573 2691 2
597 2661 727 2702 Cor.v‚
754 2661 885 2702 14,15.
