1824 3236
162 266 320 299 OPERIS
353 265 616 298 IMPERFECTI
650 265 827 297 CONTRA
862 268 1110 313 JULIANUM,
1148 271 1236 303 LIB·
1278 273 1340 306 VI.
1391 257 1478 306 511

115 332 385 398 supplicium
409 331 540 380 vultis
566 348 653 378 esse
675 332 848 395 peccati
875 333 1086 382 indicium
1103 374 1115 394 ,
1142 347 1190 384 ut
1207 337 1328 402 quod
1346 340 1490 403 prima

115 403 397 451 foeminarum
421 402 578 450 meruit
599 419 680 466 per
701 401 937 462 delictum,
961 406 1081 453 nulla
1106 425 1282 474 quoque
1306 410 1395 457 sine
1416 429 1493 458 ea-

117 474 214 521 dem
230 473 434 520 credatur
456 472 683 537 iniquitate
703 473 874 521 sentire.
892 476 990 521 Non
1012 478 1127 524 enim
1151 490 1274 536 esset,
1292 481 1492 545 inquitis,

117 545 243 592 dolor
266 545 313 591 in
338 543 532 610 pariente
550 582 562 601 ,
598 544 679 591 nisi
707 545 753 591 in
777 557 977 592 nascente
1001 560 1106 595 esset
1141 562 1387 614 peccatum.
1416 554 1495 600 His

117 633 217 677 ergo
241 633 372 680 quam
399 616 607 662 attonitus
631 633 861 663 occurram
882 654 893 674 ,
939 629 1012 664 aut
1034 620 1160 667 facile
1187 623 1366 669 metior?
1393 635 1496 670 tan-

119 698 212 733 tum
228 687 341 733 enim
357 685 633 734 stimulorum
660 686 856 734 admovit
877 690 923 734 in
939 688 1026 736 hoc
1049 690 1147 737 loco
1164 703 1302 739 vestra
1325 694 1494 758 opini0‚

119 768 168 805 ut
195 758 265 805 vix
300 757 452 818 digner
482 758 536 804 ad
571 759 854 806 certationem
879 762 1044 808 moveri
1068 783 1080 816 ς
1109 763 1238 826 plura
1262 765 1427 829 quippe
1451 766 1498 812 in

118 828 188 875 his
219 828 545 890 obiectionibus
572 829 869 891 intelligentiae
906 842 1008 878 sunt
1030 845 1213 897 peccata
1248 853 1383 899 quam
1406 835 1499 899 syl-

119 899 248 947 labae.
278 922 299 943 ))
1485 912 1489 920 “

187 972 300 1019 Aue.
343 972 570 1018 AErumnas
605 972 768 1034 generis
806 973 995 1021 humani
1029 975 1274 1040 quamlibet
1306 976 1430 1024 dicax
1459 987 1501 1024 et

119 1040 284 1088 facetus
300 1041 479 1089 irrideas
495 1081 506 1099 ,
539 1043 607 1090 vel
634 1043 811 1091 irridere
836 1055 878 1091 te
904 1046 1066 1106 fingas,
1087 1047 1195 1110 ipsae
1216 1057 1257 1093 te
1275 1048 1321 1094 in
1343 1065 1502 1109 angus-

123 1113 201 1159 tias
222 1113 303 1160 has
341 1114 635 1178 impulerunt,
670 1126 718 1162 ut
751 1116 1003 1180 paradisum
1044 1118 1155 1176 Dei,
1185 1119 1349 1166 etiamsi
1374 1136 1501 1166 nemo

119 1195 356 1249 peccasset,
386 1202 682 1233 aerumnosum
700 1186 901 1234 futurum
918 1188 1046 1234 fuisse
1068 1187 1281 1236 affirmare
1304 1191 1499 1252 cogaris:

122 1256 244 1320 quod
268 1256 303 1303 si
333 1257 651 1305 verecundatus
674 1259 861 1305 nolueris
882 1258 1048 1318 facere,
1072 1271 1122 1306 ut
1137 1260 1270 1308 facias
1293 1273 1368 1309 tuo
1385 1263 1500 1323 dog-

129 1338 244 1374 mate
267 1328 490 1389 urgeberis
507 1349 519 1384 3
546 1329 667 1393 quod
681 1329 840 1390 dogma
859 1330 940 1376 nisi
962 1341 1182 1377 correctus
1201 1332 1423 1393 abJeceris‚
1440 1333 1502 1378 is-

123 1408 190 1444 tas
206 1409 451 1463 prementes
466 1410 507 1446 et
524 1399 570 1446 in
586 1400 858 1447 horrendum
874 1402 1176 1465 praecipitium
1195 1403 1502 1450 contrudentes

124 1471 345 1532 angustias
370 1487 460 1517 non
483 1473 670 1532 effugies.
706 1472 934 1529 Quaeritur
950 1473 1064 1519 enim
1091 1490 1115 1518 a
1139 1483 1205 1529 te,
1235 1473 1316 1520 has
1341 1491 1508 1521 aerum-

123 1559 219 1600 naS,
243 1559 350 1608 quas
367 1552 413 1588 et
426 1542 472 1588 in
489 1543 732 1603 maJoribus
749 1553 791 1589 et
806 1543 851 1589 in
863 1544 1060 1607 parvulis
1081 1561 1168 1590 esse
1190 1545 1510 1609 conspicimus;

124 1613 241 1660 unde
265 1614 474 1660 existimes
491 1617 716 1661 emanare?
737 1613 990 1677 Respondes
1009 1631 1057 1660 ex
1081 1625 1157 1661 tuo
1181 1614 1408 1676 dogmate,
1426 1617 1509 1664 hu-

126 1697 306 1732 manum
331 1703 464 1746 genus
496 1685 558 1731 sic
581 1702 668 1732 esse
705 1686 762 1731 ab
787 1685 961 1732 exordio
995 1687 1062 1732 sui
1089 1686 1298 1734 divinitus
1325 1688 1506 1735 institu-

125 1767 235 1804 tum.
268 1756 558 1821 'Referturque
586 1757 858 1821 responsioni
884 1768 998 1814 tuae,
1033 1758 1148 1817 Ergo
1172 1769 1215 1803 et
1235 1759 1282 1804 in
1301 1760 1505 1822 paradiso

124 1826 285 1874 futurae
311 1827 510 1884 fuerant,
547 1827 581 1874 si
606 1827 778 1874 nullum
807 1827 872 1873 ibi
896 1838 1129 1891 peccatum
1153 1840 1259 1875 esset
1287 1841 1499 1879 exortum.

22 1894 33 1901 “
66 1945 79 1956 ,
129 1898 215 1944 Hic
238 1909 286 1944 tu
307 1909 382 1944 aut
400 1915 600 1962 praeceps
618 1898 720 1955 ibis,
749 1908 824 1944 aut
849 1898 1010 1959 dogma
1029 1900 1247 1957 mutabis,
1273 1913 1348 1947 aut
1364 1902 1507 1948 fronte

129 1969 328 2033 perditus
346 2007 358 2027 ,
385 1980 458 2016 aut
484 1981 627 2016 mente
649 1980 881 2017 correctus.
913 1972 1002 2016 Aut
1021 1970 1136 2016 enim
1157 1988 1400 2019 aerumnosa
1421 1975 1510 2020 vita

128 2040 275 2087 locum
299 2040 599 2087 famosissimae
621 2039 839 2088 felicitatis
870 2041 1095 2105 implebiS,
1134 2053 1175 2088 et
1203 2060 1291 2090 non
1318 2044 1508 2091 invenies

130 2110 279 2158 oculos
292 2110 456 2175 quibus
475 2111 815 2175 qualescumque
832 2112 1022 2175 aspicere
1042 2112 1197 2159 audeas
1219 2114 1508 2169 Christianos;

131 2193 205 2229 aut
231 2183 276 2228 in
310 2182 501 2247 abrupta
525 2183 809 2230 horribiliora
833 2183 1026 2244 dejectus
1045 2221 1056 2240 ,
1100 2184 1248 2232 alienae
1272 2187 1400 2233 malae
1430 2203 1512 2232 na-

131 2264 244 2300 turae
269 2253 484 2317 nobisque
521 2254 746 2318 permixtae
777 2254 856 2300 has
891 2271 1107 2300 aerumnas
1141 2255 1332 2302 hominis
1357 2257 1510 2322 impu-

131 2325 244 2371 tabis
263 2360 273 2382 ,
294 2335 336 2370 et
362 2325 603 2371 Manichaei
622 2336 803 2372 tartarea
823 2325 1123 2389 profunditate
1133 2327 1374 2374 sorbeberis
1396 2347 1406 2374 :
1435 2342 1510 2377 aut

132 2395 186 2443 de
216 2406 372 2442 natura
395 2395 545 2443 vitiata
569 2396 686 2444 hanc
712 2414 1009 2444 aerumnarum
1038 2414 1217 2461 poenam
1235 2399 1405 2459 J'udicio
1430 2403 1511 2449 Dei

131 2466 352 2531 punientis
374 2466 548 2513 existere
573 2469 876 2526 confiteberis,
915 2479 958 2515 et
989 2468 1037 2514 in
1063 2485 1215 2516 auram
1246 2470 1512 2520 catholicam

134 2537 385 2601 respirabis.

201 2607 323 2666 Quin
348 2607 478 2656 etiam
508 2608 618 2657 dicis
636 2647 648 2669 ,
691 2610 812 2674 quod
835 2610 1071 2670 «Quidam
1104 2628 1239 2674 genus
1269 2612 1515 2664 humanum
