1824 3236
131 288 288 319 OPERIS
324 290 586 322 IMPERFECTI
623 290 798 321 CONTRA
834 291 1083 333 JULIANUM,
1122 294 1209 324 LIB.
1252 296 1310 326 VI.
1362 280 1459 343 495

150 354 276 400 Absit
305 366 474 413 autem,
509 367 558 403 ut
602 356 721 420 apud
755 355 857 400 tales
889 356 1058 414 judices
1090 358 1257 405 valeant
1292 360 1459 424 aliquid

85 424 477 484 argumentationes
497 437 583 472 tuae
597 463 609 483 ‚
630 426 676 472 in
695 425 857 489 quibus
876 438 1056 488 peccato
1076 427 1139 473 illi
1161 446 1318 490 magno
1337 468 1348 487 ,
1377 432 1461 478 hoc

84 505 173 551 est,
201 496 551 559 praevaricationi
572 496 704 560 primi
727 495 917 542 hominis
933 533 944 552 ‚
983 509 1163 559 peccata
1189 516 1463 564 consequen-

84 565 194 612 tium
216 576 463 630 temporum
486 584 714 632 comparas
729 604 740 623 ‚
762 577 804 613 et
826 577 954 630 putas
973 568 1006 613 si
1027 568 1182 615 scelere
1217 571 1350 634 primi
1372 571 1461 617 ho-

84 639 213 689 minis
230 650 383 687 natura
400 641 565 701 generis
587 640 779 697 humani·
795 650 961 686 mutata
977 652 1065 697 est,
1090 642 1218 688 etiam
1237 661 1356 690 nunc
1375 662 1462 708 pa-

85 722 256 759 rentum
282 711 439 759 scelera
463 723 662 760 naturam
687 712 884 759 debuisse
917 723 1085 758 mutare
1107 714 1313 762 filiorum.
1353 717 1462 763 Haec

85 783 199 831 enim
235 782 384 831 dicens
413 801 500 833 non
529 784 708 848 respicis
740 793 991 847 peccatores
1024 783 1148 841 illos,
1182 796 1463 850 posteaquam

85 864 320 917 peccatum
345 855 457 902 illud
483 856 644 916 grande
666 854 888 911 fecerunt,
917 865 959 900 et
981 854 1036 901 de
1058 857 1262 919 paradiso
1287 875 1374 903 esse
1391 858 1464 903 di-

86 926 235 972 missos
251 962 262 983 ‚
283 937 325 973 et
345 945 368 973 a
387 926 504 987 ligno
526 927 627 974 vitae
652 937 769 974 tanta
788 926 1011 973 severitate
1029 927 1295 990 prohibitos.
1320 929 1466 974 Num-

85 995 194 1059 quid
234 997 429 1044 scelerati
463 1008 712 1061 temporum
749 998 929 1044 istorum
969 997 1016 1042 in
1048 998 1213 1061 aliquas
1245 998 1468 1046 inferiores

86 1076 218 1113 terras
242 1067 535 1132 projiciuntur
558 1069 611 1115 de
637 1069 723 1115 hoc
757 1069 863 1114 orbe
887 1078 1099 1114 terrarum
1117 1105 1128 1124 ‚
1151 1086 1253 1115 cum
1273 1070 1349 1116 hic
1370 1070 1466 1133 ipsa

84 1138 242 1189 scelera
254 1141 499 1204 quamlibet
526 1159 682 1202 magna
705 1140 1275 1204 commiserintPNumquid
1299 1160 1323 1187 a
1346 1141 1465 1201 ligno

84 1211 216 1269 vitae,
243 1212 363 1277 quod
400 1213 447 1260 in
482 1213 569 1259 hac
602 1212 771 1258 miseria
801 1211 973 1258 nullum
1004 1222 1096 1268 est,
1139 1211 1465 1274 prohibentur?

87 1283 172 1329 Sed
195 1285 387 1348 persistit
412 1284 576 1346 generis
598 1284 784 1330 humani
806 1283 930 1330 locus
958 1294 1000 1328 et
1023 1284 1135 1339 vita,
1169 1284 1215 1329 in
1237 1283 1400 1348 quibus
1427 1292 1468 1328 et

85 1354 285 1403 homines
320 1356 567 1422 impiissimi
596 1357 751 1403 vivunt
773 1373 786 1400 ι
814 1372 916 1402 cum
937 1354 1162 1401 videamus
1182 1355 1357 1401 illorum
1380 1356 1465 1401 im-

85 1425 261 1488 piorum
280 1427 426 1476 locum
452 1438 494 1474 et
515 1427 675 1484 vitam,
702 1427 814 1473 sicut
843 1436 935 1472 erat
959 1436 1058 1471 ante
1082 1436 1314 1489 peccatum
1332 1463 1343 1483 ,
1370 1436 1470 1490 post

85 1509 315 1560 peccatum
333 1517 421 1546 non
442 1499 632 1563 potuisse
645 1499 888 1544 consistere.
923 1495 1183 1542 Debuerant
1205 1508 1350 1543 autem
1367 1535 1378 1554 ‚
1405 1515 1468 1543 se-

86 1567 283 1615 cundum
297 1571 547 1634 opinionem
563 1580 749 1617 vestram
762 1606 772 1625 ‚
790 1567 964 1632 parvuli
982 1567 1104 1613 nullo
1123 1578 1245 1613 reatu
1264 1567 1464 1627 obligati,

86 1659 185 1687 mox
208 1652 257 1688 ut
278 1652 535 1698 nascuntur,
560 1650 767 1703 tanquam
788 1639 1038 1684 innocentes
1056 1638 1264 1698 imagines
1282 1639 1361 1683 Dei
1373 1653 1471 1701 per-

86 1711 188 1759 ferri
219 1713 274 1758 ab
301 1712 475 1773 Angelis
499 1712 544 1757 in
572 1710 824 1774 paradisum
852 1709 964 1766 Dei,
994 1719 1036 1754 et
1055 1708 1147 1754 illic
1173 1709 1262 1754 sine
1285 1708 1375 1764 ullo
1400 1708 1470 1754 la-

85 1782 191 1828 bore
213 1793 255 1829 et
277 1781 425 1828 dolore
450 1781 643 1833 nutrire,
674 1790 723 1825 ut
747 1780 780 1825 si
801 1779 899 1842 quis
923 1795 1075 1824 eorum
1104 1788 1347 1841 peccasset,
1380 1779 1472 1841 ipse

85 1851 187 1898 inde
201 1852 354 1899 merito
367 1853 670 1916 projiceretur,
689 1867 743 1895 ne
756 1859 998 1895 crescerent
1011 1849 1253 1894 imitatione
1269 1859 1463 1912 peccata.

89 1924 218 1969 Nunc
249 1940 351 1970 vero
383 1940 484 1969 cum
515 1922 631 1968 solus
658 1920 845 1967 audierit
867 1920 944 1984 qui
967 1921 1013 1966 in
1042 1920 1234 1983 paradisi
1265 1920 1470 1965 felicitate

87 1994 285 2057 peccavit
308 2012 319 2040 :
347 2015 368 2035 «
389 1993 548 2057 Spinas
569 2002 612 2038 et
637 1991 821 2037 tribulos
861 2001 974 2036 terra
1010 1991 1151 2054 pariet
1185 1991 1267 2036 tibi
1286 2027 1296 2045 ,
1333 1990 1471 2036 male-

89 2087 108 2106 »
130 2063 249 2110 dicta
266 2064 312 2110 in
335 2064 541 2110 omnibus
569 2062 776 2126 operibus
801 2061 886 2107 tuis
902 2098 913 2118 ‚
936 2072 978 2106 et
994 2062 1039 2107 in
1063 2061 1220 2107 sudore
1242 2060 1391 2107 vultus
1411 2059 1474 2106 tui

89 2155 111 2176 »
133 2134 231 2181 edes
264 2151 422 2204 panem
462 2133 618 2180 tuum1
653 2150 664 2177 ι
699 2131 917 2178 »nullum
950 2132 1174 2178 hominem
1215 2131 1412 2178 videmus
1448 2148 1470 2176 a

87 2221 224 2268 poena
245 2204 408 2251 laboris
433 2205 646 2258 alienum
673 2204 749 2267 qui
774 2204 925 2266 utique
958 2203 1085 2248 labor
1107 2203 1259 2248 beatos
1288 2202 1470 2247 habita-

90 2287 201 2321 tores
224 2276 418 2339 paradisi
443 2292 532 2321 non
555 2285 649 2321 erat
673 2285 946 2334 gravaturus.
983 2275 1038 2318 Et
1062 2289 1164 2318 cum
1197 2271 1287 2317 sola
1317 2272 1473 2317 mulier

88 2351 179 2406 eJ'us
201 2346 413 2393 audierit:
431 2368 451 2389 ι(
469 2347 520 2391 ln
538 2346 711 2391 tristitia
734 2346 875 2409 paries
900 2344 1010 2390 filios
1029 2362 1040 2389 ε
1060 2366 1081 2386 »
1103 2343 1268 2389 nullam
1291 2343 1472 2406 parien-

91 2418 198 2463 tium
225 2418 279 2463 ab
299 2418 386 2465 hoc
405 2417 622 2481 supplicio
646 2418 806 2463 scimus
835 2418 1090 2462 immunem.
1122 2414 1351 2477 Numquid
1373 2431 1473 2474 ergo

89 2487 149 2533 ita
175 2487 274 2533 estis
298 2487 501 2544 absurdi,
527 2498 575 2533 ut
601 2496 674 2532 aut
699 2487 744 2533 in
767 2486 972 2550 paradiso
999 2484 1247 2532 existimetis
1275 2484 1476 2530 homines

90 2559 191 2605 istas
224 2574 440 2604 aerumnas
467 2557 598 2605 fuisse
630 2573 832 2620 passuros
865 2558 901 2604 si
932 2572 1060 2603 nemo
1093 2564 1338 2620 peccasset,
1365 2571 1476 2619 quas

140 2644 150 2663 ¹
172 2642 256 2677 Gen,
278 2653 332 2683 ιιι,
358 2642 408 2673 ¹8.
