1824 3236
183 249 339 280 OPERIS
375 248 643 281 IMPERFECI'I
679 246 854 278 CONTRA
889 249 1136 292 JULIANUM,
1175 250 1262 282 LlB.
1305 251 1366 282 vl.
1420 237 1515 300 499

133 314 378 362 differenter
398 332 498 362 usus
515 324 640 370 65561,
668 329 745 359 5110
766 323 871 359 natu
894 315 1055 362 semine
1077 333 1165 362 non
1182 316 1399 363 immerito
1419 334 1518 364 616-

137 385 323 434 deretur.
346 386 597 444 Quidillam
614 401 765 448 vocem
780 402 927 430 nonne
943 386 996 432 de
1012 387 1250 434 visceribus
1261 380 1519 437 cunctorum

135 467 313 520 patrum
327 458 480 504 Cicero
495 455 636 502 emisit
649 455 703 501 ad
724 454 882 512 filium,
907 457 960 501 ad
979 475 1110 521 quem
1127 458 1320 504 scribens
1337 460 1418 505 ait:
1440 461 1518 507 So-

136 527 201 573 lus
220 545 261 573 65
277 528 488 583 omnium,
511 544 533 572 a
551 543 638 590 quo
661 543 728 572 me
746 527 791 572 in
812 526 1018 573 omnibus
1044 528 1162 575 vinci
1183 528 1342 576 velim?
1361 531 1517 577 Nonne

134 597 225 660 ipsa
248 615 348 661 quae
371 596 662 644 occultissima
695 613 779 642 esse
803 595 1010 654 diximus,
1032 609 1073 644 et
1097 609 1240 644 tamen
1259 598 1361 662 plus
1384 617 1517 664 quam

134 668 341 715 credibile
380 679 443 715 est
481 668 623 715 valere
655 667 956 728 cognoscimus
978 705 989 724 ‚
1018 668 1232 715 naturalia
1266 671 1521 734 propaginis

128 743 228 800 jura
252 739 464 797 fecerunt,
493 750 541 785 111
557 738 646 785 (1110
672 738 830 800 gemini
851 755 938 784 non
957 738 1096 785 solum
1119 739 1314 786 nondum
1337 742 1519 802 91311611--

135 822 212 867 tes,
241 812 522 858 verumetiam
548 811 744 857 nondum
771 821 1010 869 nascentes,
1040 811 1188 857 adhuc
1207 811 1252 857 in
1273 822 1396 858 utero
1421 830 1519 860 ma-

134 883 226 940 tris,
254 883 342 930 duo
369 883 524 948 populi
544 883 791 929 dicerentur
807 881 858 929 11>
882 881 1045 928 Eadem
1067 881 1324 947 propaginis
1338 894 1520 929 natura-

132 955 189 1001 lia
207 958 311 1015 jura
334 955 547 1013 fecerunt,
570 966 619 1001 ut
644 954 783 1002 Israel
811 954 987 1000 dicatur
1005 955 1181 1002 servisse
1208 953 1254 1000 in
1272 955 1461 1019 AEgypto
1481 955 1519 1013 ²,

134 1026 500 1090 Israelprofectus
520 1044 606 1074 esse
621 1045 668 1073 ex
685 1030 871 1090 AEgypto
892 1026 925 1085 ³,
941 1026 1077 1073 Israe'l
1093 1027 1140 1073 in
1159 1036 1316 1072 terram
1330 1027 1524 1090 promis-

133 1097 262 1143 sionis
296 1098 494 1155 intrasse,
537 1097 674 1144 Israel
698 1098 881 1161 adeptus
913 1098 1030 1144 bona
1061 1096 1130 1146 vel
1162 1107 1362 1162 expertus
1385 1097 1518 1156 mala,

133 1185 232 1231 quae
251 1169 315 1215 illi
346 1168 514 1233 populo
547 1170 664 1215 Deus
699 1170 765 1216 vel
786 1169 989 1232 praestitit
1025 1168 1092 1216 vel
1125 1168 1298 1215 inflixit.
1339 1170 1404 1215 De
1431 1185 1520 1232 quo

132 1240 260 1286 etiam
278 1240 493 1305 scriptum
514 1251 590 1297 est,
615 1262 635 1283 c<
657 1240 814 1288 Veniet
834 1258 882 1286 ex
903 1240 1010 1286 Sion
1028 1240 1104 1304 qui
1122 1239 1278 1303 eripiat
1298 1250 1339 1285 et
1357 1250 1523 1286 avertat

132 1333 153 1353 »
179 1311 449 1375 impietatem
471 1330 493 1358 a
508 1312 667 1369 Jacob,
684 1322 725 1357 et
743 1312 829 1357 hoc
846 1311 929 1357 illis
947 1329 969 1356 a
985 1328 1053 1356 me
1074 1320 1395 1367 testamentum,
1419 1327 1523 1356 cum

132 1404 152 1425 >)
177 1382 396 1429 abstulero
416 1394 597 1447 peccata
614 1400 764 1429 eorum
789 1381 823 1430 4.
855 1405 875 1425 »
897 1382 1011 1428 Cum
1038 1381 1109 1428 ille
1134 1383 1288 1439 homo,
1313 1380 1390 1445 qui
1416 1381 1516 1427 haec

132 1453 220 1500 duo
249 1454 427 1501 nomina
445 1455 629 1519 propria
652 1455 819 1519 primus
851 1464 892 1500 61
913 1452 1030 1499 501115
1055 1454 1241 1518 accepit,
1264 1453 1394 1514 longe
1419 1462 1516 1499 ante

131 1525 381 1584 defunctuS,
397 1527 516 1573 bona
541 1526 607 1575 vel
625 1526 736 1572 mala
754 1526 833 1571 ista
857 1542 946 1570 non
970 1524 1146 1572 viderit.

196 1598 316 1664 Haeo
327 1598 582 1662 propaginis
598 1597 814 1644 naturalia
831 1601 931 1657 jura
944 1597 1162 1652 fecerunt,
1177 1607 1226 1642 ut
1237 1596 1353 1642 idem
1368 1613 1513 1661 popu-

130 1667 198 1713 lus
225 1668 516 1715 decimaretur
535 1669 580 1714 in
601 1668 846 1724 Abraham,
877 1684 966 1712 non
991 1667 1049 1712 ob
1075 1666 1219 1724 aliud,
1249 1667 1331 1713 nisi
1349 1667 1450 1731 quia
1471 1669 1516 1714 in

129 1738 292 1785 lumbis
315 1742 351 1799 ej
360 1756 406 1786 us
419 1750 511 1785 erat
531 1740 709 1805 quando
724 1739 961 1785 decimatus
977 1748 1039 1783 est
1055 1737 1147 1801 ipse
1167 1737 1348 1801 propria
1359 1738 1514 1784 volun-

132 1821 215 1856 tate
231 1811 269 1867 3,
292 1810 364 1857 ille
391 1822 533 1857 autem
556 1812 749 1875 populus
766 1828 854 1856 non
876 1809 1057 1873 propria
1072 1809 1314 1867 voluntate,
1334 1809 1408 1855 sed
1427 1828 1510 1856 na-

130 1882 256 1928 turali
298 1884 550 1946 propaginis
566 1887 677 1942 jure.
719 1881 952 1939 Quomodo
976 1891 1122 1926 autem
1158 1880 1275 1926 idem
1316 1882 1512 1945 populus

129 1953 259 1999 fuerit
277 1953 322 1999 in
338 1953 502 1999 lumbis
518 1954 727 2009 Abrahae,
755 1971 844 1998 11011
866 1952 1005 1998 solum
1021 1969 1067 1997 ex
1082 1951 1156 1997 illo
1171 1968 1306 2015 usque
1327 1952 1382 1998 ad
1404 1963 1509 1998 tem-

129 2041 213 2086 pus
235 2023 356 2087 quod
381 2024 591 2088 scriptum
619 2034 682 2070 est
710 2024 754 2069 in
777 2022 972 2087 Epistola
996 2022 1050 2068 ad
1070 2022 1299 2079 Hebraeos,
1334 2039 1513 2070 verum-

129 2095 256 2140 etiam
280 2112 326 2140 ex
354 2096 448 2159 ipso
471 2113 607 2159 usque
642 2095 697 2140 ad
718 2095 804 2140 hoc
832 2105 1020 2157 tempus,
1040 2104 1082 2138 et
1105 2094 1161 2139 ab
1191 2093 1279 2139 1106
1304 2111 1438 2157 usque
1463 2095 1511 2140 in

130 2166 437 2223 linemsaeculi,
454 2183 691 2230 quousque
711 2166 787 2211 filii
812 2165 944 2210 Israel
970 2164 1041 2210 alii
1056 2181 1102 2209 ex
1126 2163 1218 2209 aliis
1232 2175 1512 2224 generantur3

130 2235 354 2297 quomodo
372 2254 472 2296 ergo
496 2254 582 2282 6556
605 2236 799 2300 potuerit
823 2236 868 2281 in
892 2235 1053 2280 lumbis
1078 2234 1204 2280 unius
1219 2234 1408 2280 hominis
1427 2246 1513 2281 tam

130 2305 460 2352 innumerabilis
486 2306 717 2353 hominum
757 2305 1013 2360 multitudo,
1050 2305 1145 2368 quis
1169 2305 1414 2368 eloquendo
1439 2324 1513 2352 ex-

131 2375 278 2440 plicet,
303 2377 398 2440 quis
421 2378 571 2424 saltem
597 2378 788 2426 inveniat
823 2375 1086 2437 cogitando?
1125 2377 1274 2440 Neque
1296 2377 1409 2422 enim
1445 2394 1510 2424 se-

131 2447 247 2493 mina
270 2448 381 2512 ipsa,
408 2466 597 2513 quorum
620 2461 682 2496 est
697 2450 918 2514 quantitas
941 2447 1204 2512 corporaliS‚
1225 2447 1328 2494 licet
1345 2449 1513 2511 singula

181 2549 190 2571 ¹
210 2551 296 2583 Gen.
316 2561 390 2591 xxv,
412 2553 467 2586 23.
486 2571 531 2576 ——
549 2550 564 2574 ²
581 2554 680 2586 Deut.
704 2563 794 2597 xxiv,
815 2563 869 2585 22,
890 2569 932 2576 -
952 2547 966 2573 3
990 2549 1091 2582 Exod.
1110 2561 1182 2590 xxv,
1201 2551 1253 2584 30.
1275 2567 1321 2574 —
1339 2547 1354 2573 4
1370 2551 1444 2585 lsai.
1461 2561 1517 2582 mx

130 2615 190 2640 20·
209 2621 254 2629 -·
270 2603 284 2629 5
302 2606 406 2641 Hebr,
428 2618 488 2648 vn,
509 2620 544 2650 9.

1308 2662 1368 2708 32
