1824 3236
163 245 317 276 OPERI-z
357 243 618 274 lfut‘ERFECTI
655 242 828 272 comm
867 242 1117 282 JULtANFM,
1161 244 1245 275 tir..
1292 246 1331 274 v.
1401 231 1494 293 34¹.)

114 312 186 360 ris.
211 311 449 373 Nunquam
468 310 598 370 igitur
621 307 771 355 audire
794 307 977 370 potuisti
999 308 1308 372 disputationis
1328 311 1496 370 regulas

115 393 157 429 et
176 381 410 428 sanissime
435 380 669 426 constituta
697 378 901 423 rationis?
928 379 979 422 ln
1005 381 1210 425 omnibus
1239 381 1353 426 enim
1377 399 1497 444 prze-

115 452 371 500 dicamentis
388 451 487 516 plus
507 449 834 514 amplectuntur
849 465 1020 508 genera,
1039 468 1171 513 quam
1188 453 1375 515 species,
1398 453 1500 500 inde

118 535 259 570 autem
275 524 402 569 etiam
427 523 540 567 fiunt
553 537 706 581 genera
724 519 971 566 subalterna
999 537 1009 565 ι
1034 521 1131 583 plus
1149 533 1291 568 autem
1317 525 1495 586 species,

118 612 249 658 quam
267 593 422 647 atomi3
445 603 633 656 suntque
657 608 811 651 genera
829 590 990 654 quibus
1015 594 1177 654 species
1201 595 1496 651 continentur,

119 664 280 728 species
310 674 452 708 autem
482 661 687 726 speciales
711 662 874 726 quibus
902 660 1131 707 individua
1156 664 1495 712 concluduntur.

120 735 342 781 Minorum
361 751 461 794 ergo
473 734 707 798 quassatiO,
731 732 953 796 superiora
975 750 1061 778 non
1080 735 1249 796 quatit;
1279 737 1503 799 superiora

119 822 220 853 vero
245 805 414 852 casibus
437 806 522 851 suis
536 806 680 850 omnia
695 821 796 868 quae
810 803 1235 867 complectebantur,
1253 806 1496 854 involvunt.

120 877 255 923 Verbi
278 877 432 936 gratia,
462 875 621 921 animal
636 892 769 935 genus
788 886 849 920 est
869 892 879 919 :
909 874 982 920 sed
1006 873 1239 921 latitudine
1264 893 1352 922 suae
1370 879 1505 938 signi-

121 947 336 993 ficationis
354 946 543 992 diversas
557 946 721 1009 species
739 945 1092 1008 comprehendit,
1116 947 1281 992 scilicet
1295 948 1501 1003 hominis,

121 1018 220 1082 equi
229 1055 241 1075 ,
283 1018 410 1063 bovis
430 1028 511 1064 etc.
550 1017 596 1063 Si
631 1033 729 1077 ergo
753 1026 903 1079 pereat
926 1033 1011 1062 una
1033 1017 1211 1079 species,
1240 1035 1371 1077 genus
1394 1019 1504 1064 illud

124 1107 213 1136 non
231 1085 359 1135 sentit
375 1089 550 1134 exitium
580 1087 679 1134 :fac
701 1089 816 1134 enim
842 1098 889 1133 ut
918 1087 970 1133 de
1003 1089 1133 1133 rebus
1160 1090 1326 1135 bonum
1352 1101 1506 1136 natura

123 1160 327 1214 deficiat3
363 1176 497 1220 genus
536 1160 745 1205 nimirum
766 1159 1077 1222 interemptum
1108 1177 1194 1205 non
1215 1172 1300 1217 est,
1324 1161 1508 1206 aliorum

124 1231 378 1277 animalium
405 1241 688 1294 permanente
711 1240 881 1276 natura.
925 1229 983 1274 At
1006 1241 1176 1287 contra,
1211 1232 1244 1277 si
1282 1233 1368 1278 hoc
1388 1234 1507 1296 quod

124 1311 186 1347 est
208 1300 384 1356 animal,
410 1300 630 1346 auferatur
651 1299 705 1345 de
718 1300 864 1354 rebus,
884 1317 1032 1345 omnes
1053 1301 1144 1346 sine
1168 1302 1306 1348 dubio
1325 1305 1504 1366 species,

125 1387 225 1435 quae
246 1371 333 1416 hoc
358 1387 510 1430 genere
531 1369 937 1426 concludebantur,
965 1369 1152 1417 interent
1171 1371 1213 1417 4:
1251 1374 1370 1419 nulla
1394 1377 1508 1420 enim

124 1441 367 1488 remanebit
384 1442 547 1505 species
567 1441 819 1497 animatum,
842 1441 1018 1487 animali
1032 1443 1206 1505 penitus
1223 1445 1501 1509 interempto.

127 1515 189 1559 Ea
213 1530 313 1573 ergo
341 1528 442 1576 quae
465 1512 689 1576 superiora
707 1522 825 1567 sunt,
863 1523 1040 1559 eventus
1066 1531 1166 1560 suos
1198 1527 1328 1579 atque
1354 1519 1508 1563 merita

127 1585 371 1648 speciebus,
392 1601 499 1648 quas
536 1584 863 1647 amplectuntur
886 1620 895 1638 ‚
929 1584 1221 1647 impertiunt:
1250 1605 1337 1632 non
1370 1600 1511 1633 tamen

128 1655 331 1711 recurrit,
355 1664 404 1700 ut
425 1655 668 1718 specierum
689 1671 862 1700 suarum
880 1655 1002 1717 quasi
1021 1657 1385 1703 necessitudinum
1407 1676 1512 1722 qua«

127 1725 330 1772 rumdam
347 1725 631 1772 varietatibus
648 1735 970 1788 permutentur.
998 1726 1141 1789 thue
1166 1728 1219 1773 ad
1242 1746 1414 1774 causam
1443 1747 1512 1775 re-

127 1796 290 1843 feratur
317 1797 563 1860 exemplum
591 1813 601 1842 ε
639 1808 808 1842 naturae
827 1797 1033 1843 humanae
1059 1799 1310 1857 generalitas
1333 1801 1511 1847 insutu-

131 1867 425 1913 tionuminfra
452 1885 494 1913 se
510 1867 752 1912 locatarum
778 1884 910 1927 genus
930 1867 1150 1930 quoddam
1169 1880 1253 1924 est;
1272 1870 1370 1916 haec
1395 1872 1514 1917 velut

130 1937 291 2001 species
310 1937 464 1992 habet,
489 1937 535 1982 in
553 1937 654 1992 situ,
682 1937 724 1982 in
752 1938 976 1994 membris,
1005 1938 1051 1983 in
1084 1939 1330 1996 ordinibus,
1353 1942 1398 1986 in
1416 1959 1513 1986 mo-

133 2008 267 2063 tibus,
286 2006 354 2053 vel
375 2006 467 2052 aliis
489 2006 532 2052 id
557 2024 703 2067 genus
748 2007 1014 2063 Qualitatem
1034 2026 1134 2068 ergo
1171 2027 1290 2055 suam
1313 2011 1517 2056 omnibus

132 2078 367 2142 suppositis
387 2078 615 2140 speciebus
637 2078 866 2140 impertit:
908 2095 994 2123 non
1032 2089 1174 2124 tamen
1210 2081 1517 2127 obnoxiaretur

133 2151 199 2196 sui
220 2160 267 2195 ut
294 2151 513 2194 minorum
539 2167 562 2195 a
594 2166 635 2194 se
658 2166 799 2194 rerum
826 2150 1031 2211 periculis
1058 2151 1301 2197 misceatur.
1331 2152 1374 2197 Si
1412 2170 1511 2212 ergo

134 2231 288 2266 natura
311 2220 597 2282 vituperetur,
621 2230 662 2265 et
697 2219 883 2264 obnoxia
912 2219 1090 2265 diabolo
1118 2238 1275 2284 reaque
1293 2222 1513 2279 credatur,

136 2290 389 2349 conjugium
414 2306 587 2352 quoque
607 2290 726 2352 quod
762 2290 844 2335 sub
870 2289 941 2334 ilia
967 2301 1045 2345 est,
1088 2302 1130 2335 et
1166 2291 1445 2345 foecunditas,
1479 2305 1521 2339 et

133 2360 371 2408 substantia
395 2370 485 2406 tota
507 2359 804 2406 damnabitur.
834 2361 932 2405 Non
946 2372 1089 2424 potest
1106 2379 1205 2421 ergo
1223 2362 1392 2409 laudari
1409 2382 1514 2410 con-

135 2431 338 2487 nubium,
381 2430 500 2494 quod
538 2431 588 2475 fit
625 2430 864 2477 secundum
900 2443 1103 2478 naturam
1120 2470 1129 2488 ,
1167 2434 1200 2478 si
1240 2445 1393 2480 natura
1424 2436 1518 2499 ipsa

138 2500 489 2565 reprehenditur.
518 2501 844 2547 commoriatur
874 2518 1043 2548 necesse
1081 2514 1141 2548 est
1160 2503 1298 2550 radici
1317 2522 1405 2551 suae
1427 2524 1524 2566 ger-

139 2572 309 2619 minum
346 2571 612 2617 succisorum
651 2582 850 2618 venustas
877 2589 888 2617 :
917 2583 957 2619 et
986 2584 1034 2620 ut
1057 2591 1146 2620 rem
1186 2575 1325 2638 ipsam
1350 2575 1522 2639 planius

189 2655 199 2677 ¹
223 2653 272 2686 Sic
289 2653 408 2686 habent
431 2653 497 2686 sere
514 2665 623 2687 omnes
637 2654 715 2686 edit.
