1863 3262
333 230 395 277 88
737 241 771 270 s,
818 240 1059 272 Aueus’rmi
1098 242 1314 274 131‘1500111.

404 311 516 356 Arci.
561 304 771 353 Convicia
795 317 894 351 sunt
918 307 1022 362 ista,
1047 324 1131 352 uon
1154 307 1323 366 judicia
1349 326 1359 353 ε
1393 309 1543 355 vellem
1572 321 1619 355 ut
1637 313 1717 370 ju-

337 381 483 427 dicare
498 395 640 442 posses
653 396 662 432 3
681 377 917 422 conviciari
931 387 1071 422 autem
1090 379 1185 440 quis
1199 379 1428 441 improbus
1442 398 1527 425 non
1546 384 1716 442 potest?

405 449 605 496 CXXIV.
635 450 733 493 JUL.
761 469 779 487 «
804 448 890 491 Nos
924 447 1058 506 igitur
1082 465 1229 493 verum
1255 449 1441 495 diximus
1460 488 1469 505 ‚
1507 451 1718 513 quoniam

339 522 413 586 qui
451 540 472 566 a
505 519 630 565 vobis
667 518 965 580 decipiuntur,
1005 535 1058 563 nc
1092 530 1303 564 vocentur
1344 520 1537 566 haerctici
1558 558 1567 575 ‚
1608 521 1721 566 fiunt

339 591 605 644 Manichaei,
646 600 686 634 et
721 589 827 634 dum
868 587 1016 633 salsam
1054 601 1255 635 verentur
1282 590 1532 646 infamiam,
1570 608 1718 636 verum

338 665 501 711 crimen
539 663 798 713 incurrunt;
836 660 969 705 instar
1003 659 1216 718 ferarum,
1253 678 1353 724 quae
1389 662 1721 707 circumdantur

337 735 503 799 pinnis,
531 744 578 779 ut
610 742 822 791 cogantur
846 730 889 775 in
917 730 1046 787 retia,
1087 742 1129 775 et
1163 732 1207 776 in
1234 748 1384 776 verum
1411 733 1587 777 exitium
1611 749 1722 778 vana

337 805 573 852 formidine
595 801 959 849 conm1da11tur1.
990 802 1126 846 Deum
1153 819 1253 847 vero
1274 803 1543 847 nascentium
1566 802 1720 847 condi-

339 887 475 922 torem
496 875 555 920 ita
582 873 770 919 dicimus
785 910 795 928 ‚
819 883 868 917 ut
890 873 1096 935 quoniam
1118 883 1286 917 certum
1308 883 1369 918 est
1392 875 1532 918 Deum
1551 872 1726 918 Catho-

337 947 524 993 licorum
545 983 554 1001 ‚
577 945 653 1009 qui
674 961 800 989 verus
824 953 908 999 est,
938 943 1049 988 nihil
1081 942 1220 989 facere
1256 961 1379 1006 posse
1396 943 1515 1007 quod
1558 943 1724 988 malum

339 1030 419 1074 est,
447 1019 581 1081 ipsius
605 1016 774 1079 opificis
800 1015 1012 1074 dignitate
1032 1052 1041 1070 ,
1077 1015 1276 1060 homines
1310 1019 1387 1078 qui
1421 1016 1477 1060 ab
1511 1032 1559 1060 eo
1586 1015 1721 1069 fiunt,

341 1098 440 1133 ante
456 1086 692 1133 voluntatis
714 1102 839 1130 usum
854 1122 864 1140 ‚
889 1085 942 1130 de
962 1086 1163 1130 manibus
1181 1091 1271 1144 eJus
1296 1086 1436 1147 iniqui
1463 1097 1503 1130 et
1523 1086 1583 1131 rei
1605 1084 1726 1130 nullo

342 1158 476 1204 modo
499 1158 609 1203 exire
627 1155 874 1202 credantur.
901 1156 1103 1212 Quorum
1121 1173 1196 1201 vos
1213 1157 1320 1201 cum'
1337 1156 1519 1201 alterum
1544 1156 1724 1216 negatis,

344 1238 580 1291 utrumque
604 1227 827 1272 subruitis.
859 1226 930 1272 Ais
950 1227 1118 1289 quippe
1133 1264 1142 1281 ‚
1168 1226 1341 1272 credere
1358 1238 1398 1272 te
1417 1226 1594 1290 quidem
1621 1243 1731 1272 eon-

345 1298 529 1344 ditorem
554 1300 693 1344 'Deum
710 1335 721 1353 9
741 1297 813 1342 sed
834 1297 1045 1342 malorum
1068 1297 1300 1342 hominum
1322 1315 1332 1342 :
1356 1315 1405 1343 ac
1421 1314 1498 1360 per
1518 1297 1603 1344 hoc
1625 1297 1730 1342 infi-

343 1369 470 1415 ciaris
490 1368 684 1429 dogmati
709 1379 782 1413 tuo
798 1405 808 1423 ,
836 1384 936 1413 cum
962 1385 1090 1427 negas
1114 1378 1154 1413 te
1184 1385 1365 1414 asserere
1392 1368 1619 1413 diabolum
1643 1368 1732 1412 ho—

345 1440 514 1485 minum
543 1439 831 1484 conditorem.
859 1460 879 1480 ›>

414 1513 527 1557 ABG.
571 1509 804 1573 Quidquid
830 1510 872 1555 in
895 1509 1150 1555 horninibus
1168 1547 1177 1565 ‚
1200 1510 1392 1574 quicum
1415 1509 1521 1555 vitio
1543 1525 1731 1554 nascun-

350 1592 436 1636 tur,
476 1582 529 1628 ad
560 1582 701 1627 Deum
740 1591 978 1627 creatorem
1010 1582 1222 1644 pertinet,
1256 1581 1423 1627 bonum
1459 1591 1541 1637 est3
1567 1580 1669 1643 quia
1693 1589 1735 1625 et

347 1653 468 1717 quod
497 1657 666 1713 justum
696 1663 783 1709 est,
821 1653 989 1698 bonum
1018 1663 1081 1697 est
1114 1670 1124 1697 :
1160 1663 1416 1697 naturarum
1447 1662 1587 1697 autem
1608 1688 1618 1707 ,
1648 1668 1735 1696 non

347 1724 563 1770 vitiorum
585 1735 738 1771 auctor
767 1735 829 1769 est
854 1725 982 1770 Deus.
1022 1723 1089 1768 Ad
1117 1722 1226 1769 illud
1246 1727 1338 1783 jam
1360 1723 1481 1777 veni,
1512 1721 1736 1767 videamus

352 1795 459 1858 quid
480 1795 580 1841 inde
599 1796 798 1841 dicturus
812 1812 877 1852 es,
900 1794 1122 1858 quomodo
1149 1812 1235 1840 non
1262 1804 1470 1839 eruantur
1488 1792 1660 1856 parvuli
1684 1791 1737 1836 de

354 1877 564 1929 potestate
588 1866 867 1913 tenebrarum
885 1904 894 1921 ‚
923 1865 1101 1929 quando
1120 1865 1165 1910 iu
1186 1865 1352 1910 Christi
1368 1881 1546 1923 regnum
1567 1881 1645 1926 per
1667 1880 1738 1908 sa-

354 1949 577 1983 cramenta
600 1937 807 1983 Ecclesiae
832 1936 1162 1982 transferuntur.
1191 1935 1485 1991 Quantislibet
1507 1933 1620 1979 enim
1644 1944 1738 1992 teg-

353 2009 549 2055 minibus
574 2020 615 2054 te
639 2007 896 2071 multiplicis
920 2007 1196 2070 loquacitatis
1228 2006 1422 2053 involvas
1438 2042 1448 2061 ‚
1478 2004 1555 2050 ubi
1576 2004 1630 2050 ad
1652 2004 1739 2050 hoc

356 2081 544 2136 veneris,
572 2079 716 2125 nudus
740 2080 972 2124 haereticus
999 2078 1245 2141 apparebis.

424 2150 600 2197 CXXV,
641 2150 741 2196 Jm„
783 2170 802 2190 «
831 2149 943 2193 Nam
980 2165 1080 2193 cum
1125 2147 1227 2192 tales
1262 2145 1440 2192 ascribis
1476 2144 1597 2208 operi
1629 2144 1736 2199 Dei,

356 2220 507 2284 quales
531 2222 670 2266 facere
703 2238 791 2266 non
827 2230 993 2284 potest3
1028 2219 1216 2265 ostendis
1254 2217 1367 2263 nihil
1401 2216 1456 2262 ad
1483 2218 1652 2271 Deum,
1695 2215 1741 2260 id

360 2291 478 2354 quod
502 2292 558 2337 ab
580 2309 629 2337 eo
654 2290 817 2337 dixeras
843 2292 934 2336 fieri
951 2328 961 2346 ‚
983 2290 1210 2353 pertinere.
1243 2311 1261 2329 >2

428 2364 541 2409 Aue„
585 2363 795 2408 Homines
810 2362 891 2407 nisi
910 2363 1024 2406 Deus
1042 2361 1180 2406 facere
1201 2377 1286 2404 nou
1308 2368 1452 2421 potest
1472 2375 1481 2402 :
1504 2357 1576 2403 dic
1595 2356 1743 2420 potius

361 2433 586 2499 quomodo
611 2450 699 2478 non
720 2443 929 2479 eruantur
946 2431 1120 2495 parvuli
1137 2431 1190 2476 de
1210 2439 1421 2494 potestate
1446 2428 1738 2482 tenebrarum,

360 2504 539 2570 quando
563 2521 642 2568 per
659 2503 807 2551 divina
831 2513 1098 2550 sacramenta
1121 2511 1443 2563 regenerantur.

412 2589 422 2612 ¹
447 2589 528 2621 vide
548 2587 603 2620 hb.
623 2598 654 2619 2.
671 2587 711 2620 de
727 2590 830 2632 Nupt.
846 2599 873 2622 c.
896 2590 927 2620 3.
