1824 3236
234 239 393 270 omnus
430 238 693 270 lMPEnFEc‘ri
729 238 902 269 CONTRA
939 239 1183 280 sumnum,
1222 242 1309 272 Lm.
1354 243 1413 271 vr.
1463 227 1554 289 487

180 303 325 351 ablato
344 303 396 350 ad
420 303 714 351 innocentiam
735 320 952 350 revocare.
985 307 1077 350 Cur
1097 323 1196 366 ergo
1226 323 1313 352 non
1332 307 1471 352 credis
1496 307 1554 352 li-

179 375 391 421 bertatem
410 375 520 422 bene
538 373 691 435 agendi
713 374 938 420 voluntate
957 376 1148 422 hnmana
1169 378 1308 440 perire
1334 378 1523 440 potuisse
1540 414 1550 434 ‚

178 464 259 492 nec
274 446 413 493 redire
435 461 558 510 posse
573 482 583 501 ,
613 444 693 490 nisi
716 443 864 490 divina
883 446 1132 503 voluntate3
1162 465 1262 493 cum
1290 448 1439 493 audias
1472 449 1556 493 lio-

178 516 340 563 minem
374 516 620 572 dicentem,
658 515 795 561 «Non
819 515 939 579 quod
973 517 1073 563 volo
1109 517 1221 581 facio
1256 519 1450 573 bonum,
1482 519 1555 564 sed

179 609 200 630 »
223 587 342 650 quod
366 586 467 633 nolo
492 586 654 632 malum
681 586 769 632 hoc
795 586 930 646 ag013
953 608 971 628 ι)
995 599 1038 632 et
1067 599 1163 651 post
1186 591 1318 635 verba
1340 590 1441 635 talia
1460 591 1555 636 cla-

178 669 370 704 mantem
386 695 397 715 ,
418 677 439 700 <‹
458 657 567 715 Quis
586 674 652 703 me
669 656 908 703 liberabit?
930 679 949 699 ›>
971 676 1019 703 ac
1045 660 1347 719 subjicientem
1368 699 1378 717 ‚
1404 682 1423 702 α
1445 664 1555 707 Gra-

177 751 199 772 »
223 729 283 775 tia
310 729 390 775 Dei
424 746 503 793 per
539 730 688 775 Jesum
715 728 939 774 Christum
978 731 1217 776 Dominum
1246 743 1440 777 nostrum
1457 733 1474 760 ‘2
1493 736 1511 778 ἱ)
1536 754 1556 775 »

177 820 198 842 (ι
219 799 305 846 Sed
325 799 432 846 falso
447 837 458 857 ‚
489 800 634 863 inquis
652 837 662 856 ‚
687 799 905 845 diceretur
925 800 1037 846 liber
1055 801 1212 855 homo,
1236 803 1269 846 si
1291 813 1434 848 motus
1457 820 1556 864 pro·

177 872 296 935 prios
314 871 481 917 variare
502 888 591 916 non
615 882 771 934 posset.
801 893 821 913 >2
850 872 940 917 Nec
964 885 1004 917 te
1034 872 1153 918 vides
1181 873 1262 935 ipsi
1290 875 1379 918 Deo
1410 874 1556 920 tollere

177 942 425 987 libertatem
445 979 456 998 ,
477 952 518 987 et
538 942 686 999 nobis,
711 942 889 1006 quando
913 960 1015 988 cum
1039 943 1114 988 illo
1136 943 1181 988 in
1204 961 1335 1003 regno
1359 948 1450 1004 ejus
1469 945 1557 990 im—

175 1012 378 1059 mortales
402 1012 546 1060 vivere
562 1014 826 1077 coeperimus
842 1050 853 1070 ,
881 1030 958 1059 [1ιέ
981 1024 1122 1059 motus
1143 1025 1312 1059 nostros
1334 1052 1344 1068 ‚
1371 1031 1488 1060 nunc
1512 1015 1556 1061 in

175 1083 346 1129 bonum
367 1120 378 1137 ‚
408 1099 528 1129 nunc
562 1084 608 1129 in
631 1084 795 1130 malum
820 1085 946 1130 nobis
964 1085 1046 1130 erit
1068 1084 1277 1148 possibile
1297 1086 1486 1139 variare3
1515 1096 1556 1132 et

175 1165 321 1200 tamen
344 1164 449 1200 tunc
465 1153 634 1200 felicius
649 1153 774 1200 liberi
794 1155 975 1209 erimus,
1000 1157 1178 1219 quando
1203 1173 1291 1201 non
1316 1157 1557 1219 poterimus

175 1226 330 1272 servire
345 1226 666 1289 peccato‚sicut
685 1243 764 1272 nec
781 1227 874 1290 ipse
889 1229 1002 1272 Deus
1024 1245 1035 1272 ι
1063 1226 1136 1272 sed
1152 1245 1228 1273 nos
1249 1227 1383 1290 ipsius
1403 1230 1553 1288 gratia,

173 1295 246 1342 ille
266 1313 366 1343 vero
385 1313 461 1342 sua
486 1307 655 1343 natura.

240 1368 338 1416 XX.
367 1369 467 1415 JUL.
512 1388 532 1409 «
562 1367 729 1413 Deinde
762 1368 858 1431 quis
893 1369 1108 1432 parasitus
1131 1370 1191 1414 ita
1215 1368 1364 1414 militis
1384 1369 1557 1429 gloriosi

173 1439 285 1485 vires
310 1439 670 1485 assentationibus
709 1439 860 1484 extulit
883 1477 893 1494 ,
938 1450 986 1485 ut
1019 1439 1323 1485 Traducianus
1357 1440 1555 1486 diaboli?

176 1511 308 1569 Quod
345 1511 399 1557 de
435 1510 707 1574 ponderibus
747 1512 981 1556 affectuum
1012 1511 1186 1571 agnosci
1219 1511 1333 1558 licet.
1372 1512 1491 1557 Fecit
1523 1513 1558 1558 si

175 1582 354 1646 quidem
376 1583 492 1628 Deus
512 1581 735 1627 hominem
757 1619 766 1634 ,
801 1582 1023 1627 materiam
1049 1583 1188 1646 ipsam
1207 1582 1300 1627 limi
1320 1583 1557 1628 venerabili

175 1653 424 1714 dignatione
446 1663 736 1708 contrectans,
764 1669 864 1715 quae
882 1653 925 1698 in
948 1652 1132 1698 formam
1157 1652 1348 1699 hominis
1370 1654 1558 1700 auctoris

174 1725 242 1770 sui
260 1741 438 1770 manum
464 1723 647 1770 subacta
673 1734 935 1788 sequeretur.
967 1724 1149 1769 Steterat
1164 1727 1256 1784 jam
1283 1724 1554 1781 absolutum,

174 1807 384 1842 caeterum
408 1795 577 1859 pallens
608 1795 856 1857 frigensque
892 1795 1177 1840 simulacrum
1195 1831 1205 1849 ‚
1243 1795 1444 1858 spiritum
1469 1812 1558 1858 quo

174 1868 331 1912 niteret
353 1877 396 1911 et
423 1866 585 1926 vigeret
608 1866 850 1929 opperiens.
883 1870 1010 1911 Tunc
1043 1866 1344 1925 augustissimo
1373 1867 1558 1912 auctoris

175 1937 322 1983 afflatu
342 1947 511 1982 creatus
532 1947 574 1982 et
593 1937 830 2000 inspiratus
846 1937 1031 1991 animus,
1053 1936 1214 1983 viscera
1234 1936 1413 1999 impleta
1430 1954 1557 1982 com—

173 2007 312 2054 movit
348 2025 359 2053 :
394 2018 501 2053 tunc
539 2024 685 2052 omnes
719 2023 863 2052 sensus
897 2007 941 2052 in
975 2018 1235 2069 apparatum
1277 2008 1557 2070 propriorum

172 2092 406 2125 munerum
427 2078 622 2124 suscitati
639 2088 752 2125 sunt.
786 2079 920 2124 Dedit
942 2078 1168 2124 habitator
1191 2078 1404 2137 ingressus
1424 2078 1559 2124 visce-

172 2150 294 2196 ribus
319 2149 509 2196 colorem
525 2149 543 2178 3
562 2187 573 2205 ,
611 2149 812 2209 sanguini
841 2150 1055 2204 calorem,
1093 2149 1301 2194 membris
1326 2150 1519 2209 vigorem
1541 2187 1552 2205 ‚

175 2222 268 2268 enti
294 2222 493 2268 nitorem.
527 2221 637 2267 Vide
667 2221 787 2284 quod
814 2222 1037 2282 negotium
1062 2221 1107 2267 in
1131 2220 1362 2266 formando
1395 2231 1438 2266 et
1459 2222 1557 2267 ani-

175 2292 339 2338 mando
367 2292 547 2338 homine
572 2292 710 2355 pietas
731 2291 882 2337 divina
917 2292 1119 2355 suscepit.
1151 2292 1310 2336 Verum
1344 2308 1423 2337 nec
1450 2308 1557 2355 per-

173 2363 338 2410 fectum
363 2378 462 2409 eum
490 2362 666 2427 reliquit
686 2361 957 2408 familiaritas
983 2361 1236 2408 Conditoris
1257 2380 1267 2407 :
1302 2361 1558 2408 transfertur

173 2434 229 2480 ad
251 2435 535 2481 amoeniorem
554 2434 718 2490 locum,
738 2444 780 2479 et
802 2451 933 2498 quem
961 2434 1195 2480 clementer
1217 2432 1394 2490 fecerat,
1413 2434 1557 2481 muni-

224 2533 233 2555 ¹
253 2537 351 2565 Rom.
375 2543 437 2572 vn,
464 2532 512 2562 15.
535 2549 574 2554 --
595 2530 610 2553 ²
631 2531 715 2566 Ibid.
741 2538 795 2568 24,
815 2533 870 2564 25.
900 2549 941 2554 —-—
961 2528 974 2552 3
996 2533 1087 2561 Fusco
1112 2529 1287 2562 visceribus
1305 2529 1441 2562 calorem
1457 2554 1464 2566 ,
1482 2541 1556 2562 san·

173 2589 263 2633 guini
282 2589 434 2621 colorem.
