1824 3236
210 291 366 322 oratus
402 291 661 324 litrnnrflcrl
699 293 873 325 CONTRA
911 296 1156 339 acumini,
1197 301 1284 332 ma.
1328 304 1385 336 vr.
1438 291 1530 349 58‹‚

160 356 380 420 populum
403 373 554 416 suum,
588 374 677 404 non
708 376 733 404 a
761 360 1064 422 corporalibus
1084 365 1271 422 morbis,
1298 384 1406 430 quos
1424 381 1465 415 ct
1491 371 1531 416 in

159 426 329 491 populo
344 444 432 473 non
447 444 524 474 suo
538 444 688 474 sanare
704 431 944 486 consuevit,
965 431 1038 476 sed
1053 450 1075 478 a
1092 437 1280 496 peccatis
1296 455 1461 487 eorum.

226 498 437 554 Quamvis
455 514 554 558 ergo
570 498 803 561 Apostolus
817 500 861 545 in
882 517 931 546 eo
950 503 1069 564 quod
1096 504 1178 561 ait,
1205 528 1224 548 «
1248 509 1436 556 Aculeus
1450 528 1532 557 au-

161 589 182 610 »
203 579 289 615 tem
309 569 461 615 mortis
479 579 540 614 est
556 580 788 632 peccatum
808 569 846 627 1,
874 592 894 613 ›>
909 571 1026 618 illam
1045 573 1134 620 sine
1153 578 1435 637 ambiguitate
1459 600 1531 627 ex-

160 640 362 704 presserit
383 650 588 698 mortem,
607 658 710 704 quae
732 643 1037 689 resurrectioni
1056 648 1270 710 corporis,
1292 650 1345 696 de
1365 668 1448 714 qua
1465 654 1534 698 lo-

160 711 402 774 quebatur,
430 711 632 774 opposita
651 722 739 767 est,
778 711 824 757 id
852 723 940 768 est,
968 718 1162 777 corporis
1198 730 1408 776 mortem3
1442 723 1535 786 ipa

160 782 276 829 enim
295 782 604 829 absorbebitur
623 781 668 828 in
684 782 929 839 victoriam,
957 785 1132 847 quando
1151 804 1332 852 corpore
1351 792 1535 854 spiritali

160 863 406 913 resurgente
418 855 510 912 jam
535 869 624 898 non
651 851 751 908 erit,
780 853 882 916 quia
905 853 1206 903 immortalitas
1229 860 1354 906 etiam
1375 879 1537 925 corpo—

159 923 218 970 ris
235 925 339 980 erit,
360 940 460 988 quae
495 924 617 970 nullo
641 934 825 986 peccato
860 924 999 986 possit
1031 926 1198 973 amitti:
1241 933 1453 977 tamenin
1486 951 1536 979 eo

159 994 281 1058 quod
300 1005 471 1041 secutus
495 992 708 1054 adiunxit,
727 992 874 1040 Virtus
896 1011 998 1041 vero
1023 999 1191 1059 peccati
1208 999 1271 1044 lex
1295 1018 1382 1046 non
1400 1002 1534 1063 legem

160 1065 420 1126 significavit
445 1082 547 1129 quae
576 1064 678 1110 data
713 1075 775 1111 est
793 1065 840 1110 in
861 1066 1088 1128 paradiso;
1112 1069 1186 1114 illa
1202 1071 1315 1116 enim
1346 1075 1532 1135 peccati,

159 1136 281 1200 quod
295 1136 468 1184 nullum
482 1136 632 1183 adhuc
647 1146 755 1190 erat,
776 1135 915 1182 virtus
934 1154 1020 1184 esse
1047 1155 1137 1185 non
1156 1152 1315 1204 posset;
1344 1143 1412 1188 sed
1441 1162 1535 1190 eam

159 1207 295 1269 legem
328 1208 533 1255 virtutem
568 1206 676 1253 dixit
711 1223 797 1252 esse
839 1208 1024 1270 peccati,
1068 1226 1168 1273 quae
1200 1212 1464 1271 subintravit
1488 1226 1536 1260 ut

161 1278 406 1326 abundaret
426 1288 657 1343 peccatum
672 1314 683 1334 ,
710 1287 750 1322 et
764 1289 1016 1340 operaretur
1039 1296 1211 1326 omnem
1225 1284 1536 1346 concupiscen-

160 1348 264 1396 tiam
279 1387 291 1406 ‚
314 1349 362 1396 id
393 1361 456 1396 est
473 1386 484 1407 ,
510 1366 599 1395 non
638 1365 732 1394 eam
761 1358 951 1405 tantum,
979 1366 1080 1413 quae
1103 1351 1149 1396 in
1172 1352 1372 1414 paradiso
1391 1367 1531 1401 exorta

160 1421 441 1468 mortificavit
475 1430 516 1466 et
539 1435 724 1482 corpus,
751 1434 852 1464 cum
875 1435 962 1482 qua
985 1421 1125 1466 omnis
1148 1420 1282 1466 homo
1316 1425 1534 1479 nascitur3

160 1508 239 1538 nec
259 1508 354 1537 eam
373 1501 563 1546 tantum,
586 1506 686 1553 quae
700 1489 890 1552 peccatis
910 1506 989 1552 per
1007 1494 1220 1554 cujusque
1242 1494 1376 1539 malos
1401 1511 1537 1541 mores
1575 1523 1578 1526 -

161 1561 468 1608 accedentibus
504 1561 657 1616 crevit,
685 1560 968 1606 verumetiam
1008 1560 1127 1606 illam
1143 1597 1153 1615 ‚
1197 1578 1297 1624 quae
1332 1564 1537 1610 mandato

160 1632 424 1696 prohibente
444 1630 664 1677 ardentius
680 1631 879 1682 excitata,
896 1629 951 1675 ad
975 1631 1377 1692 praevaricationem
1403 1649 1537 1696 usque

160 1702 380 1765 pervenit;
402 1712 453 1748 ut
468 1699 668 1756 victoria,
690 1716 777 1763 qua
807 1716 896 1744 non
919 1699 1060 1745 solum
1091 1701 1263 1762 peccati
1300 1702 1533 1765 cupiditas,

160 1773 443 1819 verumetiam
460 1770 612 1817 mortis
631 1768 872 1832 corporalis
891 1770 1138 1816 vinceretur
1162 1770 1306 1827 timor,
1318 1783 1536 1834 postremo

159 1843 297 1907 ipsius
337 1840 614 1889 mortalitatis
638 1840 943 1886 absorberetur
966 1840 1211 1896 infirmitas,
1238 1857 1326 1885 non
1341 1841 1441 1901 lege
1460 1860 1538 1905 per

160 1913 340 1976 Moysen
358 1913 479 1968 data,
504 1910 578 1958 sed
594 1927 673 1973 per
684 1910 917 1955 Christum
935 1910 1049 1956 facta
1070 1911 1204 1970 gratia
1226 1921 1504 1972 praestaretur
1522 1931 1532 1957 :

161 1983 352 2029 Proinde
375 1984 436 2029 ita
451 1982 559 2028 dixit
583 1979 837 2043 Apostolus,
867 2000 888 2021 (ε
912 1979 1100 2026 Aculeus
1133 1990 1276 2025 autem
1297 1983 1446 2027 mortis
1476 1993 1537 2028 est

161 2075 183 2097 »
206 2064 466 2118 peccatum3
492 2052 631 2097 virtus
654 2067 755 2098 vero
786 2050 952 2113 peccati
974 2050 1062 2104 lex3
1090 2050 1246 2109 gratias
1278 2061 1419 2097 autem
1443 2053 1536 2098 Deo

162 2145 185 2166 »
208 2123 286 2186 qui
308 2122 384 2169 dat
400 2121 527 2169 nobis
563 2120 794 2167 victoriam
812 2137 890 2183 per
918 2120 1155 2165 Dominum
1176 2130 1369 2166 nostrum
1391 2121 1537 2168 Jesum

162 2215 184 2237 >2
208 2194 449 2241 Christum.
472 2198 496 2234 ⁴»
532 2203 738 2253 tanquam
759 2190 939 2239 diceret,
971 2190 1158 2236 Aculeus
1189 2190 1366 2253 quidem
1391 2193 1538 2238 mortis

161 2275 224 2311 est
241 2274 492 2328 peccatum,
517 2262 621 2326 quia
644 2271 825 2328 peccato
846 2261 974 2307 etiam
992 2277 1107 2306 mors
1125 2260 1204 2306 ista
1219 2262 1413 2324 corporis
1426 2262 1539 2309 facta

161 2346 250 2390 est;
277 2338 403 2395 cujus
428 2333 596 2380 auctori
620 2329 696 2379 vel>
715 2332 798 2395 ipsi
817 2332 946 2378 etiam
970 2331 1100 2377 morti
1126 2330 1352 2376 diceturin
1375 2331 1460 2378 fine
1483 2333 1538 2378 al»

160 2406 236 2462 eis,
263 2405 427 2469 quibus
457 2403 504 2449 in
542 2402 676 2462 gloria
700 2401 1022 2462 resurgentibus
1048 2400 1374 2456 absorbebitur,
1404 2422 1424 2442 «
1454 2402 1537 2447 Ubi

163 2497 186 2519 »
210 2486 289 2532 est,
317 2491 449 2531 mors,
477 2473 662 2519 victoria
697 2475 799 2518 tua?
822 2471 899 2517 ubi
935 2482 1013 2527 est,
1039 2487 1171 2527 mors,
1201 2469 1374 2516 aculeus
1412 2476 1543 2518 tuus?

167 2568 188 2590 >2
211 2545 284 2593 sed
305 2546 383 2592 iste
403 2543 596 2601 aculeus,
613 2564 631 2586 ›)
663 2542 707 2590 id
732 2552 810 2599 est,
837 2553 1086 2605 peccatum,
1109 2558 1187 2604 per
1228 2557 1363 2587 unum
1399 2543 1543 2602 ingre-

213 2629 222 2652 ¹
245 2640 255 2660 1
279 2631 352 2662 (lor.
374 2639 426 2670 xv,
448 2628 500 2660 56.
