1863 3262
330 300 412 330 122
745 301 779 331 S.
824 300 1064 332 AUGUSTINI
1103 302 1307 334 EPISCOPI

315 366 430 412 cheei
453 365 741 412 substantiam
774 384 860 412 esse
897 367 1051 413 dicunt
1071 369 1230 415 malam
1263 387 1351 416 non
1389 370 1544 417 vitium
1587 372 1696 418 sub·

316 436 485 483 stantiae
519 437 667 493 bonae,
708 454 797 500 quo
834 455 935 484 caro
955 441 1228 502 concupiscit
1251 441 1451 488 adversus
1474 442 1695 505 spiritum3

317 507 436 571 quod
461 507 516 552 ad
537 524 607 553 eos
632 507 952 567 redarguendos
983 510 1169 555 dicimus
1194 529 1296 568 nos,
1324 524 1365 558 et
1403 512 1457 558 ad
1478 530 1548 558 eos
1572 513 1700 573 adju-

316 577 478 624 vandos
503 579 664 637 negatis
682 595 771 624 vos.
803 579 911 624 Nam
928 581 1028 642 quia
1044 582 1442 644 concupiscentiam
1460 620 1470 638 ,
1498 600 1584 646 qua
1600 601 1700 630 caro

316 649 589 712 concupiscit
627 649 828 695 adversus
859 652 1082 714 spiritum,
1111 652 1240 697 etiam
1262 655 1387 699 vobis
1403 654 1702 700 resistentibus

318 721 480 767 malum
500 737 586 766 esse
606 721 900 776 convincunt3
927 724 961 768 si
982 740 1069 768 non
1084 734 1162 776 est,
1182 735 1229 769 ut
1245 726 1424 787 putatis,
1444 725 1574 771 bouae
1592 728 1702 772 sub-

318 792 488 837 stantiae
511 791 685 847 vitium,
729 792 841 838 mala
864 793 1106 838 substantia
1144 795 1464 857 deputabitur3
1490 795 1609 858 quod
1642 807 1703 841 est

319 862 478 921 dogma
497 862 864 919 Manichaeorum,
904 863 1135 909 catholicae
1155 863 1256 910 fidei
1278 865 1401 912 vobis
1423 864 1702 924 adjutoribus

320 949 563 978 inimicum.

384 1003 644 1048 CLXXVII.
664 1003 761 1050 Jur„
796 1005 840 1067 (α
859 1005 971 1053 Cum
994 1009 1137 1053 animo
1158 1005 1328 1051 nolente
1345 1011 1508 1052 coeunt
1523 1006 1562 1063 1,
1582 1017 1622 1052 et
1636 1023 1705 1052 se-

320 1074 446 1120 cretis
461 1073 706 1136 pudoribus
731 1088 885 1134 gerunt
904 1115 913 1133 ‚
946 1096 1032 1141 quo
1053 1077 1516 1141 temporeodiohabent
1540 1077 1700 1132 lucem,

329 1145 391 1190 uti
406 1161 457 1189 ne
472 1143 799 1190 manifestentur
810 1163 940 1210 opera
953 1166 1115 1194 eorum.
1128 1149 1264 1206 Cujus
1276 1146 1336 1192 rei
1349 1147 1483 1205 gratia
1495 1147 1554 1192 ait
1564 1149 1706 1210 Apos-

323 1214 454 1270 tolus,
474 1215 596 1259 «Non
612 1225 674 1260 est
698 1215 906 1262 volentis:
925 1242 943 1259 n
969 1230 1015 1264 nt
1033 1218 1341 1273 subaudiatur,
1358 1217 1580 1281 hocopus,
1608 1218 1707 1263 Sive

322 1286 437 1332 enim
452 1285 617 1330 bonum
640 1303 854 1345 geramus,
870 1306 958 1334 non
979 1301 1040 1335 est
1055 1289 1220 1341 carnis3
1241 1288 1343 1351 quia
1369 1288 1594 1334 manifesta
1606 1296 1707 1333 sunt

324 1373 455 1420 opera
471 1356 630 1412 carnis,
655 1373 755 1419 quae
787 1370 887 1404 sunt
910 1359 1157 1415 fornicatio,
1175 1369 1256 1405 etc.
1281 1359 1378 1404 Sive
1393 1358 1555 1404 malum
1581 1375 1707 1418 gera-

322 1445 433 1482 mus,
457 1444 544 1473 non
566 1439 627 1473 est
647 1429 824 1483 animae3
849 1432 950 1494 quia
974 1431 1142 1477 fructus
1162 1431 1356 1494 spiritus,
1380 1447 1480 1493 pax,
1498 1430 1707 1490 gaudium

321 1510 396 1546 est.
423 1500 616 1562 Denique
628 1499 787 1545 clamat
802 1502 907 1546 etad
922 1503 1142 1548 Romanos
1155 1501 1388 1565 Apostolus
1404 1501 1527 1546 :Non
1539 1501 1707 1546 bonum

321 1569 441 1634 quod
461 1569 559 1615 volo
588 1587 683 1629 ago,
703 1570 775 1615 sed
805 1572 963 1618 malum
985 1590 1141 1636 operor
1155 1572 1273 1636 quod
1293 1571 1514 1618 exhorreo,
1544 1570 1708 1617 Videtis

320 1657 471 1687 vocem
500 1640 655 1685 animae
669 1644 953 1697 contumacis,
978 1654 1130 1689 contra
1145 1642 1546 1705 concupiscentiam
1564 1641 1709 1687 defen-

323 1711 493 1757 dentem
514 1710 757 1756 libertatem
774 1714 945 1759 animae.
979 1714 1163 1759 Dolebat
1185 1713 1300 1758 enim
1328 1712 1429 1775 quia
1454 1720 1704 1775 peccatum,

326 1782 372 1829 id
384 1793 462 1836 est,
484 1781 688 1828 diabolus
701 1795 953 1846 operaretur
980 1785 1023 1829 in
1042 1802 1083 1830 se
1094 1801 1266 1829 omnem
1287 1783 1700 1846 concupiscentiam.

322 1851 490 1911 Legalis
507 1853 915 1899 auctoritasindicat
929 1855 1088 1900 malum
1103 1859 1211 1914 ejus,
1231 1871 1330 1899 cum
1343 1870 1491 1899 omnes
1502 1857 1593 1914 ejus
1610 1870 1710 1899 usus

321 1924 559 1986 vituperat,
580 1941 688 1986 quos
707 1941 806 1970 caro
839 1926 1023 1971 miratur
1039 1937 1081 1971 et
1096 1926 1248 1971 laudat
1268 1925 1436 1970 :omnis
1453 1924 1567 1971 enim
1590 1942 1710 1970 ama-

323 1993 469 2040 ritudo
488 1995 856 2058 concupiscentiae
879 1997 1020 2042 suavis
1034 2007 1095 2042 est
1115 1997 1296 2050 anin'iae3
1324 2005 1544 2059 perquam
1570 1995 1710 2040 nu'tri-

324 2076 394 2111 tur
413 2065 573 2121 anima,
591 2076 632 2111 et
647 2065 700 2110 ad
719 2066 911 2125 vigorem
929 2069 1108 2115 accitur.
1134 2068 1332 2130 Denique
1349 2066 1589 2112 coercentis
1601 2082 1642 2111 se
1654 2061 1709 2110 ab

324 2136 442 2181 omni
462 2153 539 2181 usu
561 2137 929 2199 concupiscentiae
948 2139 1114 2183 animus
1134 2137 1301 2197 vigilat,
1328 2135 1510 2191 ditatur,
1535 2146 1576 2181 et
1599 2149 1710 2181 cres·
1749 2144 1753 2148 '

325 2207 418 2253 cit:
446 2223 524 2269 per
550 2223 674 2252 usum
703 2218 845 2252 autem
873 2208 1241 2271 concupiscentiae
1278 2207 1499 2252 consuevit
1535 2206 1711 2252 decres-

325 2277 469 2340 cere.)
498 2277 796 2337 lntelligis-ne,
827 2278 893 2324 vel
916 2295 1008 2323 sero
1032 2277 1365 2341 deprehendisse
1385 2294 1461 2322 nos
1488 2276 1603 2322 unde
1623 2291 1711 2322 non

326 2348 462 2395 solum
486 2365 667 2412 sapere-5,
682 2348 754 2393 sed
773 2349 900 2393 ctiam
919 2348 1178 2411 loquereris?
1198 2360 1315 2393 tanto
1328 2348 1440 2392 enim
1460 2347 1712 2406 magistrum

324 2431 449 2465 tuum
471 2436 616 2464 amore
641 2419 961 2482 complecteris,
988 2431 1034 2465 ut
1058 2438 1143 2465 non
1178 2420 1318 2465 solum
1354 2418 1583 2464 itineribus
1601 2421 1708 2476 eius,

325 2490 398 2536 sed
424 2490 553 2536 etiam
578 2490 764 2549 vestigiis
790 2491 957 2536 insistas
983 2508 992 2536 :
1021 2491 1139 2554 quod
1159 2502 1205 2536 tu
1230 2490 1433 2536 omnibus
1454 2488 1625 2550 scriptis
1646 2504 1713 2532 as-

326 2561 443 2615 seris,
465 2560 579 2606 sicut
598 2571 639 2606 et
655 2561 717 2607 illi
736 2578 846 2624 quos
867 2561 921 2608 ad
941 2561 1182 2610 Marcellini
1202 2578 1358 2608 nomen
1376 2559 1566 2614 edidisti,
1586 2556 1708 2615 libri,

379 2643 389 2665 ¹
413 2641 556 2676 Manich.
585 2643 680 2686 epist,
