1863 3262
191 281 347 312 OPERIS
382 279 643 311 IMPERFECTI
679 278 856 310 CONTRA
893 278 1139 321 JULIANUM,
1177 280 1266 313 LIB.
1310 282 1378 314 111.
1461 270 1516 317 15

141 346 438 393 inviolabilem
475 344 654 409 quidem
678 361 765 390 esse
789 345 1092 391 auctoritatem
1125 346 1226 407 legis
1254 348 1441 408 divinae,
1475 363 1517 398 et

143 433 274 481 quam
295 416 413 463 nulla
429 426 598 494 queant
607 415 881 494 impietatum
901 427 1151 476 argumenta
1174 436 1405 481 proruere:
1426 426 1518 483 ejus

143 499 288 534 autem
315 487 536 536 sanctione
567 486 851 547 signatissime
884 497 1014 564 atque
1041 487 1355 538 absolutissime
1388 493 1517 541 fuisse

141 557 473 621 praescriptum,
506 555 671 602 foedam
704 572 789 602 esse
826 556 1076 619 opinionem
1108 562 1517 646 perversitatemque

135 627 323 688 Judicii,
341 644 474 692 quam
504 627 785 673 mandaverat
811 627 1088 673 vehementer
1113 629 1378 683 cavendam
1399 635 1432 679 si
1457 638 1516 682 rei

142 698 222 748 filii
243 715 321 761 pro
338 708 519 762 peceato
535 698 926 761 pronuntiarentur
945 708 1173 761 parentum
1195 718 1206 752 3
1229 717 1317 763 quo
1336 702 1517 751 fulmine

140 768 336 815 traducis
357 779 576 816 structura
599 768 801 814 dissilivit
822 786 832 814 :
859 779 1160 815 verumtamen
1181 772 1310 817 tantis
1330 789 1416 819 esse
1439 792 1517 821 ve-

140 839 280 885 ritatis
306 839 523 903 praesidiis
555 839 790 895 munithim
823 856 954 902 quam
983 850 1153 885 tuemur
1177 841 1335 899 fidem,
1369 855 1416 890 ut
1438 863 1517 892 nec

143 909 200 955 ab
223 926 271 956 ea
293 909 580 974 profanitate,
608 927 709 974 quae
743 921 884 973 potest
923 910 1002 956 Dei
1031 910 1168 971 legem
1192 929 1369 973 negare,
1404 933 1520 980 qua-

141 979 289 1028 tiatur.
316 1002 338 1022 ³>

208 1053 322 1098 Aue.
365 1052 539 1108 Quaeris
575 1051 654 1097 ubi
690 1052 917 1115 spatieris,
956 1053 1220 1113 vagabunda
1258 1055 1523 1118 loquacitate

139 1138 228 1168 non
252 1121 474 1186 copiosus,
492 1121 565 1167 sed
582 1121 754 1168 odiosus
771 1123 830 1175 eis
846 1160 855 1177 ,
877 1124 954 1186 qui
977 1124 1107 1168 rebus
1132 1124 1392 1171 inhaerentes
1412 1165 1422 1183 ‚
1445 1146 1521 1175 su-

142 1193 313 1256 perflua
337 1193 470 1238 verba
495 1202 789 1240 contemnant.
822 1194 1015 1239 Vinceris
1041 1194 1210 1257 quippe
1234 1196 1289 1241 ab
1319 1197 1518 1246 adversa-

140 1262 216 1307 riis
245 1279 356 1326 quos
386 1262 549 1318 habes,
586 1273 628 1308 et
658 1263 896 1309 vincendos
934 1265 1145 1327 proponis
1184 1265 1266 1310 tibi
1297 1282 1406 1328 quos
1436 1287 1524 1316 non

140 1331 292 1380 habes.
321 1333 431 1389 Quis
453 1332 567 1383 enim
592 1333 674 1379 tibi
693 1333 824 1390 dicit,
853 1333 1008 1380 falsum
1033 1351 1118 1380 esse
1141 1335 1261 1398 quod
1294 1337 1407 1383 Deus
1431 1357 1522 1385 ser-

141 1419 243 1449 vare
261 1402 402 1450 voluit
429 1403 475 1449 in
492 1403 671 1463 J'udiciis
704 1405 908 1450 humanis
928 1442 938 1461 ,
969 1422 1069 1451 cum
1099 1409 1189 1465 jam
1219 1417 1362 1469 patres
1384 1420 1425 1454 et
1446 1411 1524 1457 filii

142 1489 240 1519 suas
270 1474 471 1537 proprias
505 1491 654 1524 causas
688 1475 855 1521 habent
890 1475 944 1521 ad
972 1492 1093 1521 suam
1117 1480 1333 1539 cujusque
1357 1481 1490 1527 vitain
1510 1520 1520 1539 ‚

142 1560 243 1607 quae
265 1545 496 1608 separatim
521 1544 717 1598 ducitur,
742 1547 1006 1609 pertinentes
1023 1583 1033 1602 ,
1061 1557 1108 1591 111
1128 1564 1208 1592 nec
1234 1547 1314 1593 filii
1332 1567 1412 1612 pro
1438 1569 1522 1614 pa-

142 1615 305 1671 tribus,
329 1632 409 1662 nec
432 1626 575 1679 patres
602 1634 684 1681 pro
717 1617 817 1663 filiis
853 1617 1128 1681 puniantur?
1156 1618 1291 1664 Nemo
1316 1621 1383 1666 vel
1412 1622 1520 1683 legi,

142 1685 210 1732 vel
233 1686 314 1732 tibi
330 1686 428 1732 haec
448 1686 610 1732 dicenti
639 1687 891 1733 adversatur
912 1706 922 1733 ε
951 1698 996 1734 tu
1017 1688 1107 1733 0011
1126 1688 1433 1738 obsurdescere
1452 1694 1527 1740 ad-

141 1773 288 1802 versus
319 1757 459 1803 Deum
494 1757 711 1804 dicentem
742 1776 752 1804 z
782 1779 801 1799 «
823 1758 1023 1804 Reddam
1058 1770 1239 1822 peccata
1271 1772 1449 1823 patrum
1483 1766 1529 1811 in

144 1846 165 1867 ι)
191 1826 329 1873 fili0s1
354 1845 365 1872 ε
387 1848 407 1869 >2
429 1829 484 1873 Et
503 1844 605 1873 cum
623 1828 709 1874 1100
728 1829 897 1874 assidue
916 1829 1057 1884 dicat,
1080 1846 1294 1892 nusquam
1311 1831 1527 1881 dicentem

141 1907 326 1959 peccata
360 1897 550 1943 filiorum
577 1915 618 1944 se
642 1899 821 1945 reddere
854 1899 899 1944 in
926 1909 1097 1962 patres3
1126 1910 1174 1944 ut
1199 1900 1411 1962 intelligas
1440 1922 1527 1951 non

143 1966 220 2028 qui
243 1983 395 2012 eorum
415 1984 524 2030 quos
545 1968 789 2026 imitentur,
813 1969 888 2015 sed
911 1970 990 2032 qui
1011 1987 1059 2016 ex
1078 1970 1241 2032 quibus
1272 1986 1529 2030 generentur

144 2036 326 2084 attendi.

208 2107 330 2153 XXI.
372 2107 472 2153 Jur„
515 2128 535 2149 ει
566 2108 694 2154 Nune
722 2107 856 2168 igitur
889 2109 942 2155 ad
972 2127 1071 2155 eum
1097 2112 1173 2175 qui
1204 2130 1304 2160 cum
1331 2115 1523 2174 agimus,

143 2193 283 2222 sermo
296 2176 514 2240 respiciat.
541 2178 794 2241 Acquiescis
810 2178 891 2239 legi
912 2180 1007 2235 Dei,
1028 2181 1346 2244 (professione
1336 2188 1526 2243 lnterim,

144 2258 350 2293 caeterum
363 2247 472 2325 quid
484 2247 616 2294 facias
632 2251 976 2309 argumentando
994 2253 1196 2299 novimus
1211 2255 1256 2317 ,)
1274 2273 1326 2300 an
1344 2257 1522 2306 resistis
1512 2262 1530 2297 D

143 2317 179 2362 si
204 2316 468 2381 acquiescis,
493 2318 664 2364 sublata
684 2321 937 2366 contentio:
963 2338 996 2366 s1
1016 2333 1202 2379 10515115
1224 2326 1394 2372 sublata
1419 2345 1529 2374 con-

143 2388 281 2433 sensio
317 2399 391 2435 est.
434 2390 479 2435 Si
524 2391 786 2453 acquiescis,
821 2393 1006 2438 extincta
1043 2395 1453 2454 Traducianorum3
1495 2401 1529 2446 51

142 2457 328 2514 resistis,
360 2459 712 2512 Manichaeorum
734 2462 921 2510 revelata
953 2463 1139 2527 perfidia
1163 2477 1224 2512 est
1248 2485 1258 2512 ε
1284 2468 1527 2517 dummodo

199 2564 210 2588 ¹
227 2567 323 2599 Dent.
344 2576 375 2610 v,
393 2579 428 2610 9.
