1824 3236
145 239 301 271 ormus
335 238 598 271 imrnnrizcri
633 236 808 269 CONTRA
843 236 1088 281 JUMANUM,
1126 239 1212 271 mn.
1254 240 1296 272 v.
1372 222 1463 288 367

91 307 241 362 fuisse,
258 322 359 353 cum
379 305 568 352 necdum
588 303 755 368 aliquid
775 315 880 352 erat.
901 306 1056 351 Postea
1074 323 1317 371 veroquam
1337 306 1466 354 factae

91 395 157 426 res
175 388 304 433 sunt,
330 376 418 422 hoc
436 375 654 422 inanitatis
679 374 914 432 indicium,
937 375 982 422 id
1003 387 1090 432 est,
1112 378 1327 435 nihilum,
1354 373 1467 425 sicut

93 447 380 495 substantiam
419 443 643 510 nunquam
681 440 923 502 habuerat,
960 447 1020 492 ita
1043 448 1172 494 etiam
1199 449 1466 496 vocabulum

92 535 218 565 suum
242 516 463 582 perdidit,
484 512 738 580 factumque
765 526 851 573 est,
883 527 931 562 ut
951 518 1073 581 quod
1105 519 1151 564 in
1178 537 1222 565 re
1240 524 1467 584 nunquam

92 591 313 643 extiterat,
348 587 477 633 etiarn
504 586 648 650 ipsum
679 603 837 632 nomen
870 587 1096 636 amitteret.
1132 590 1274 649 Huius
1300 607 1399 650 ergo
1420 600 1469 636 tu

92 657 297 706 violentia
319 656 483 703 maluin
508 667 549 703 et
574 658 618 703 in
645 657 810 718 Angelo
829 657 872 704 et
901 657 947 703 in
969 659 1146 705 homine
1165 661 1471 707 commentaris

93 733 286 775 exertum
305 745 316 773 t
339 726 428 791 qu'o
449 727 557 791 q'uid
583 728 786 773 furiosius
805 727 892 774 dici
909 733 1114 792 potestP»

160 801 276 846 Auo.
299 799 367 844 Tu
389 799 538 861 potius
556 798 843 845 maledicendi
861 799 1004 845 studio
1023 799 1166 846 furere
1181 799 1354 848 videris.
1382 801 1473 860 Ego

93 887 182 916 non
205 869 292 915 dixi
325 868 566 915 violentuln
599 869 713 915 nihil
736 887 747 914 ε
787 877 873 915 noh
894 871 1007 916 enirn
1032 880 1094 916 est
1120 869 1304 934 aliquid,
1351 870 1471 934 q'uod

94 939 230 1003 possit
255 955 341 984 esse
359 938 612 985 violentum.
644 940 734 985 Ne'c
759 939 964 1000 Angelus;
991 936 1070 986 nec
1101 940 1235 987 h'o'mo
1258 939 1301 987 vi
1326 934 1472 1003 aliqua

95 1015 274 1074 peccare
291 1009 544 1073 compulsus
560 1021 622 1055 est
639 1029 651 1064 3
671 1027 751 1056 nec
772 1010 1038 1073 peccassent,
1063 1009 1096 1057 si
1113 1007 1293 1076 peccare
1313 1010 1476 1058 noluis-

95 1091 203 1137 sent,
229 1081 308 1144 qui
325 1080 454 1126 etiam
487 1079 602 1126 nolle
619 1081 861 1143 potuissent
880 1096 890 1126 ε
916 1094 1067 1128 verum
1085 1091 1128 1127 et
1149 1099 1274 1146 posse
1292 1090 1474 1145 peccare

94 1168 183 1197 non
203 1151 250 1197 in
263 1151 332 1197 his
349 1160 474 1207 esset,
497 1151 531 1196 si
544 1161 699 1196 natura
724 1152 804 1197 Dei
821 1163 972 1198 essent.

159 1222 371 1268 XXXIII.
396 1224 419 1266 J
425 1238 495 1268 UL.
523 1241 543 1262 «
567 1221 786 1281 Magnam,
807 1221 966 1284 inquis,
987 1217 1077 1268 vini
1111 1221 1272 1268 habuit
1289 1236 1354 1268 res
1372 1231 1475 1286 'quae

96 1309 183 1339 non
217 1302 324 1348 erat,
359 1291 417 1338 ob
450 1290 536 1337 hoc
560 1291 718 1348 solum,
753 1292 858 1356 quia
881 1309 1109 1356 nunquam
1130 1291 1293 1348 fuerat,
1323 1299 1475 1339 verum

97 1375 190 1409 tum
211 1379 335 1426 posse
354 1362 599 1425 plurimum
625 1362 780 1425 coepit,
815 1373 1047 1426 postquam
1070 1374 1112 1409 et
1149 1363 1292 1427 ipsum
1316 1365 1475 1409 nomen

98 1434 259 1488 amisit3
281 1433 569 1495 sortitumque
592 1443 653 1478 est
674 1432 762 1478 hoc
780 1431 968 1478 nihilum
988 1451 1190 1493 magnam
1211 1433 1474 1480 dominatio-

97 1522 213 1557 nem,
237 1514 472 1568 postquam
496 1503 625 1548 etiam
647 1503 886 1566 appellatio
902 1507 993 1564 ejus
1017 1504 1194 1552 interiit.
1225 1525 1246 1547 »

163 1578 276 1622 Aue.
302 1574 348 1620 Si
372 1574 418 1620 id
441 1573 559 1638 quod
576 1573 688 1619 nihil
713 1583 790 1628 est,
821 1572 985 1636 aliquid
1005 1584 1128 1631 esset,
1147 1574 1267 1637 apud
1290 1583 1331 1620 te
1353 1573 1479 1619 dice-

99 1656 217 1691 retur
246 1645 446 1692 sortitum
468 1660 672 1704 magnam
707 1642 1082 1689 dominationem:
1117 1643 1478 1708 quandoquidem

98 1716 263 1763 vanitas
280 1754 291 1772 ,
324 1717 411 1762 sive
427 1714 607 1770 falsitaS,
634 1714 693 1760 ita
715 1714 796 1760 tibi
813 1713 1083 1772 dominatur,
1110 1725 1159 1762 ut
1177 1714 1333 1771 tandiu
1346 1724 1387 1761 te
1399 1715 1480 1761 ista'

99 1787 248 1833 inania
259 1787 420 1847 garrire
441 1784 691 1850 compellat.

163 1857 367 1905 XXXIV.
393 1857 418 1902 J
427 1874 492 1903 ur„
517 1859 696 1901 «Macte
710 1855 872 1901 virtute
890 1855 1131 1918 sapientiae,
1151 1856 1229 1919 qui
1247 1868 1373 1902 novae
1397 1865 1437 1902 et
1460 1871 1482 1900 a

104 1940 141 1974 te
162 1929 349 1975 inventae
368 1928 561 1991 primum
583 1925 890 1989 disputationis
904 1926 1078 1986 regulis,
1107 1926 1295 1972 secunda
1313 1926 1484 1989 primo-

101 2000 196 2045 rum
216 1998 442 2058 negatione
461 1996 779 2059 complecteris,
801 2005 842 2041 et
875 2011 1062 2059 corpora
1088 1995 1310 2059 capitibus
1326 2002 1483 2040 trunca

102 2069 343 2133 componis.
378 2069 475 2114 Non
499 2066 746 2113 invidemus
770 2066 1087 2112 subtilitatibus
1118 2067 1234 2112 tuis:
1267 2066 1377 2130 quin
1396 2065 1485 2135 imo

102 2140 339 2187 christiana
363 2137 637 2185 humanitate
654 2138 924 2194 miseramur,
944 2137 1064 2201 quod
1089 2137 1272 2197 dignum
1290 2135 1487 2200 reperisti

103 2211 262 2257 exitum
284 2210 477 2270 dogmati
516 2220 609 2265 tuo,
638 2219 686 2254 ut
704 2206 927 2272 profectus
948 2226 970 2254 a
988 2207 1249 2254 criminibus
1268 2207 1485 2254 innocen-

105 2292 216 2336 tum,
232 2281 288 2326 ad
307 2279 494 2326 nihilum
515 2280 774 2342 pervenires.
795 2299 815 2321 ³>

170 2354 286 2398 AUG.
308 2350 375 2397 Ad
390 2350 579 2396 nihilum
593 2361 638 2396 tu
652 2349 800 2413 potius
811 2348 1062 2413 pervenisti,
1083 2347 1205 2412 quod
1224 2358 1263 2394 te
1273 2348 1333 2394 ita
1349 2347 1489 2393 delec-

106 2433 184 2478 tat,
200 2433 248 2468 ut
265 2422 366 2467 inde
383 2421 598 2476 recedere,
614 2421 680 2467 vel
701 2420 838 2466 redire
851 2420 999 2466 adhuc
1011 2420 1120 2466 nolis
1139 2438 1148 2465 ε
1170 2420 1246 2484 qui
1259 2436 1328 2465 me
1346 2432 1489 2483 prop-

106 2503 219 2539 terea
239 2493 349 2539 dicis
366 2491 411 2538 id
436 2490 558 2555 quod
590 2491 704 2538 nihil
726 2502 812 2552 est,
837 2490 988 2540 dixisse
1010 2493 1097 2539 esse
1114 2489 1298 2555 aliquid,
1319 2500 1368 2537 ut
1400 2499 1490 2535 tam

106 2563 294 2610 multum
322 2573 369 2609 tu
388 2562 554 2610 diceres
578 2561 705 2609 nihil.
