1863 3262
136 301 292 331 OPERIS
329 298 588 331 IMPERFECTI
623 298 798 329 CONTRA
835 299 1083 343 JULIANUM,
1123 304 1209 334 LIB.
1253 305 1324 336 111.
1400 288 1453 336 81

90 366 301 412 consistit.
330 364 422 411 Nisi
438 363 546 409 forte
572 363 658 409 hoc
681 365 824 427 ipsum
848 382 871 409 a
889 365 1014 410 vobis
1031 366 1155 413 labor
1178 369 1367 427 dicatur,
1395 370 1463 416 la-

92 437 246 482 borare
266 435 393 482 nolle.
421 435 590 481 Omitto
607 451 655 479 ea
669 450 768 497 quae
783 444 874 479 tam
893 434 1136 499 Scripturae
1151 450 1310 486 sanctae
1329 478 1339 495 ,
1358 458 1466 504 quas

93 508 353 571 Prophetae,
375 523 481 569 quas
500 505 808 564 Evangelistae,
830 522 937 568 quas
957 508 1153 569 Apostoli
1168 511 1464 570 protulerunt,

93 595 225 642 quam
245 577 534 641 disputatores
560 576 777 622 catholica
797 578 977 623 sanitate
994 577 1205 639 fulgentes
1221 617 1231 634 ,
1251 581 1438 628 Joannes
1454 620 1466 640 ,

93 648 295 703 Basilius,
319 647 593 702 Theodorus,
612 657 653 692 et
669 647 829 692 horum
857 648 1014 693 similes
1032 650 1469 710 commendaverunt,

96 718 235 764 multo
257 735 343 764 esse
359 722 568 779 majorem
591 717 785 764 laborem
812 719 1082 765 committere
1105 720 1286 766 crimina
1303 758 1314 778 ,
1341 739 1474 786 quam

99 806 263 836 cavere.
290 810 311 832 >2

167 862 279 907 Auo.
321 860 498 905 Utinam
522 860 681 905 horum
708 859 840 905 fidem
865 870 1026 906 teneres
1050 878 1060 906 ε
1088 872 1320 925 peceatum
1342 863 1478 924 origi-

100 931 197 977 nale
217 932 259 977 in
279 930 474 995 parvulis
498 948 585 976 non
609 948 798 992 negares.

167 1003 309 1049 CXII.
360 1003 458 1048 JUL.
495 1023 516 1044 c<
550 1003 731 1047 Interim
769 1001 889 1065 quod
934 1001 987 1047 ad
1028 1020 1219 1066 praesens
1260 1005 1483 1065 negotium

103 1083 298 1136 spectat,
322 1071 496 1118 inculco
520 1072 707 1118 liberum
730 1073 958 1118 arbitrium
984 1090 1063 1118 nec
1089 1074 1147 1119 ob
1178 1074 1298 1120 aliud
1329 1076 1482 1122 datum

108 1159 194 1188 esse
208 1180 220 1199 ,
236 1161 315 1189 nec
339 1142 521 1202 intelligi
543 1143 588 1188 in
604 1142 689 1188 alio
703 1159 825 1205 posse
843 1180 853 1198 ,
877 1160 1007 1206 quam
1023 1153 1070 1188 ut
1085 1161 1164 1189 nec
1179 1144 1230 1189 ad
1245 1146 1482 1204 justitiam,

109 1230 189 1259 nec
214 1213 267 1258 ad
290 1213 563 1276 iniquitatem
579 1250 590 1268 ,
613 1213 786 1276 captiva
808 1212 964 1276 aliquis
983 1213 1205 1260 voluntate
1229 1216 1440 1278 rapiatur.
1470 1241 1488 1259 »

175 1284 293 1329 AUG.
319 1283 407 1338 Qui
425 1300 503 1345 per
527 1282 662 1341 legem
683 1318 694 1337 ,
722 1299 854 1344 quam
879 1281 997 1327 videt
1019 1283 1065 1327 in
1086 1284 1290 1330 membris
1310 1287 1396 1332 suis
1419 1305 1490 1334 re-

110 1363 380 1416 pugnantem
411 1352 493 1411 legi
524 1351 681 1397 mentis
708 1368 798 1397 suae
823 1362 865 1397 et
892 1353 1189 1415 captivantem
1217 1372 1259 1400 se
1285 1357 1368 1402 sub
1400 1358 1491 1419 lege

111 1421 505 1486 peccati,clamat:
536 1423 669 1467 «Non
688 1422 807 1485 quod
830 1422 929 1468 volo
950 1421 1063 1469 facio
1074 1423 1261 1482 bouum,
1286 1427 1358 1473 sed
1371 1429 1494 1492 quod

113 1493 220 1539 »odi
243 1493 409 1539 malum
439 1493 526 1539 hoc
552 1492 661 1552 ago1
685 1512 696 1546 ;
721 1514 741 1534 »
763 1492 893 1538 debes
910 1494 1060 1556 utique
1083 1494 1243 1551 dicere,
1270 1499 1495 1560 quomodo

110 1580 198 1609 non
232 1563 429 1627 rapiatur
452 1562 506 1608 ad
527 1563 690 1608 malum
716 1563 940 1609 voluntate
974 1567 1165 1627 captiva.
1198 1567 1256 1612 Ut
1281 1570 1397 1615 enim
1425 1587 1494 1616 se—

113 1633 310 1680 cundum
336 1651 412 1680 vos
436 1633 610 1679 interim
642 1633 801 1696 loquar
819 1671 830 1690 ,
857 1634 891 1680 si
917 1635 999 1680 sub
1024 1635 1136 1681 mala
1156 1636 1234 1682 iste
1259 1651 1493 1687 consuetu-

113 1704 214 1750 dine
237 1704 370 1765 gemit
388 1743 398 1762 ,
433 1704 631 1750 nondum
656 1742 668 1761 ,
704 1705 817 1751 sicut
852 1705 998 1751 dicitis
1019 1742 1032 1763 ,
1053 1707 1135 1752 sub
1171 1707 1335 1755 Christi
1356 1713 1495 1771 gratia

113 1777 390 1832 constitutus,
417 1776 554 1821 habet
579 1776 674 1832 iste,
703 1793 758 1821 an
779 1793 868 1822 non
891 1776 1026 1822 habet
1047 1777 1234 1824 liberum
1258 1781 1496 1829 voluntatis

114 1847 367 1893 arbitrium?
399 1846 445 1892 Si
463 1847 600 1893 habet
617 1885 628 1902 ,
651 1864 784 1911 quare
808 1865 896 1894 non
916 1848 1021 1894 facit
1045 1849 1213 1895 bonum
1237 1853 1358 1914 quod
1379 1854 1491 1912 vult,

113 1917 186 1963 sed
208 1918 369 1963 malum
393 1917 513 1980 quod
539 1918 632 1963 odit
657 1919 774 1978 agit?
806 1919 851 1964 Si
875 1929 1018 1964 autem
1041 1931 1271 1982 propterea
1298 1941 1386 1968 non
1414 1925 1499 1970 ha-

113 1988 207 2044 bet,
236 1989 338 2050 quia
362 1989 444 2032 sub
466 1988 602 2047 gratia
623 1989 789 2033 Christi
814 1989 1013 2034 nondum
1033 2000 1095 2034 est
1111 2007 1122 2045 ;
1141 2007 1241 2036 ecce
1267 1993 1385 2054 quod
1402 2000 1494 2054 jam

115 2058 220 2115 dixi,
246 2059 404 2104 iterum
429 2057 548 2113 dico,
570 2069 612 2103 et
631 2059 756 2104 vobis
775 2059 900 2104 video
923 2076 1038 2122 saepe
1059 2059 1295 2107 dicendum
1320 2081 1330 2108 :
1357 2065 1495 2111 Nemo

113 2129 196 2175 nisi
220 2146 299 2192 per
322 2128 504 2188 gratiam
532 2128 697 2174 Christi
724 2129 778 2174 ad
800 2129 965 2174 bonum
985 2129 1104 2192 quod
1129 2131 1225 2177 vult
1245 2134 1460 2193 agendum
1480 2175 1492 2193 ,

114 2210 154 2246 et
181 2199 234 2244 ad
268 2198 433 2243 malum
469 2198 589 2261 quod
622 2198 716 2244 odit
749 2217 838 2245 non
874 2200 1115 2260 agendum,
1155 2213 1297 2260 potest
1332 2204 1497 2254 habere

114 2269 302 2315 liberum
332 2268 569 2314 voluntatis
600 2269 864 2315 arbitrium:
894 2287 981 2315 non
1017 2280 1066 2315 ut
1089 2270 1288 2319 voluntas
1320 2278 1411 2336 ers
1440 2277 1494 2323 ad

114 2340 279 2385 bonum
307 2340 419 2384 sicut
438 2339 488 2384 ad
514 2339 678 2385 malum
704 2341 878 2403 captiva
901 2340 1121 2403 rapiatur3
1145 2342 1218 2388 sed
1243 2354 1329 2396 uta
1356 2349 1495 2410 capti-

115 2411 248 2456 vitate
281 2409 462 2455 liberata
487 2447 497 2466 ,
536 2409 589 2454 ad
614 2410 892 2456 liberatorem
924 2428 1052 2456 suum
1083 2411 1253 2459 liberali
1285 2417 1496 2466 suavitate

118 2481 292 2535 amoris,
314 2496 403 2524 non
429 2479 570 2526 servili
590 2481 877 2528 amaritudine
910 2482 1074 2527 timoris
1098 2483 1358 2533 attrahatur.

182 2550 347 2597 CXIII.
378 2553 476 2597 JUL.
509 2571 529 2592 «
549 2550 659 2596 Sunt
681 2551 861 2614 quidem
888 2551 1036 2601 dulcia
1066 2551 1348 2604 incitamenta
1364 2557 1498 2605 vitio-

167 2635 178 2657 Χ
197 2637 292 2667 Rom.
312 2645 376 2671 vu,
399 2645 452 2675 19.

250 2703 390 2734 (ἵκων.
1342 2698 1369 2741 6
