1824 3236
201 239 356 272 OPERIS
391 238 651 271 IMPERFECTI
687 237 862 269 CONTRA
901 237 1145 280 JULIANUM,
1185 239 1271 270 Lm.
1315 240 1356 270 V.
1431 226 1522 286 327

155 305 431 353 ambifariam
455 316 581 352 natus
606 303 822 360 includit,
850 314 898 349 ut
923 305 976 349 ab
999 315 1183 368 utroque
1211 305 1466 369 incipientes
1483 322 1530 350 cx

156 378 369 434 humero,
407 376 537 422 finem
562 375 724 421 habere
755 373 1049 439 intelligantur
1083 376 1127 421 in
1160 376 1315 422 medio.
1356 376 1531 422 Admit-

157 459 308 494 tantur
331 449 412 493 ista
437 446 631 493 ludibria
651 483 663 502 ,
699 456 741 492 et
763 445 859 509 quis
889 446 970 490 erit
993 445 1207 492 delirandi
1235 447 1356 493 finis?
1387 447 1536 492 Potuit

159 538 259 582 ergo
280 520 419 567 facere
436 524 554 567 Deus
572 557 583 577 ,
612 530 660 566 ut
687 519 740 565 de
775 529 883 565 terra
904 535 1003 564 cuni
1026 519 1208 565 floribus
1231 520 1428 566 homines
1446 536 1537 579 ger-

161 592 377 638 minarent
396 608 407 637 :
442 601 659 655 quantum
689 589 745 637 ad
762 589 968 637 virtutem
990 626 1001 646 ‚
1030 590 1220 653 potuisse
1246 608 1333 636 non
1355 591 1502 636 abnuo
1524 610 1536 644 ;

163 662 237 709 sed
260 662 402 709 noluit
417 663 500 709 nisi
518 673 568 710 ut
588 663 642 709 de
660 662 828 708 sexibus
844 672 1135 708 nascerentur.
1164 663 1291 707 Nunc
1306 679 1404 720 ergo
1422 678 1542 726 quae-

163 733 275 779 ritur
313 733 423 797 quid
451 732 626 788 fecerit,
650 751 736 780 non
767 732 875 797 quid
908 732 1115 796 potuerit.
1154 733 1206 777 In
1230 749 1318 795 quo
1351 733 1450 778 loco
1470 732 1544 778 fu·-

164 803 277 850 riosa
296 804 519 868 responsio
534 816 620 861 est,
644 815 693 850 ut
716 804 889 851 dicatur
903 841 913 859 ,
931 802 1092 849 malum
1110 813 1171 848 est
1190 802 1310 866 quod
1334 814 1417 858 est,
1444 802 1547 866 quia

166 875 316 939 potuit
339 875 456 921 Deus
480 875 605 922 aliter
621 875 788 930 facere;
811 875 900 921 boc
923 886 986 920 est
1005 875 1119 920 enim
1143 873 1323 920 laudare
1344 875 1483 919 Deum
1502 874 1548 919 in

167 946 540 1008 vituperationem
568 947 651 1004 sui,
676 958 717 993 et
733 947 778 992 in
801 946 1016 993 maculam
1039 945 1206 992 consilii
1225 949 1315 1005 ejus
1343 945 1549 1008 omnipo-

170 1017 350 1062 tentiam
372 1016 631 1081 praedicare.
665 1019 762 1064 Non
789 1017 930 1063 solum
963 1015 1084 1062 nulla
1120 1014 1341 1070 laudatio,
1380 1032 1552 1061 verum-

170 1086 301 1132 etiam
318 1086 469 1148 ingens
485 1088 749 1135 contumelia
767 1099 854 1143 est,
883 1087 985 1133 dare
1004 1087 1174 1132 viribus
1190 1086 1309 1150 quod
1329 1085 1554 1149 sapientiae

173 1155 408 1203 detraxeris
427 1195 439 1215 ,
465 1169 507 1205 et
529 1158 672 1205 dicere
700 1157 884 1204 adfuisse
904 1159 996 1204 Deo
1021 1156 1322 1203 fortitudinem
1338 1194 1348 1213 ,
1379 1155 1451 1201 sed
1475 1156 1554 1202 de-

173 1227 302 1274 fuisse
339 1228 584 1276 consilium.
627 1228 842 1289 Pertingit
876 1228 1052 1273 omnino
1085 1227 1141 1273 ad
1177 1227 1449 1286 negationem
1473 1244 1558 1289 po-

175 1298 349 1355 tentiae,
385 1299 665 1363 reprehensio
697 1298 1014 1344 consulentiae:
1044 1315 1131 1343 non
1168 1297 1312 1342 onmia
1336 1306 1502 1359 potest,
1524 1296 1559 1342 si

176 1368 377 1416 ordinare
404 1369 517 1415 bene
546 1387 636 1416 non
659 1380 817 1433 potest.
850 1369 944 1413 Imo
971 1369 1005 1413 si
1037 1367 1261 1432 sapientiae
1295 1366 1562 1412 sublimitate

178 1440 383 1486 deficitur
400 1477 413 1497 ,
439 1439 552 1488 nihil
582 1440 636 1486 de
660 1440 897 1486 reverentia
923 1439 1162 1485 divinitatis
1198 1448 1409 1484 retentat:
1440 1436 1561 1500 quod

178 1512 281 1576 quia
304 1510 514 1576 suspicari
529 1510 886 1576 profanissimum
907 1521 985 1566 est,
1012 1510 1196 1556 recurrit
1214 1509 1342 1565 illud,
1365 1526 1454 1572 quo
1475 1520 1561 1555 tra-

181 1581 268 1629 dux
290 1592 429 1629 vestra
449 1582 689 1643 jugulatur.
719 1584 834 1628 Deus
861 1582 939 1646 qui
959 1581 1063 1627 fecit
1089 1581 1235 1626 omnia
1267 1580 1386 1625 bona
1404 1579 1532 1626 valde
1550 1617 1560 1631 ,

181 1652 297 1698 nihil
322 1652 382 1698 ita
400 1652 612 1711 instituit,
636 1663 686 1698 ut
705 1653 751 1698 in
779 1653 855 1698 illo
881 1669 1032 1713 genere
1058 1668 1148 1715 quo
1172 1651 1337 1696 factum
1359 1660 1446 1706 est,
1472 1649 1563 1696 fieri

182 1723 374 1788 potuisse
384 1735 460 1770 aut
477 1725 642 1788 aptius,
657 1735 731 1770 aut
745 1723 1066 1778 rationabilius,
1089 1721 1567 1787 approbetu1·.Sapien-

185 1795 245 1840 tia
275 1795 442 1860 quippe
467 1806 510 1841 et
530 1796 850 1859 omnipotentia
878 1813 925 1842 ex
943 1812 1070 1859 aequo
1094 1793 1310 1858 praeditus
1329 1810 1418 1839 non
1441 1792 1569 1838 insti-

184 1876 349 1923 meret,
365 1866 485 1930 quod
505 1867 803 1913 homunculus
823 1877 966 1929 posset
979 1869 1078 1925 jure
1092 1863 1567 1928 reprehendereQuae-

188 1953 378 2000 cumque
421 1954 522 1998 ergo
567 1937 612 1983 in
652 1938 858 1984 omnibus
908 1937 1086 1982 omnino
1124 1935 1330 1981 creaturis
1358 1933 1574 1980 naturalia

189 2007 422 2065 docentur,
439 2009 674 2054 itasumme
698 2008 810 2055 facta
838 2018 956 2064 sunt,
977 2018 1024 2053 ut
1049 2008 1246 2053 affectata
1269 2007 1312 2052 in
1338 2006 1407 2051 his
1432 2022 1575 2051 emen-

191 2078 309 2128 datio
328 2116 339 2136 ,
366 2079 499 2125 stulta
531 2090 573 2125 et
595 2079 780 2143 profana
800 2079 1022 2125 doceatur.
1055 2080 1114 2124 [t
1136 2095 1236 2137 ergo
1267 2077 1404 2122 forma
1436 2076 1539 2139 equi
1559 2112 1569 2130 ‚

190 2149 330 2196 forma
353 2149 480 2196 bovis
500 2149 668 2196 habent
692 2150 869 2214 quidem
904 2150 949 2195 in
973 2159 1124 2194 mutua
1147 2147 1380 2194 collatione
1408 2146 1578 2191 distan-

192 2220 299 2266 tiam
315 2257 326 2274 ‚
346 2220 392 2266 in
414 2220 500 2266 suis
522 2231 665 2267 tamen
695 2220 926 2281 generibus
947 2231 1098 2283 aptam
1123 2236 1170 2264 cx
1191 2218 1309 2264 omni
1332 2227 1455 2280 parte
1475 2233 1578 2262 con-

194 2291 428 2337 cinentiam
446 2291 507 2337 ita
532 2292 696 2338 sortitae
713 2302 893 2348 sunt,ut
923 2309 1002 2337 nec
1027 2290 1257 2345 debuerit,
1281 2306 1362 2335 nec
1387 2288 1580 2352 potuerit

198 2372 273 2408 aut
288 2379 425 2426 equus
439 2372 515 2408 aut
534 2363 632 2419 bos,
655 2380 776 2409 secus
795 2380 929 2427 quam
945 2361 1158 2408 formatus
1171 2360 1363 2416 videtur,
1382 2359 1579 2405 institui:

204 2433 326 2498 (qua
343 2433 490 2494 regula
514 2432 617 2480 licet
639 2434 785 2480 omnia
804 2434 999 2480 natantia
1017 2471 1028 2490 ,
1061 2432 1254 2497 repentia
1271 2469 1282 2489 ,
1305 2429 1545 2491 gradientia
1568 2467 1578 2486 ‚

200 2504 453 2561 volitantia,
491 2515 712 2568 postremo
749 2505 937 2552 aetherea
972 2504 1251 2568 coelestiaque
1293 2518 1545 2566 percurrere
1569 2520 1580 2553 3

202 2575 365 2623 nullius
397 2575 538 2622 forma
572 2575 741 2640 quippe
768 2575 920 2623 melius
938 2613 949 2634 ,
980 2592 1115 2640 quam
1144 2574 1210 2621 illi
1241 2573 1313 2620 cui
1342 2572 1583 2636 parabatur
