1824 3236
169 287 324 319 opums
360 285 622 318 IMPERFEGTI
658 285 834 318 CONTRA
868 289 1112 332 summum,
1155 292 1242 322 mn.
1286 294 1325 322 v.
1399 277 1492 325 305

117 351 308 416 pondere
326 350 486 398 seratur
511 350 606 414 ipsa
626 361 809 408 natura,
834 370 964 416 quam
985 356 1148 415 negatis
1166 374 1251 403 esse
1276 358 1487 406 vitiatam.

183 425 334 488 Neque
366 421 606 469 secundum
635 421 920 469 christianam
938 426 1135 485 cogitatis
1164 428 1295 473 fidem
1315 467 1324 485 ,
1356 429 1495 493 qualis

117 494 171 540 sit
186 494 327 541 factus
347 492 490 540 Adam
504 529 516 549 ‚
537 492 612 556 qui
631 493 839 539 universis
861 496 1090 554 generibus
1110 499 1350 545 animarum
1371 502 1496 546 viva-

115 581 215 611 rum
234 563 409 611 nomina
437 563 678 627 imposuit1
704 581 715 609 :
741 564 864 628 quod
886 566 1250 616 excellentissima:
1276 570 1403 616 fuisse
1433 572 1498 617 in-

115 635 280 682 dicium
304 635 550 698 sapientiae,
578 635 624 681 in
654 636 940 682 saecularibus
967 638 1098 684 etiam
1120 639 1272 686 litteris
1296 641 1492 702 legimus.

115 708 228 755 Nam
243 707 336 770 ipse
350 706 641 770 Pythagoram,
663 724 686 752 a
705 723 793 770 quo
807 707 1112 772 Philosophiae
1129 728 1285 757 nomen
1300 724 1495 760 exortum

113 788 198 835 est,
230 777 381 824 dixisse
405 776 558 832 fertur,
581 777 706 824 illum
725 778 854 825 fuisse
879 780 1076 827 omnium
1094 783 1459 847 sapientissimum
1480 824 1491 843 ,

113 848 191 911 qui
210 848 428 895 vocabula
451 848 620 912 primus
641 847 805 894 indidit
824 849 966 896 rebus.
998 851 1160 897 Verum
1184 854 1260 898 etsi
1285 854 1397 900 nihil
1418 855 1500 901 tale

113 918 168 965 de
187 919 328 966 Adam
349 919 651 965 didicissemus
670 957 681 976 ‚
706 930 904 966 nostrum
923 931 1015 967 erat
1038 922 1188 986 utique
1209 941 1308 969 vera
1328 925 1498 972 ratione

112 990 328 1050 conjicere
341 1027 353 1047 ‚
380 989 521 1053 qualis
538 989 582 1035 in
600 989 676 1036 illo
695 989 872 1038 homine
885 1003 1041 1038 natura
1057 993 1111 1039 sit
1130 995 1306 1041 condita
1320 1034 1331 1053 ,
1347 996 1392 1042 in
1411 1015 1498 1061 quo

110 1061 266 1109 vitium
291 1062 471 1108 omnino
495 1061 667 1108 nullum
692 1062 788 1110 fuit.
823 1063 936 1124 Quis
965 1075 1110 1111 autem
1145 1083 1282 1130 usque
1304 1068 1411 1114 adeo
1445 1070 1498 1115 sit

110 1133 262 1197 tardus
292 1134 464 1194 ingenio
484 1171 495 1191 ‚
517 1143 566 1180 ut
595 1133 651 1179 ad
681 1145 886 1180 naturam
918 1147 1043 1196 neget
1069 1137 1257 1184 obtunsa
1283 1140 1350 1186 vel
1371 1152 1500 1187 acuta

109 1204 282 1265 ingenia
307 1204 522 1268 pertinere
541 1241 552 1260 ‚
579 1214 654 1250 aut
676 1206 884 1251 existimet
907 1224 996 1251 non
1022 1224 1107 1253 esse
1132 1209 1266 1255 animi
1299 1211 1402 1257 vitia
1432 1212 1502 1258 vel

110 1275 332 1322 memoriae
367 1275 435 1323 vel
463 1274 760 1334 intelligentiae
797 1276 1078 1323 tarditatem?
1103 1279 1158 1323 Et
1194 1280 1291 1342 quis
1327 1281 1500 1328 dubitet

111 1347 387 1394 Christianus
400 1375 414 1403 »,
436 1362 507 1392 eos
526 1346 603 1409 qui
620 1347 667 1391 in
683 1346 771 1392 hoc
789 1347 950 1393 saeculo
965 1349 1184 1395 erroribus
1206 1353 1500 1417 aerumnisque

108 1417 384 1482 plenissimo,
406 1415 737 1476 ingeniosissimi
753 1429 966 1481 apparent
984 1456 995 1473 ,
1015 1436 1206 1483 quorum
1231 1432 1376 1469 tamen
1397 1441 1499 1470 cor-

108 1488 338 1553 ruptibilia
372 1504 560 1551 corpora
594 1498 829 1547 aggravant
864 1489 1056 1546 animas,
1097 1491 1131 1536 si
1167 1491 1283 1537 illius
1320 1494 1496 1554 ingenio

108 1570 437 1624 comparentur,
455 1558 614 1605 distare
630 1558 759 1618 longe
783 1560 970 1622 amplius
991 1577 1123 1623 quam
1141 1562 1358 1610 celeritate
1377 1583 1399 1610 a
1416 1583 1497 1611 vo-

106 1629 306 1678 lucribus
328 1629 561 1677 testudines
580 1627 775 1675 distant?
800 1630 988 1690 Ingeniis
1004 1648 1106 1691 ergo
1131 1643 1220 1677 tam
1245 1634 1494 1682 excellenti-

106 1702 192 1749 bus
225 1701 417 1765 paradisi
451 1699 634 1746 felicitas
672 1699 956 1762 impleretur,
1005 1701 1039 1747 si
1071 1695 1198 1748 nemo
1238 1717 1492 1767 peccasset:

106 1772 212 1819 tales
223 1772 391 1836 quippe
405 1771 520 1816 Deus
541 1768 594 1814 de
614 1769 871 1832 parentibus
887 1770 1030 1817 fuerat
1046 1783 1273 1819 creaturus
1287 1812 1298 1829 ‚
1320 1776 1495 1839 qualem

105 1844 232 1891 illum
270 1843 361 1890 sine
400 1840 659 1905 parentibus
692 1853 937 1897 creaverat,
977 1844 1128 1907 utique
1167 1844 1222 1890 ad
1262 1845 1494 1906 imaginem

105 1933 243 1963 suam.
268 1912 478 1960 Nondum
493 1911 609 1956 enim
630 1910 765 1955 homo
787 1912 968 1956 vanitati
983 1913 1134 1958 similis
1152 1914 1292 1960 faetus
1312 1927 1425 1973 erat,
1445 1929 1494 1963 ut

106 1985 196 2032 dies
218 1988 311 2046 ejus
332 1985 446 2030 sicut
471 1981 630 2028 umbra
653 1980 699 2025 in
717 1980 805 2027 hoc
822 1982 982 2028 saeculo
1012 2000 1257 2030 aerumnoso
1285 1989 1489 2049 praeteri-

105 2057 248 2104 rent2.
273 2054 408 2112 Quod
426 2053 460 2099 si
480 2053 542 2099 ita
562 2062 692 2106 esset,
715 2054 934 2116 numquid
958 2054 1038 2100 ista
1059 2065 1132 2101 tua
1148 2057 1324 2119 querela
1346 2058 1486 2105 ullum

103 2128 287 2174 haberet
322 2125 501 2171 locum?
539 2121 768 2185 Numquid
801 2124 1009 2170 assecutio
1041 2126 1233 2173 scientiae
1267 2126 1486 2176 laboriosa

104 2209 233 2254 esset,
271 2207 321 2243 ut
350 2195 455 2255 fuga
491 2192 654 2238 laboris
694 2193 887 2256 imperiti
924 2213 1010 2242 esse
1042 2196 1240 2244 homines
1274 2199 1484 2247 mallent?

105 2267 334 2330 Numquid
368 2267 461 2329 ipsa
502 2262 787 2321 fortitudine,
827 2282 958 2328 quam
997 2284 1148 2313 verum
1188 2268 1297 2314 dicis
1332 2270 1401 2315 vix
1435 2271 1483 2316 in

103 2336 377 2404 paucissimis
403 2333 611 2387 inveniri,
644 2350 756 2397 opus
793 2335 1054 2382 haberemus
1073 2373 1084 2392 ‚
1119 2337 1197 2383 ubi
1227 2337 1346 2385 nulla
1376 2353 1480 2387 esset

104 2425 301 2456 aerumna
322 2422 455 2470 quam
475 2403 729 2450 deberemus
749 2421 831 2467 pro
852 2406 1031 2452 veritate
1056 2405 1223 2454 fortiter
1242 2410 1478 2457 sustinere.)

105 2482 220 2526 Cum
238 2495 339 2538 ergo
358 2477 438 2522 ista
476 2476 521 2520 in
549 2475 814 2521 contrarium
840 2494 959 2523 versa
986 2479 1069 2523 sint
1098 2479 1266 2535 onmia,
1305 2480 1360 2526 ad
1392 2482 1479 2529 hoc

103 2560 304 2597 naturam
332 2558 520 2594 nostram
551 2564 678 2606 negas
701 2564 786 2593 csse
805 2548 1024 2607 vitiatam,
1049 2560 1116 2607 ut,
1148 2561 1186 2597 te
1213 2551 1446 2612 adiuvante
1465 2592 1476 2612 ‚

151 2636 264 2666 ¹Cen.
285 2643 327 2674 ιι,
352 2643 463 2673 19,—
478 2629 588 2664 2Psal.
609 2642 723 2674 cmm,
743 2638 776 2668 4.

232 2702 370 2734 cxmv.
1296 2706 1353 2736 20
