1863 3262
357 286 419 343 84
768 294 802 326 s.
846 294 1090 326 AUGUs'rINI
1126 293 1329 325 EPISCOPI

356 367 473 413 latur
489 364 541 410 ad
557 360 809 408 habendam
823 360 1136 416 obedientiam,
1151 371 1200 405 ut
1218 360 1271 405 sit
1290 358 1406 405 unde
1425 357 1553 404 etiam
1570 355 1739 405 veniam

361 436 582 495 largiatur.

427 506 608 551 CXVII.
634 505 734 550 JUL.
762 523 782 543 c<
811 502 892 547 Sed
911 519 1062 565 quaero
1082 518 1179 546 eum
1196 502 1357 565 quibus
1382 500 1527 565 poetis
1550 501 1594 545 in
1612 500 1741 546 talem

363 576 598 625 incurreris
616 575 940 637 Hippocrenen]
953 609 962 627 ‚
979 581 1026 616 ut
1039 571 1326 617 bimembrem
1342 572 1523 617 bestiam
1542 571 1738 630 fingeres,

359 667 449 695 non
467 647 645 711 quidem
656 643 960 698 carminando,
976 642 1048 687 sed
1065 642 1430 706 blasphemando,
1446 646 1570 702 cujus
1583 658 1743 705 corpus

360 720 414 766 de
435 718 548 764 mala
567 716 816 762 necessitate
839 714 1068 769 formares,
1093 724 1133 759 et
1155 713 1289 760 solam
1318 714 1472 759 faciem
1491 713 1666 759 nomine
1688 712 1745 757 li-

360 789 540 835 bertatis
555 785 809 832 obduceres.

430 861 545 905 Aac„
576 856 726 916 Pingis
767 855 846 900 tibi
880 854 972 917 ipse
999 853 1119 917 quod
1151 853 1327 917 placet,
1364 853 1436 900 cui
1469 863 1596 900 vacat
1625 851 1746 898 inani

363 929 494 976 corde
516 928 664 975 inania
695 927 893 974 volutare
917 927 1240 989 phantasmata.
1272 930 1363 971 Cur
1388 925 1503 971 enim
1534 934 1581 970 tu
1603 923 1747 969 admi-

364 1000 513 1048 nicula
547 999 696 1059 gratiae
722 997 936 1062 supponis
969 997 1098 1043 bonae
1123 997 1369 1054 voluntati,
1408 1012 1509 1042 cum
1547 995 1749 1042 voluntas

367 1072 483 1118 mala
518 1070 641 1116 nullo
680 1070 894 1115 innitatur
919 1068 1187 1114 adminiculo
1221 1079 1270 1113 ut
1297 1068 1411 1114 mala
1434 1068 1517 1124 sit,
1540 1067 1607 1112 vel
1636 1065 1750 1110 mala

365 1160 453 1189 esse
472 1142 700 1205 persistat?
730 1142 795 1186 An
813 1140 888 1185 hic
903 1139 1017 1184 libra
1043 1150 1111 1185 tua
1128 1177 1138 1196 ‚
1161 1157 1291 1202 quam
1313 1139 1480 1184 conaris
1497 1156 1544 1183 ex
1564 1148 1751 1199 utraque

365 1223 491 1277 parte
526 1229 603 1275 per
641 1210 830 1274 aequalia
867 1221 1088 1255 momenta
1128 1209 1388 1273 suspendere
1406 1246 1416 1266 ,
1460 1218 1509 1254 ut
1548 1207 1752 1253 voluntas

369 1292 583 1346 quantum
604 1291 666 1326 est
691 1280 744 1325 ad
772 1279 958 1336 malum,
988 1291 1157 1325 tantum
1177 1281 1304 1325 etiam
1335 1280 1389 1325 sit
1411 1279 1466 1325 ad
1501 1280 1669 1324 bonum
1694 1277 1752 1322 li-

371 1354 476 1400 bera
494 1390 504 1407 ,
524 1351 743 1409 vergendo
768 1351 813 1396 in
834 1368 965 1396 unam
986 1362 1154 1414 partem
1180 1362 1221 1397 te
1243 1351 1412 1397 indicat
1429 1350 1720 1395 delirantem?

436 1422 642 1469 CXVIII.
685 1422 786 1467 JUL.
827 1442 847 1461 α
866 1421 938 1466 Sic
967 1421 1081 1466 enim
1107 1431 1148 1466 et
1174 1421 1250 1466 illo
1277 1438 1406 1484 opere
1423 1419 1545 1483 quod
1566 1422 1754 1465 Romam

367 1492 545 1548 misisti,
573 1491 797 1554 disputas:
819 1512 839 1532 >2
865 1490 1074 1537 Voluntas
1098 1508 1199 1554 quae
1230 1491 1367 1537 libera
1398 1491 1444 1537 in
1470 1490 1594 1536 malis
1631 1488 1721 1536 est1
1738 1527 1750 1547 ,

367 1565 506 1611 libera
528 1562 573 1608 in
598 1561 725 1607 bonis
744 1578 831 1606 non
849 1571 925 1607 est.

440 1637 560 1681 AUG.
591 1637 683 1679 Cur
709 1650 797 1678 non
831 1631 954 1678 addis
980 1633 1100 1696 quod
1132 1633 1196 1678 ibi
1224 1632 1377 1693 legisti,
1401 1633 1435 1679 si
1452 1632 1637 1678 liberata
1665 1648 1752 1678 non

370 1708 465 1751 est?
492 1714 567 1749 aut
592 1703 699 1766 quid
729 1714 792 1748 est
819 1703 937 1766 quod
978 1705 1038 1748 ait
1070 1704 1310 1760 Dominus,
1339 1721 1441 1750 eum
1463 1704 1516 1750 de
1537 1703 1757 1749 fructibus

368 1775 605 1840 palmitum
623 1811 633 1829 ‚
661 1774 747 1818 hoe
769 1783 855 1830 est,
880 1773 933 1818 de
961 1773 1090 1819 bonis
1118 1775 1288 1819 actibus
1316 1773 1588 1838 loqueretur,
1613 1795 1633 1815 c<
1656 1773 1757 1819 Sine

376 1864 479 1892 »me
493 1844 606 1891 nihil
620 1844 798 1907 potestis
816 1843 1010 1897 faeere‘23
1032 1866 1050 1886 ›>
1068 1845 1147 1890 nisi
1163 1845 1265 1907 quia
1284 1863 1410 1891 nemo
1432 1845 1484 1890 ad
1508 1845 1618 1890 bene
1633 1862 1758 1905 agen-

375 1918 502 1971 dum,
520 1932 650 1978 quem
675 1932 761 1960 non
786 1915 877 1977 ipse
902 1914 1078 1971 liberat,
1101 1915 1213 1960 liber
1238 1919 1333 1960 cst?

445 1986 604 2033 CXlX.
630 1989 732 2030 JUL.
758 2005 775 2025 α
794 1985 848 2028 Et
876 1984 950 2029 hic
980 1984 1328 2030 Coelestianumss
1354 1985 1462 2030 dieis
1484 2022 1494 2041 ‚
1528 1985 1603 2049 qui
1631 1995 1760 2049 putat

375 2058 564 2104 liberum
592 2074 678 2101 esse
699 2072 964 2119 quemquam
1000 2055 1053 2100 ad
1092 2056 1308 2115 agendum
1346 2057 1536 2112 bonum3
1570 2057 1758 2102 liberum

378 2145 478 2188 ergo
502 2127 629 2181 dicis,
654 2125 773 2188 quod
799 2125 879 2170 nisi
904 2125 1068 2169 malum
1096 2125 1235 2170 faeere
1259 2143 1346 2170 non
1370 2142 1493 2188 posse
1512 2126 1752 2173 contendis.

379 2198 547 2253 Inveni,
573 2196 606 2241 si
630 2207 773 2259 potes,
805 2195 983 2240 alteram
1007 2195 1306 2240 definitionem
1331 2196 1390 2240 rei
1406 2212 1494 2240 non
1516 2195 1666 2242 liberae
1685 2235 1696 2252 ‚
1719 2207 1759 2242 et

379 2271 467 2316 hoc
486 2268 672 2313 liberum
699 2266 935 2312 vindicato.
966 2267 1010 2310 Si
1031 2265 1136 2311 adeo
1155 2284 1279 2311 sensu
1305 2266 1542 2322 excideras,
1568 2278 1615 2312 ut
1645 2267 1759 2313 defi--

379 2341 591 2386 nitionem
616 2337 743 2383 liberi
769 2337 813 2382 in
845 2354 921 2382 suo
948 2354 1130 2400 corpore
1157 2354 1245 2382 non
1266 2337 1459 2393 videres3
1484 2338 1551 2383 vel
1576 2338 1629 2384 de
1651 2356 1760 2384 con-

382 2410 513 2456 trario
546 2412 635 2468 ejus
661 2425 749 2453 non
780 2407 969 2452 debuisti
999 2407 1235 2466 intelligere
1254 2445 1264 2463 ‚
1294 2424 1393 2471 quae
1420 2419 1525 2453 esset
1548 2408 1761 2454 libertatis

377 2480 591 2528 essentia?
616 2480 645 2522 F
650 2496 700 2524 ac
730 2479 847 2524 enim
871 2489 913 2523 te
934 2478 1130 2524 similiter
1156 2479 1373 2539 ambigere
1400 2479 1592 2542 potuisse
1611 2517 1622 2537 ,
1651 2479 1761 2543 quid

422 2586 431 2606 ¹
453 2582 525 2615 Lib.
551 2592 580 2612 1.
607 2579 647 2612 de
673 2579 794 2613 duabus
815 2579 904 2624 epist.
927 2577 1032 2624 Pelag.
1063 2592 1132 2625 cap.
1161 2592 1195 2616 2.
1211 2594 1255 2606 ‘—
1284 2579 1300 2603 ²
1323 2583 1420 2615 Joan.
1444 2591 1497 2621 xv,
1525 2581 1556 2615 5.
1582 2596 1626 2606 -
1643 2577 1658 2604 3
1677 2580 1762 2613 Vide

373 2649 469 2684 supra
485 2649 519 2671 n.
543 2647 619 2670 101.
