1863 3262
334 240 427 296 224
747 252 781 282 s.
827 252 1069 284 Aucusrtm
1104 250 1308 283 Episcorr

330 319 505 385 quando
521 317 558 364 ei
579 316 802 373 resistitur,
823 316 894 362 sed
910 316 1084 380 quando
1102 317 1345 381 perficitur,
1369 314 1413 362 id
1432 328 1511 374 est,
1528 319 1706 382 quando

331 390 528 454 pervenit
549 406 637 452 quo
654 388 854 451 impellit.
892 387 1016 433 Unde
1035 399 1076 433 et
1099 388 1319 451 apostolus
1344 388 1506 434 Paulus
1528 406 1538 434 2
1565 412 1583 429 «
1610 391 1709 453 Spi-

333 481 354 503 »
372 462 483 516 ritu,
509 459 677 522 inquit,
703 458 943 514 ambulate,
966 471 1007 504 et
1030 459 1240 504 desideria
1259 458 1401 504 carnis
1428 477 1483 505 ne
1511 460 1708 522 perfece-

336 553 356 573 ,)
377 529 513 576 ritis1.
544 551 564 570 n
590 530 689 574 Non
708 529 791 584 ait,
831 546 883 573 ne
916 529 1157 574 habueritis
1183 547 1193 573 ε
1224 540 1402 575 noverat
1433 530 1599 593 quippe
1623 530 1710 576 hoc

332 618 492 646 munus
518 599 713 645 futurum
738 598 915 662 quidem
947 617 1032 644 esse
1072 600 1197 645 nobis
1218 636 1229 655 ,
1266 599 1338 645 sed
1363 600 1464 645 vitae
1501 618 1588 645 non
1627 618 1713 646 esse

334 670 572 735 praesentis,
610 671 701 729 Ego
740 669 986 732 principem
1023 669 1177 715 mundi
1216 669 1441 715 diabolum
1463 670 1570 718 dixi.
1601 670 1714 716 sicut

335 759 435 788 eum
463 739 654 804 appellat
674 740 902 802 Scriptura
920 739 1090 797 divina,
1121 757 1208 784 non
1230 739 1342 784 sicut
1365 740 1610 802 suspicatur
1645 740 1714 786 vel

336 812 629 858 calumniatur
655 810 821 856 vanitas
859 821 933 855 tua
950 810 982 855 ¹².
1020 810 1118 854 Non
1142 809 1289 872 itaque
1318 820 1571 855 naturarum
1606 826 1714 857 auc-

336 895 474 930 torem
510 881 735 927 diabolum
771 880 888 935 dixi,
935 879 1007 925 sed
1041 880 1289 943 principem
1326 880 1505 936 mundi,
1548 880 1593 926 id
1623 891 1712 937 est,

337 954 566 999 hominum
586 988 597 1008 ,
624 951 787 1014 quibus
810 951 854 995 in
873 951 977 995 orbe
999 961 1206 995 terrarum
1227 950 1381 1013 plenus
1405 961 1466 996 est
1491 951 1681 996 mundus
1701 988 1711 1007 ‚

337 1023 412 1086 qui
449 1031 688 1067 nascuntur
711 1020 756 1065 in
778 1020 942 1065 mundo
960 1057 971 1076 ,
1010 1038 1088 1065 nec
1124 1030 1410 1065 renascuntur
1444 1020 1489 1066 in
1514 1021 1709 1068 Christo.

340 1094 409 1139 Ab
452 1092 512 1137 eis
551 1090 718 1154 quippe
760 1090 836 1153 qui
870 1100 1156 1135 renascuntur
1191 1090 1237 1135 in
1273 1090 1475 1147 Christo,
1511 1091 1718 1155 princeps

338 1162 492 1208 mundi
512 1161 698 1206 mittitur
721 1160 835 1206 foras
857 1179 867 1205 ε
889 1161 1008 1224 quod
1031 1161 1233 1224 mysteria
1251 1162 1515 1221 significant,
1540 1162 1719 1225 quando

340 1234 468 1279 etiam
491 1232 663 1295 parvuli
685 1231 939 1294 baptizandi
960 1233 1257 1277 exorcizantur
1272 1242 1315 1277 et
1334 1232 1623 1279 exsufflantur.
1652 1232 1720 1279 Ad

340 1303 440 1348 haec
474 1300 711 1364 responde,
752 1302 785 1346 si
811 1312 948 1364 potes.
981 1302 1078 1347 Noli
1106 1302 1213 1348 velle
1235 1302 1439 1347 lectorem
1466 1313 1538 1348 tua
1564 1303 1721 1367 loqua—

341 1373 509 1419 cissima
532 1372 722 1417 vanitate
747 1388 972 1417 vanescere
988 1409 998 1427 ‚
1027 1383 1066 1417 et
1091 1372 1147 1416 ab
1169 1389 1217 1417 eo
1245 1372 1365 1435 quod
1393 1373 1559 1432 agitur,
1588 1372 1723 1419 averti

343 1454 472 1506 atque
492 1442 670 1487 seduci:
706 1442 804 1498 dic,
837 1442 869 1486 si
903 1443 1058 1498 audes,
1089 1444 1255 1488 bonum
1289 1461 1374 1488 esse
1414 1443 1722 1506 concupiscere

342 1514 518 1559 malum.
559 1513 667 1567 Dic,
708 1512 821 1557 mala
855 1512 987 1576 quide
1022 1530 1152 1576 opera
1181 1531 1203 1558 a
1228 1514 1357 1558 Patre
1390 1530 1479 1559 non
1502 1530 1618 1570 esse,
1649 1513 1723 1559 sed

343 1584 743 1648 concupiscentiam
764 1582 977 1630 malorum
1001 1601 1183 1648 operum
1204 1602 1227 1630 a
1245 1585 1374 1630 Patre
1391 1601 1489 1631 esse.
1518 1585 1614 1640 Dic,
1633 1584 1725 1631 dia-

343 1656 497 1702 bolum
518 1673 605 1700 non
631 1654 897 1718 appellatum
921 1655 1167 1719 principem
1195 1655 1363 1703 mundi.
1389 1656 1490 1712 Dic,
1506 1655 1725 1701 mundum

344 1744 432 1772 non
459 1726 547 1772 dici
578 1726 775 1771 homines
806 1725 851 1771 in
878 1726 1043 1771 mundo
1070 1726 1339 1773 constitutos.
1372 1726 1479 1783 Dic,
1508 1725 1725 1772 mundum

343 1801 388 1843 in
414 1797 527 1842 malo
553 1814 640 1842 non
660 1814 783 1860 posse
807 1797 989 1857 intelligi
1019 1797 1218 1843 homines
1251 1797 1469 1853 infideles,
1498 1797 1661 1860 quibus
1679 1796 1726 1842 in

347 1869 452 1913 orbe
478 1878 688 1913 terrarum
706 1867 862 1930 plenus
879 1877 939 1912 est
962 1867 1179 1924 mundus3
1199 1878 1240 1913 et
1260 1884 1407 1913 rursus
1425 1867 1470 1912 in
1493 1867 1611 1912 bono
1638 1867 1724 1912 ho-

346 1939 483 1984 mines
506 1938 670 1995 fideles,
696 1937 976 2001 quibuslicet
997 1939 1292 2001 paucioribus,
1314 1950 1458 1984 tamen
1478 1938 1605 1984 etiam
1622 1937 1728 2002 ipsis

346 2010 389 2055 in
414 2010 519 2055 orbe
544 2020 758 2055 terrarum
781 2008 936 2072 plenus
964 2021 1024 2055 est
1050 2009 1265 2066 mundus,
1292 2009 1467 2055 nomine
1490 2008 1642 2055 mundi
1666 2012 1726 2055 si-

347 2079 506 2125 militer
521 2079 758 2142 appellari3
779 2079 890 2124 sicut
915 2080 1154 2125 absurdum
1180 2097 1267 2125 non
1286 2090 1365 2135 est,
1388 2090 1434 2125 ut
1451 2080 1582 2124 arbor
1599 2079 1728 2143 plena

347 2150 491 2213 pomis
509 2187 519 2206 ,
540 2149 713 2195 dicatur
733 2148 862 2211 plena
881 2159 922 2194 et
942 2148 1067 2196 foliis.
1099 2150 1179 2195 Dic
1194 2187 1205 2206 ,
1228 2148 1440 2213 parvulos
1457 2187 1469 2207 ,
1491 2167 1591 2196 cum
1617 2150 1728 2212 bap-

348 2220 556 2275 tizantur‚
594 2236 682 2264 non
728 2218 821 2264 erui
857 2218 910 2264 de
945 2230 1152 2283 potestate
1196 2220 1502 2276 tenebrarum,
1544 2231 1586 2266 et
1625 2236 1728 2265 cum

350 2308 504 2350 magna
534 2289 694 2350 injuria
728 2290 807 2335 Dei
832 2307 909 2353 per
929 2291 1169 2336 universam
1195 2290 1460 2336 catholicam
1489 2289 1728 2335 Ecclesiam

349 2362 578 2407 exorcizari
601 2371 643 2406 et
670 2360 879 2406 exsufflari
902 2360 1108 2420 imagines
1141 2361 1219 2406 Dei
1241 2379 1252 2406 :
1282 2371 1357 2407 aut
1376 2360 1471 2418 dic,
1492 2378 1563 2406 eos
1587 2379 1609 2406 a
1629 2360 1728 2406 dia-

350 2431 453 2477 bolo
487 2430 697 2495 possideri
728 2431 816 2476 sine
849 2430 936 2477 ulla
967 2431 1230 2491 obligatione
1257 2437 1441 2496 peccati.
1470 2433 1579 2479 Haec
1600 2431 1634 2478 si
1651 2448 1728 2479 au-

401 2546 410 2571 ¹
427 2546 532 2579 Galat.
550 2558 581 2585 v,
603 2547 654 2582 16.
672 2563 716 2571 —
732 2543 748 2570 ²
766 2549 861 2581 Joan.
879 2557 949 2592 mv,
974 2550 1028 2592 ὃν,
1050 2553 1078 2580 et
1095 2558 1164 2593 xvx,
1184 2559 1236 2581 xx.
