1863 3262
170 272 326 306 OPERIS
363 267 623 303 IMPERF‘ECTI
660 267 836 299 CONTRA
868 267 1113 309 JULIANUM,
1154 268 1241 300 LIB.
1284 266 1356 298 111.
1405 251 1491 314 139

119 352 253 387 esset:
275 361 298 382 «
312 336 433 396 Quid
449 333 566 382 aliud
583 334 824 391 ostendisti,
841 350 973 398 quum
991 351 1123 380 unam
1148 351 1237 380 rem
1256 330 1495 397 propterid

120 411 280 458 debere
297 407 470 464 salvari,
496 405 808 470 propterquod
822 404 943 451 illam
968 422 1199 466 negaveras
1229 404 1386 450 debere
1411 401 1500 450 sal-

122 482 215 528 vari
230 485 248 528 P
265 503 285 523 »

186 555 299 600 Aue.
325 548 541 596 salvanda
552 559 630 604 est,
646 549 748 611 quia
767 547 880 594 mala
894 558 973 604 est,
990 564 1076 592 non
1095 547 1196 610 quia
1222 547 1383 593 malum
1405 557 1491 593 est:

119 623 153 670 si
176 633 318 670 autem
336 631 442 667 esset
460 620 640 676 malum,
664 618 872 665 salvanda
888 636 975 664 non
998 629 1117 665 esset.
1143 618 1241 663 Non
1257 619 1371 664 enim
1394 620 1497 681 quia

117 694 282 740 malum
306 703 387 749 est,
413 690 485 738 sed
506 691 610 755 quia
634 690 799 737 malum
823 689 978 745 habet,
1006 688 1118 734 mala
1151 699 1213 734 est
1234 707 1245 734 ι
1276 689 1388 734 sicut
1408 707 1496 735 non

116 765 220 828 quia
245 763 401 810 vitium
423 773 503 819 est,
523 761 596 807 sed
617 762 718 825 quia
743 760 899 807 vitium
924 760 1078 815 habet,
1098 759 1251 805 vitiosa
1273 770 1351 805 est.
1380 759 1497 816 Quia

117 834 271 881 vitiosa
291 844 352 880 est
377 850 494 893 ergo,
515 831 720 879 salvanda
742 842 804 877 est
829 849 840 877 ε
862 831 898 877 si
923 841 1067 876 autem
1091 831 1184 893 ipsa
1204 841 1376 885 natura,
1407 830 1494 876 hoc

116 915 202 962 est,
242 904 338 967 ipsa
376 903 641 958 substantia,
668 902 824 948 vitium
855 912 984 958 esset,
1015 899 1223 946 salvanda
1252 917 1340 946 non
1369 910 1489 947 esset.

119 973 355 1031 Quomodo
372 990 473 1033 ergo
490 990 620 1018 unam
638 990 727 1018 rem
750 983 930 1036 propter
950 971 1036 1017 hoc
1051 971 1137 1016 dixi
1152 970 1308 1017 debere
1327 971 1497 1025 salvari,

118 1055 302 1109 propter
323 1043 442 1108 quod
463 1043 582 1089 illam
603 1060 857 1103 negaveram
883 1043 1040 1088 debere
1057 1042 1212 1087 salvari
1232 1062 1244 1095 ;
1265 1059 1365 1088 cum
1380 1040 1498 1087 aliud

116 1117 172 1162 sit
191 1116 349 1163 vitium
378 1114 559 1171 habere,
584 1114 704 1160 aliud
732 1114 887 1160 vitium
909 1116 1024 1160 esse?
1052 1112 1271 1159 salvanda
1295 1123 1356 1158 est
1378 1129 1495 1172 ergo,

117 1187 220 1249 quia
234 1185 389 1231 vitium
413 1184 566 1241 habet,
595 1202 683 1230 non
702 1185 805 1249 quia
829 1185 986 1231 vitium
999 1194 1060 1229 est
1082 1201 1092 1228 :
1114 1184 1148 1229 si
1175 1193 1317 1228 autem
1341 1183 1499 1229 vitium

116 1267 239 1312 esset,
268 1254 473 1301 salvanda
494 1272 580 1301 non
599 1266 719 1302 esset.
747 1255 876 1300 Vides
889 1272 1021 1318 quam
1048 1271 1135 1299 non
1154 1254 1242 1299 hoc
1260 1256 1313 1299 sit
1324 1270 1500 1316 respon-

116 1326 240 1382 dere,
262 1325 383 1389 quod
405 1335 468 1371 est
489 1343 576 1371 non
601 1337 740 1371 tacere
763 1343 773 1371 z
797 1324 1158 1388 quandoquidem
1183 1324 1302 1371 vides
1326 1334 1366 1369 te
1386 1322 1500 1370 nihil

114 1396 401 1462 respondisse,
430 1406 472 1442 et
490 1406 634 1442 tamen
657 1407 798 1442 tacere
818 1396 1018 1442 noluisse.

178 1466 353 1515 CXCV.
383 1470 479 1514 JUL.
509 1488 531 1509 α
557 1472 618 1513 Ac
645 1484 719 1530 per
747 1467 854 1522 hoc,
881 1484 929 1513 eo
954 1466 1176 1513 revolutus
1200 1483 1259 1522 es,
1277 1476 1324 1512 ut
1354 1465 1494 1511 Mani-

117 1538 312 1594 ehaeum,
334 1554 463 1601 quem
478 1538 740 1601 professione
759 1549 1100 1601 contempseraS,
1122 1537 1496 1597 argumentatione

115 1625 352 1672 reparares.
378 1629 400 1650 (ε
421 1610 534 1654 Nam
553 1608 762 1664 dicendo,
787 1631 808 1651 n
835 1610 881 1655 Si
911 1608 1024 1654 mala
1041 1619 1165 1662 esset,
1183 1606 1390 1653 salvanda
1408 1624 1498 1652 non

116 1689 251 1725 esset:
273 1701 293 1721 «
311 1678 510 1741 Speciem
526 1680 766 1742 pugnantis
789 1679 992 1726 indueras
1011 1697 1021 1725 :
1047 1677 1277 1724 subdendo
1293 1688 1455 1730 autem,
1484 1697 1506 1718 >›

117 1749 192 1795 sed
209 1749 244 1794 si
270 1748 384 1794 nihil
402 1749 447 1794 in
470 1766 519 1794 ea
537 1749 639 1795 mali
664 1761 789 1800 esset,
810 1750 1016 1796 salvanda
1045 1767 1132 1795 non
1151 1759 1255 1794 esset
1275 1766 1285 1793 :
1316 1769 1334 1788 «
1356 1747 1446 1811 Ipsi
1465 1757 1504 1792 te

116 1820 306 1866 fideliter
320 1819 507 1865 militare
526 1820 727 1868 docuisti.
763 1821 876 1867 Cum
917 1839 1018 1881 ergo
1041 1819 1295 1884 apparuerit
1315 1819 1400 1864 hoc
1424 1829 1501 1863 tua

115 1891 235 1954 quod
254 1890 492 1937 Manichaei
509 1893 717 1938 sententia
734 1893 965 1948 contineri,
980 1892 1024 1938 id
1046 1902 1124 1947 est,
1151 1890 1308 1936 malam
1326 1907 1411 1935 esse
1425 1889 1505 1934 ho-

117 1960 284 2006 minum
299 1970 519 2016 naturam,
540 1962 610 2007 cui
630 1962 702 2007 ille
719 1973 760 2007 et
773 1973 814 2007 et
827 1973 872 2008 tu
889 1961 1226 2025 paritermalum
1241 1961 1375 2006 inesse
1387 1959 1503 2004 dici-

117 2030 190 2085 tis,
206 2041 254 2075 tu
269 2046 355 2094 que
373 2031 724 2092 pronuntiaveris
741 2033 899 2079 malam
919 2044 1116 2079 naturam
1129 2048 1217 2076 non
1232 2047 1318 2075 esse
1329 2029 1504 2075 salvan-

116 2099 218 2146 dam
238 2099 582 2154 ;absolutissime
604 2102 853 2149 confectum
877 2114 956 2159 est,
985 2103 1115 2148 fidem
1137 2111 1322 2147 vestram
1335 2100 1503 2161 junctis

117 2170 295 2216 omnino
312 2171 465 2216 turmis
491 2181 578 2217 tam
589 2183 790 2219 naturam
814 2174 1091 2236 impugnare,
1109 2189 1242 2236 quam
1260 2171 1456 2231 gratiam.
1484 2187 1504 2208 »

188 2242 304 2286 Aue.
337 2241 565 2304 Numquid
589 2244 797 2306 quoniam
824 2244 957 2289 verba
981 2261 1075 2289 mea
1093 2253 1251 2297 mutas,
1272 2252 1320 2287 ut
1338 2239 1503 2305 aliquid

116 2310 391 2374 respondisse
419 2311 618 2371 videaris,
643 2314 740 2361 ideo
775 2314 951 2361 difficile
995 2326 1070 2360 aut
1105 2312 1374 2376 impossibile
1398 2312 1505 2357 facis

115 2381 359 2441 legentibus
385 2381 452 2428 vel
486 2383 675 2430 recolere
703 2385 867 2442 animo,
895 2385 964 2431 vel
987 2396 1100 2431 certe
1125 2385 1170 2430 in
1195 2384 1281 2428 hoc
1305 2383 1399 2445 ipso
1427 2393 1503 2428 tuo

115 2452 232 2498 libro
248 2452 383 2515 paulo
404 2455 603 2516 superius
623 2455 824 2516 relegere,
843 2467 886 2502 et
904 2457 1051 2502 videre
1073 2455 1182 2520 quid
1206 2454 1404 2509 dixerim,
1426 2453 1503 2499 ubi

115 2532 158 2567 et
176 2523 268 2585 ipse
290 2521 364 2567 illa
395 2523 506 2570 sicut
536 2542 559 2570 a
584 2542 650 2571 me
675 2537 776 2572 sunt
793 2526 910 2573 dicta
932 2527 1144 2591 posuisti?
1168 2527 1258 2586 Ego
1278 2526 1391 2571 enim
1414 2541 1503 2570 non

118 2592 224 2650 dixi,
243 2593 289 2639 Si
303 2593 415 2640 mala
435 2606 560 2653 esset,
586 2596 791 2645 salvanda
804 2615 892 2644 non
906 2608 1012 2645 esset
1032 2618 1045 2657 3
1065 2614 1167 2644 cum
1182 2597 1279 2644 ideo
1298 2595 1504 2643 salvanda
