1863 3262
267 285 356 341 184
663 295 697 325 s.
744 293 984 324 AUGUsTml
1023 293 1239 323 EPISCOPI.

262 363 308 410 iu
345 379 491 408 omnes
524 371 699 406 naturas
735 368 927 418 suggesta
957 376 978 402 a
1006 358 1209 417 magistro
1238 357 1321 402 tela
1347 356 1532 418 jaculari
1560 375 1570 402 ε
1600 367 1642 403 et

263 434 407 479 brutis
433 431 702 486 familiarior,
727 429 913 493 (quibus
943 440 1084 475 tamen
1113 428 1170 473 ob
1193 428 1278 473 hoc
1306 428 1450 491 parcis
1466 465 1476 484 ,
1501 439 1548 474 ut
1568 446 1642 473 ra-

266 502 542 549 tionabilium
569 512 728 546 statum
751 502 1014 545 auctoratius
1038 498 1301 555 crimineris,
1322 499 1337 560 )
1362 499 1573 547 consentis
1597 499 1642 544 in

260 575 436 621 illorum
461 573 720 636 corporibus
743 575 886 617 Deum
907 571 1053 616 fecisse
1070 607 1080 625 ‚
1102 570 1219 633 quod
1244 571 1288 615 in
1306 570 1460 615 nostris
1483 569 1642 615 diabo-

260 645 354 691 lum
377 662 388 689 :
413 661 513 690 cum
547 654 688 688 tamen
723 642 767 687 id
794 641 935 705 ipsum
954 678 964 697 ‚
1003 640 1075 685 sed
1110 640 1258 685 mitius
1290 640 1333 685 in
1357 640 1638 696 hominibus,

258 733 390 780 quam
416 716 460 760 in
478 714 712 778 pecoribus
726 730 811 758 esse
829 712 998 757 fateare.
1032 711 1088 755 Ut
1105 727 1206 769 ergo
1222 710 1330 773 quid
1348 711 1402 755 sit
1419 711 1638 765 effectum,

258 786 452 850 prudens
476 785 612 830 lector
645 783 831 846 accipiat
850 820 859 838 ‚
886 781 1113 827 libidinem
1138 798 1371 844 corporum
1397 781 1440 825 in
1470 777 1641 826 anima—

260 858 377 903 libus
396 855 554 902 factam
580 873 602 900 a
629 855 719 899 Deo
745 871 832 899 11011
858 869 998 912 negas.
1022 852 1119 896 Non
1138 862 1198 896 est
1218 869 1317 911 ergo
1342 850 1418 895 Dei
1436 850 1642 913 operibus

262 927 441 987 indigna
471 925 544 971 illa
571 926 739 970 affectio
762 960 773 980 ‚
797 940 895 986 quae
919 925 963 967 in
994 922 1063 967 his
1086 922 1338 967 substantiis
1363 921 1501 966 acrior
1524 920 1642 965 inve-

261 999 397 1053 nitur,
432 1013 533 1060 quae
568 995 680 1040 nihil
706 993 760 1039 de
796 992 962 1039 diaboli
993 991 1133 1045 111310,
1168 992 1235 1037 vel
1267 991 1384 1037 tenui
1419 990 1643 1036 voluntate

261 1077 521 1131 rapuerunt.

330 1158 350 1179 >ι
377 1138 491 1196 Ergo
520 1134 624 1198 quia
648 1131 1004 1195 concupiscentia
1027 1130 1200 1177 defensa
1230 1141 1291 1176 est
1317 1132 1510 1195 exemplo
1544 1131 1642 1176 ani-

267 1207 450 1254 malium
467 1243 478 1262 ‚
501 1205 673 1251 defensa
691 1204 820 1249 etiam
845 1202 1056 1262 dignitate
1077 1202 1264 1248 auctoris
1286 1202 1378 1258 sui,
1407 1219 1486 1248 nec
1509 1202 1640 1258 mala,

264 1295 345 1323 nec
374 1276 594 1322 diabolica
620 1285 705 1331 est,
727 1290 859 1337 quam
882 1272 985 1318 fecit
1012 1274 1126 1318 Deus
1145 1273 1355 1318 formator
1378 1289 1612 1336 corporum
1628 1310 1639 1329 ‚

264 1358 307 1393 et
326 1364 457 1411 quam
480 1356 594 1391 tenet
607 1362 656 1390 ea
671 1361 772 1409 quae
791 1354 853 1388 est
869 1360 1015 1407 expers
1036 1354 1189 1389 natura
1210 1343 1379 1406 peccati
1401 1361 1411 1387 :
1436 1360 1536 1388 cum
1556 1343 1643 1389 1100

265 1434 367 1476 ergo
387 1417 567 1471 claruit,
592 1415 766 1478 inquiro
791 1425 939 1459 utrum
964 1414 1091 1458 istam
1113 1413 1342 1458 libidinem
1360 1450 1370 1468 ,
1396 1430 1529 1476 quam
1549 1430 1641 1459 cor·

264 1505 375 1551 pora
411 1487 607 1532 humana
637 1485 935 1549 persentiunt,
976 1488 1116 1529 Deum
1140 1484 1286 1529 fecisse
1312 1484 1586 1530 consentias?
1609 1483 1644 1529 si

265 1558 490 1610 annueris3
512 1556 685 1602 sublata
703 1555 922 1600 contentio
948 1566 1010 1600 est
1025 1592 1036 1610 ‚
1072 1565 1117 1600 tu
1141 1554 1394 1600 emendatus
1409 1592 1419 1609 ‚
1441 1565 1482 1600 ct
1502 1555 1643 1600 Mani-

262 1628 413 1674 c‘haeus
433 1626 710 1690 permanebit
731 1626 915 1672 attritus
946 1626 991 1671 Si
1020 1636 1161 1670 autem
1183 1625 1336 1670 dixeris
1364 1643 1374 1670 ι
1403 1628 1454 1670 111
1477 1642 1614 1688 001Ῥο
1630 1654 1642 1660 -

260 1699 384 1745 ribus
415 1697 648 1744 hominum
680 1714 704 1742 a
744 1697 836 1742 Deo
865 1714 952 1742 non
991 1697 1138 1760 potuit
1177 1697 1269 1742 fieri
1295 1714 1305 1741 :
1335 1695 1494 1752 refero,
1521 1696 1641 1742 illam

259 1768 533 1832 voluptatem
555 1779 598 1813 et
625 1767 1026 1830 concupiscentiam
1052 1767 1193 1813 carnis
1212 1804 1222 1820 ‚
1250 1767 1441 1812 bominis
1467 1777 1529 1822 te,
1554 1784 1641 1812 non

264 1839 344 1885 Dei
367 1838 573 1902 operibus
597 1837 822 1897 indignam
848 1848 1019 1900 putare.
1054 1838 1230 1897 Ambigi
1253 1838 1420 1900 quippe
1446 1855 1532 1882 non
1556 1855 1643 1900 po-

262 1919 361 1966 test,
376 1908 584 1972 quoniam
600 1908 634 1953 si
648 1908 767 1971 quod
787 1908 1006 1954 confiteris
1026 1926 1048 1953 a
1067 1909 1157 1953 Deo
1170 1908 1437 1971 ubicumque
1455 1908 1638 1964 factum,

260 1980 348 2026 hoc
373 1980 491 2025 dicas
525 1979 568 2023 in
600 1978 829 2024 110111111οε1
855 1979 948 2024 fieri
972 1978 1211 2042 nequivisse
1229 2015 1239 2034 ‚
1276 1996 1363 2024 non
1400 1979 1641 2041 concupis-

261 2051 417 2096 centiae
434 2050 674 2095 testimonia
696 2049 836 2094 aufers
851 2049 1021 2106 debita,
1043 2049 1115 2095 sed
1135 2050 1329 2095 humano
1348 2050 1522 2112 corpori
1539 2066 1642 2094 con-

259 2120 396 2182 quiris
412 2118 623 2164 indebita.
646 2118 756 2164 Vide
779 2136 879 2178 ergo
899 2123 1024 2178 cujus
1044 2119 1319 2182 profanitatis
1334 2119 1386 2163 sit
1402 2129 1528 2164 sectae
1552 2129 1641 2165 tuae

258 2189 372 2236 finis.
399 2188 518 2233 Dicis
539 2205 625 2233 esse
639 2187 869 2248 indignum
885 2205 1013 2233 carne
1034 2188 1227 2233 mortalis
1242 2226 1252 2244 ‚
1272 2188 1393 2252 quod
1408 2189 1637 2249 indignum

256 2277 347 2305 non
369 2259 453 2304 fuit
478 2275 607 2320 opere
627 2258 892 2305 Conditoris.
925 2259 1065 2318 Igitur
1096 2259 1184 2305 1100
1211 2276 1338 2305 seusu
1370 2277 1457 2304 11011
1481 2259 1639 2305 libidi-

255 2346 357 2375 nem
373 2329 656 2391 vituperasti,
681 2329 754 2374 sed
777 2328 1025 2385 hominem,
1048 2346 1175 2392 quem
1200 2346 1403 2375 accusare
1420 2329 1634 2382 volueras,

248 2398 449 2446 extulisti.
479 2399 630 2444 Talem
653 2400 789 2444 habet
813 2400 1099 2445 constantiam
1122 2399 1337 2465 talemque
1361 2400 1602 2447 mercedem
1621 2438 1632 2456 ‚

249 2470 328 2534 qui
350 2469 523 2517 veritati
548 2469 706 2516 indicit
728 2469 918 2526 bellum,
942 2480 988 2516 ut
1015 2470 1241 2516 contrariis
1265 2488 1433 2534 semper
1456 2471 1635 2517 conatui

247 2557 325 2586 suo
348 2539 530 2585 feriatur
553 2540 793 2588 effectibus.
826 2541 918 2602 Ego
941 2558 1041 2602 ergo
1064 2559 1182 2588 nunc
1203 2543 1287 2588 tuis
1309 2542 1450 2589 verbis
1477 2559 1633 2589 conse-

302 2623 312 2646 1
332 2624 426 2654 Forte
446 2621 478 2654 in
495 2620 639 2654 homine.
