1824 3236
190 267 347 297 orfitus
384 263 646 295 erEnFEc'ri
684 261 857 292 comita
895 263 1139 301 Jt‘LtAxt‘M,
1183 265 1270 293 [1ss.
1319 267 1377 294 ri.
1431 251 1524 311 439

137 349 231 381 sum
255 331 298 377 in
322 341 522 377 naturam
542 365 552 383 ‚
575 327 692 390 quod
720 327 1013 372 voluntarium
1038 323 1166 373 fnisse
1188 329 1357 374 fateare.
1374 333 1521 376 Caete-

140 420 236 452 rum
257 401 366 448 illud
393 400 509 447 aliud
531 399 655 457 longe
672 398 885 461 longeque
907 399 1167 453 deformius,
1189 400 1306 462 quod
1332 402 1528 464 possibi-

139 473 302 521 litatem
324 469 535 535 operandi
557 469 681 514 initio
699 469 759 514 ais
780 470 1044 531 operationis
1066 471 1361 533 absumptam,
1379 472 1423 517 id
1443 483 1522 528 est,

141 555 189 591 ut
216 543 403 589 liberum
428 540 690 594 arbitrium,
715 539 853 602 (quod
886 557 973 584 non
994 551 1055 584 est
1081 540 1197 585 aliud
1223 558 1355 603 quam
1381 543 1523 605 possi-

139 614 285 660 bilitas
308 610 520 676 peccandi
548 622 590 656 et
613 628 700 656 non
730 610 969 674 peccandi,
1001 611 1110 656 nulli
1142 613 1280 674 partis
1306 612 1526 660 alterutrae

140 683 315 731 subdita
338 681 555 729 violentiae
574 718 584 737 ‚
612 680 685 726 sed
723 697 822 744 quae
857 681 1017 726 habeat
1054 680 1307 727 facultatem
1333 682 1377 728 in
1403 684 1525 747 quod

139 754 325 802 voluerit
362 753 476 800 latus
512 763 665 816 suopte
703 752 928 797 insistendi
965 752 1179 797 arbitratu
1197 754 1230 813 >
1253 765 1353 816 post
1393 772 1525 818 quam

139 828 279 890 eoepit
304 826 485 873 alterum
511 825 619 871 velle
637 861 647 880 ‚
678 835 911 887 utrumque
935 841 1057 887 posse
1083 825 1334 887 perdiderit.
1365 849 1382 867 »

206 900 319 952 Aue.
362 898 509 942 lta-ne
532 912 634 942 vero
658 912 746 940 non
770 895 908 939 cernis
925 932 934 950 ‚
960 895 1209 940 Manichaeo
1238 906 1279 940 te
1299 896 1527 955 ‚ignoran-

143 979 204 1014 ter
232 967 442 1031 quidem,
478 966 552 1011 sed
589 966 799 1011 instanter
823 976 967 1010 tamen
1013 966 1094 1011 isto
1132 976 1220 1011 tuae
1255 966 1530 1030 loquacitatis

139 1039 293 1087 inflato
325 1049 455 1102 atque
475 1054 681 1101 spumoso
709 1037 891 1100 strepitu
919 1037 1160 1096 suffragari.
1191 1037 1236 1082 Si
1260 1038 1373 1083 euim
1400 1055 1529 1102 quae-

140 1119 263 1156 rente
285 1108 360 1155 illo
384 1126 407 1153 3
442 1108 572 1154 nobis
598 1108 714 1152 unde
737 1109 792 1153 sit
817 1107 979 1153 malum
1003 1145 1012 1162 ‚
1041 1125 1126 1171 qua
1152 1109 1393 1171 queestione
1417 1127 1527 1155 con-

139 1190 372 1227 sueverunt
394 1178 528 1225 corda
554 1178 771 1224 inerudita
790 1180 996 1233 tu1·l)¹<1re;
1026 1196 1101 1224 nos
1125 1179 1492 1242 responderemus
1512 1218 1522 1236 ‚

140 1251 194 1298 de
218 1251 358 1297 libera
380 1251 606 1297 voluntate
642 1250 865 1295 rationalis
895 1261 1105 1295 creaturae
1140 1261 1334 1295 exortum
1360 1269 1370 1295 ε
1399 1261 1529 1316 atque

138 1322 211 1368 ille
237 1321 423 1377 dicer-et,
448 1321 573 1367 Unde
602 1338 702 1381 ergo
729 1332 829 1366 sunt
848 1321 925 1366 ista
948 1331 1013 1365 tot
1042 1320 1155 1366 mala
1171 1358 1180 1376 ,
1203 1338 1304 1384 quae
1326 1338 1412 1366 non
1432 1325 1525 1381 jam

139 1392 253 1438 natis
269 1429 280 1448 ‚
306 1403 349 1438 et
374 1392 611 1439 voluntatis
636 1392 818 1437 arbitrio
845 1391 1078 1438 accedente
1098 1402 1224 1437 aetate
1242 1395 1332 1452 jam
1364 1392 1531 1437 utenti-

139 1463 225 1511 bus
244 1462 479 1518 accidunt,
510 1462 581 1508 sed
605 1479 704 1508 cum
735 1462 898 1525 quibus
932 1462 1000 1507 vel
1034 1478 1181 1507 omnes
1200 1499 1210 1517 ‚
1243 1463 1307 1507 vel
1334 1461 1531 1525 plerique

141 1536 415 1584 nascuntur?
437 1533 658 1579 Omnibus
673 1533 842 1595 quippe
865 1532 1094 1592 congenita
1118 1543 1180 1578 est
1199 1533 1340 1578 carnis
1361 1550 1526 1578 concu-

141 1604 377 1667 piscentia‚
401 1620 488 1667 qua
509 1620 609 1649 caro
633 1602 909 1665 concupiscit
934 1602 1136 1648 adversus
1154 1602 1356 1666 spiritum
1373 1641 1383 1658 ‚
1398 1604 1527 1648 etiam

141 1674 355 1721 rectafide
376 1685 506 1738 atque
525 1673 725 1719 doctrina
737 1673 912 1735 pietatis
930 1672 1151 1718 imbutum
1168 1693 1179 1727 ;
1203 1674 1410 1719 omnibus
1425 1691 1527 1720 con·

141 1745 284 1806 genita
307 1755 370 1791 est
397 1744 598 1807 quaedam
619 1744 749 1789 etiam
777 1743 956 1789 tarditas
992 1744 1173 1797 mentis,
1193 1761 1280 1807 qua
1309 1755 1351 1789 et
1374 1745 1422 1790 hi
1449 1744 1526 1808 qui

142 1815 658 1879 appellanturingeniosi‚
676 1825 918 1859 nontamen
933 1814 1022 1859 sine
1037 1814 1182 1877 aliqua
1197 1814 1359 1859 laboris
1373 1831 1529 1860 aerum·

142 1904 196 1933 na
233 1886 301 1932 vel
333 1902 632 1949 quascumque
667 1895 798 1930 artes.
832 1884 898 1929 vel
938 1901 1006 1931 eas
1035 1885 1161 1930 etiam
1195 1901 1302 1948 quas
1329 1885 1527 1931 liberales

142 1966 421 2020 nuncupant,
439 1955 632 2008 discunt,
651 1954 716 2000 vel
734 1955 866 2017 ipsius
885 1954 1100 2014 religionis
1119 1955 1362 2000 uberiorem
1388 1956 1531 2001 scien-

143 2029 246 2075 tiam
263 2024 810 2090 consequuntur.Quidam
831 2025 958 2069 etiam
978 2042 1163 2088 corpore
1183 2024 1367 2070 deformi
1388 2036 1429 2070 et
1449 2026 1531 2071 ali-

141 2098 323 2162 quando
333 2109 622 2152 monstruoso,
631 2096 719 2141 mul
729 2096 754 2141 ti
770 2096 972 2141 obliviosi
981 2112 1069 2151 ‚mu
1078 2096 1087 2140 l
1096 2097 1125 2140 ti
1137 2095 1188 2140 ad
1200 2096 1481 2156 intelligendu
1491 2113 1531 2141 m

145 2170 256 2216 tardi
275 2180 316 2216 et
339 2169 533 2225 obtunsi,
548 2168 675 2213 multi
691 2167 893 2213 iracundi
908 2205 918 2221 ‚
933 2167 1059 2212 inulti
1078 2167 1318 2222 libidinosi,
1334 2167 1535 2213 nonnulli

143 2241 271 2286 etiam
297 2240 476 2286 omnino
508 2238 710 2284 excordes
752 2238 951 2301 fatuique
974 2249 1227 2284 nascuntur.
1262 2237 1381 2294 Quid
1416 2238 1536 2284 aliud

144 2311 362 2358 catholiea
386 2309 662 2373 responderet
683 2308 807 2364 fides,
826 2309 906 2354 nisi
926 2309 1023 2353 heec
1046 2308 1191 2354 onmia
1214 2309 1326 2355 mala
1344 2346 1353 2364 ‚
1375 2326 1423 2354 ex
1443 2326 1532 2374 quo

144 2384 346 2449 pec-eavit
386 2383 521 2439 1101110
540 2420 551 2439 ,
573 2392 615 2428 et
638 2382 691 2428 de
714 2382 920 2446 paradiso
936 2419 945 2437 ‚
973 2381 1017 2427 id
1057 2393 1143 2437 est,
1182 2382 1280 2428 loco
1321 2381 1538 2429 felicitatis

145 2463 308 2518 eiectus
325 2468 415 2512 est,
437 2474 483 2502 ex
507 2466 664 2502 natura
688 2473 788 2519 quae
807 2456 977 2520 peccati
1003 2456 1261 2516 contagione
1275 2455 1428 2502 vitiata
1449 2468 1536 2513 est,

146 2529 328 2582 exoriri?
371 2529 522 2591 Neque
557 2527 694 2583 enim,
726 2527 760 2573 si
808 2544 935 2573 nemo
980 2537 1221 2590 peccasset,
1252 2526 1320 2573 vel
1355 2526 1456 2573 talia
1491 2527 1537 2574 in

147 2601 449 2667 paradise,vel
474 2601 555 2646 alia
579 2600 667 2646 11113
690 2600 797 2647 vitia
820 2611 1110 2646 nascerentur.
