<?xml version="1.0" encoding="UTF-8"?>
<!DOCTYPE html PUBLIC "-//W3C//DTD XHTML 1.0 Transitional//EN"
    "http://www.w3.org/TR/xhtml1/DTD/xhtml1-transitional.dtd">
<html xmlns="http://www.w3.org/1999/xhtml" xml:lang="en" lang="en">
 <head>
  <title>
</title>
<meta http-equiv="Content-Type" content="text/html;charset=utf-8" />
  <meta name='ocr-system' content='tesseract 3.04.00' />
  <meta name='ocr-capabilities' content='ocr_page ocr_carea ocr_par ocr_line ocrx_word'/>
</head>
<body>
  <div class='ocr_page' id='page_1' title='image "./operaomniaaccura37auguuoft/operaomniaaccura37auguuoft_0062.png"; bbox 0 0 1863 3262; ppageno 0'>
   <div class='ocr_carea' id='block_1_1' title="bbox 357 274 1340 320">
    <p class='ocr_par' dir='ltr' id='par_1_1' title="bbox 357 274 1340 320">
     <span class='ocr_line' id='line_1_1' title="bbox 357 274 1340 320; baseline -0.007 -1"><span class='ocrx_word' id='word_1_1' title='bbox 357 274 382 320; x_wconf 88' lang='lat'>5</span> <span class='ocrx_word' id='word_1_2' title='bbox 393 289 415 319; x_wconf 72' lang='lat'><strong>2</strong></span> <span class='ocrx_word' id='word_1_3' title='bbox 778 284 813 314; x_wconf 86' lang='lat' dir='ltr'>s.</span> <span class='ocrx_word' id='word_1_4' title='bbox 857 282 1103 314; x_wconf 81' lang='lat' dir='ltr'><strong>AUGUSTINI</strong></span> <span class='ocrx_word' id='word_1_5' title='bbox 1138 281 1340 313; x_wconf 74' lang='lat' dir='ltr'>Errscom</span> 
     </span>
    </p>
   </div>
   <div class='ocr_carea' id='block_1_2' title="bbox 349 347 1748 2669">
    <p class='ocr_par' dir='ltr' id='par_1_2' title="bbox 349 347 1735 910">
     <span class='ocr_line' id='line_1_2' title="bbox 353 347 1735 414; baseline -0.004 -14"><span class='ocrx_word' id='word_1_6' title='bbox 353 352 612 407; x_wconf 79' lang='lat' dir='ltr'>conveniat,</span> <span class='ocrx_word' id='word_1_7' title='bbox 646 360 878 414; x_wconf 88' lang='lat' dir='ltr'>parentum</span> <span class='ocrx_word' id='word_1_8' title='bbox 912 358 1143 412; x_wconf 77' lang='lat' dir='ltr'>peccatum</span> <span class='ocrx_word' id='word_1_9' title='bbox 1177 347 1232 392; x_wconf 86' lang='lat' dir='ltr'>ad</span> <span class='ocrx_word' id='word_1_10' title='bbox 1263 347 1400 404; x_wconf 79' lang='lat' dir='ltr'>filios,</span> <span class='ocrx_word' id='word_1_11' title='bbox 1440 348 1519 393; x_wconf 90' lang='lat' dir='ltr'>nisi</span> <span class='ocrx_word' id='word_1_12' title='bbox 1554 348 1661 394; x_wconf 87' lang='lat' dir='ltr'>vitio</span> <span class='ocrx_word' id='word_1_13' title='bbox 1693 359 1735 395; x_wconf 88' lang='lat' dir='ltr'>et</span> 
     </span>
     <span class='ocr_line' id='line_1_3' title="bbox 351 419 1732 481; baseline -0.003 -12"><span class='ocrx_word' id='word_1_14' title='bbox 351 435 475 470; x_wconf 81' lang='lat' dir='ltr'>reatu</span> <span class='ocrx_word' id='word_1_15' title='bbox 506 421 812 481; x_wconf 64' lang='lat' dir='ltr'>generationis„</span> <span class='ocrx_word' id='word_1_16' title='bbox 842 436 928 464; x_wconf 88' lang='lat' dir='ltr'>non</span> <span class='ocrx_word' id='word_1_17' title='bbox 948 419 1136 481; x_wconf 84' lang='lat' dir='ltr'>potuisse</span> <span class='ocrx_word' id='word_1_18' title='bbox 1158 419 1338 464; x_wconf 87' lang='lat' dir='ltr'>transire</span> <span class='ocrx_word' id='word_1_19' title='bbox 1356 439 1366 473; x_wconf 90' lang='grc'>;</span> <span class='ocrx_word' id='word_1_20' title='bbox 1385 419 1543 464; x_wconf 85' lang='lat' dir='ltr'>rationi</span> <span class='ocrx_word' id='word_1_21' title='bbox 1568 431 1732 476; x_wconf 89' lang='lat' dir='ltr'>autem,</span> 
     </span>
     <span class='ocr_line' id='line_1_4' title="bbox 352 489 1734 556; baseline -0.003 -16"><span class='ocrx_word' id='word_1_22' title='bbox 352 493 582 556; x_wconf 79' lang='lat' dir='ltr'>exemplis,</span> <span class='ocrx_word' id='word_1_23' title='bbox 615 492 783 555; x_wconf 87' lang='lat' dir='ltr'>legique</span> <span class='ocrx_word' id='word_1_24' title='bbox 810 490 1089 544; x_wconf 79' lang='lat' dir='ltr'>convenerit,</span> <span class='ocrx_word' id='word_1_25' title='bbox 1117 489 1400 549; x_wconf 78' lang='lat' dir='ltr'>generationis</span> <span class='ocrx_word' id='word_1_26' title='bbox 1424 500 1583 536; x_wconf 86' lang='lat' dir='ltr'>statum</span> <span class='ocrx_word' id='word_1_27' title='bbox 1610 490 1734 537; x_wconf 92' lang='lat' dir='ltr'>nullo</span> 
     </span>
     <span class='ocr_line' id='line_1_5' title="bbox 351 560 1734 630; baseline -0.002 -19"><span class='ocrx_word' id='word_1_28' title='bbox 351 577 484 630; x_wconf 85' lang='lat' dir='ltr'>pacto</span> <span class='ocrx_word' id='word_1_29' title='bbox 507 564 697 628; x_wconf 83' lang='lat' dir='ltr'>potuisse</span> <span class='ocrx_word' id='word_1_30' title='bbox 722 562 892 615; x_wconf 78' lang='lat' dir='ltr'>vitiari3</span> <span class='ocrx_word' id='word_1_31' title='bbox 917 560 1035 624; x_wconf 89' lang='lat' dir='ltr'>quod</span> <span class='ocrx_word' id='word_1_32' title='bbox 1056 561 1181 605; x_wconf 84' lang='lat' dir='ltr'>etiam</span> <span class='ocrx_word' id='word_1_33' title='bbox 1203 578 1250 606; x_wconf 82' lang='lat' dir='ltr'>ex</span> <span class='ocrx_word' id='word_1_34' title='bbox 1277 572 1349 607; x_wconf 89' lang='lat' dir='ltr'>tua</span> <span class='ocrx_word' id='word_1_35' title='bbox 1365 562 1638 608; x_wconf 83' lang='lat' dir='ltr'>concessione</span> <span class='ocrx_word' id='word_1_36' title='bbox 1663 563 1734 608; x_wconf 86' lang='lat' dir='ltr'>fir-</span> 
     </span>
     <span class='ocr_line' id='line_1_6' title="bbox 349 633 1735 698; baseline -0.002 -16"><span class='ocrx_word' id='word_1_37' title='bbox 349 647 512 692; x_wconf 79' lang='lat' dir='ltr'>matur,</span> <span class='ocrx_word' id='word_1_38' title='bbox 535 635 611 698; x_wconf 87' lang='lat' dir='ltr'>qui</span> <span class='ocrx_word' id='word_1_39' title='bbox 631 634 738 679; x_wconf 86' lang='lat' dir='ltr'>dicis</span> <span class='ocrx_word' id='word_1_40' title='bbox 754 633 973 678; x_wconf 87' lang='lat' dir='ltr'>nullorum</span> <span class='ocrx_word' id='word_1_41' title='bbox 996 642 1228 695; x_wconf 86' lang='lat' dir='ltr'>parentum</span> <span class='ocrx_word' id='word_1_42' title='bbox 1243 643 1426 695; x_wconf 82' lang='lat' dir='ltr'>peccata</span> <span class='ocrx_word' id='word_1_43' title='bbox 1448 643 1608 695; x_wconf 64' lang='lat' dir='ltr'>praeter</span> <span class='ocrx_word' id='word_1_44' title='bbox 1627 633 1735 679; x_wconf 85' lang='lat' dir='ltr'>duo-</span> 
     </span>
     <span class='ocr_line' id='line_1_7' title="bbox 350 702 1730 768; baseline -0.002 -16"><span class='ocrx_word' id='word_1_45' title='bbox 350 723 450 753; x_wconf 88' lang='lat' dir='ltr'>rum</span> <span class='ocrx_word' id='word_1_46' title='bbox 476 707 531 752; x_wconf 86' lang='lat' dir='ltr'>ad</span> <span class='ocrx_word' id='word_1_47' title='bbox 564 707 723 752; x_wconf 87' lang='lat' dir='ltr'>liberos</span> <span class='ocrx_word' id='word_1_48' title='bbox 759 720 979 768; x_wconf 82' lang='lat' dir='ltr'>permeare</span> <span class='ocrx_word' id='word_1_49' title='bbox 1012 719 1022 747; x_wconf 78' lang='lat'>2</span> <span class='ocrx_word' id='word_1_50' title='bbox 1058 702 1334 747; x_wconf 76' lang='lat' dir='ltr'>invictissime</span> <span class='ocrx_word' id='word_1_51' title='bbox 1363 702 1611 749; x_wconf 75' lang='lat' dir='ltr'>consectum</span> <span class='ocrx_word' id='word_1_52' title='bbox 1645 714 1730 760; x_wconf 85' lang='lat' dir='ltr'>est,</span> 
     </span>
     <span class='ocr_line' id='line_1_8' title="bbox 349 771 1735 837; baseline -0.001 -15"><span class='ocrx_word' id='word_1_53' title='bbox 349 793 431 822; x_wconf 86' lang='lat' dir='ltr'>nec</span> <span class='ocrx_word' id='word_1_54' title='bbox 453 775 787 822; x_wconf 79' lang='lat' dir='ltr'>foecunditatem</span> <span class='ocrx_word' id='word_1_55' title='bbox 820 774 1068 837; x_wconf 81' lang='lat' dir='ltr'>primorum</span> <span class='ocrx_word' id='word_1_56' title='bbox 1095 772 1327 818; x_wconf 87' lang='lat' dir='ltr'>hominum</span> <span class='ocrx_word' id='word_1_57' title='bbox 1357 790 1378 818; x_wconf 89' lang='lat' dir='ltr'>a</span> <span class='ocrx_word' id='word_1_58' title='bbox 1403 771 1581 819; x_wconf 82' lang='lat' dir='ltr'>diabolo</span> <span class='ocrx_word' id='word_1_59' title='bbox 1605 773 1735 820; x_wconf 83' lang='lat' dir='ltr'>fuisse</span> 
     </span>
     <span class='ocr_line' id='line_1_9' title="bbox 354 844 1508 910; baseline -0.007 -18"><span class='ocrx_word' id='word_1_60' title='bbox 354 857 608 910; x_wconf 77' lang='lat' dir='ltr'>corruptam</span> <span class='ocrx_word' id='word_1_61' title='bbox 629 883 639 902; x_wconf 79' lang='grc'><em>,</em></span> <span class='ocrx_word' id='word_1_62' title='bbox 666 862 746 890; x_wconf 87' lang='lat' dir='ltr'>nec</span> <span class='ocrx_word' id='word_1_63' title='bbox 764 844 882 890; x_wconf 87' lang='lat' dir='ltr'>nasci</span> <span class='ocrx_word' id='word_1_64' title='bbox 904 844 1042 889; x_wconf 90' lang='lat' dir='ltr'>ullum</span> <span class='ocrx_word' id='word_1_65' title='bbox 1064 859 1187 906; x_wconf 85' lang='lat' dir='ltr'>posse</span> <span class='ocrx_word' id='word_1_66' title='bbox 1210 853 1458 905; x_wconf 86' lang='lat' dir='ltr'>peccatum.</span> <span class='ocrx_word' id='word_1_67' title='bbox 1487 865 1508 885; x_wconf 83' lang='lat'>»</span> 
     </span>
    </p>

    <p class='ocr_par' dir='ltr' id='par_1_3' title="bbox 349 913 1746 1901">
     <span class='ocr_line' id='line_1_10' title="bbox 421 913 1738 978; baseline -0.004 -13"><span class='ocrx_word' id='word_1_68' title='bbox 421 921 534 965; x_wconf 66' lang='lat' dir='ltr'>Alto.</span> <span class='ocrx_word' id='word_1_69' title='bbox 566 919 665 963; x_wconf 84' lang='lat' dir='ltr'>Non</span> <span class='ocrx_word' id='word_1_70' title='bbox 695 917 783 962; x_wconf 86' lang='lat' dir='ltr'>hoc</span> <span class='ocrx_word' id='word_1_71' title='bbox 808 915 889 960; x_wconf 81' lang='lat' dir='ltr'>tibi</span> <span class='ocrx_word' id='word_1_72' title='bbox 913 914 1078 960; x_wconf 87' lang='lat' dir='ltr'>dicitur</span> <span class='ocrx_word' id='word_1_73' title='bbox 1111 932 1120 959; x_wconf 94' lang='lat'><strong>:</strong></span> <span class='ocrx_word' id='word_1_74' title='bbox 1152 914 1242 977; x_wconf 87' lang='lat' dir='ltr'>ipse</span> <span class='ocrx_word' id='word_1_75' title='bbox 1266 913 1348 959; x_wconf 83' lang='lat' dir='ltr'>tibi</span> <span class='ocrx_word' id='word_1_76' title='bbox 1367 952 1378 967; x_wconf 80' lang='grc'>,</span> <span class='ocrx_word' id='word_1_77' title='bbox 1409 914 1529 978; x_wconf 88' lang='lat' dir='ltr'>quod</span> <span class='ocrx_word' id='word_1_78' title='bbox 1554 932 1640 961; x_wconf 88' lang='lat' dir='ltr'>non</span> <span class='ocrx_word' id='word_1_79' title='bbox 1666 914 1738 960; x_wconf 36' lang='lat' dir='ltr'>dia</span> 
     </span>
     <span class='ocr_line' id='line_1_11' title="bbox 353 985 1737 1049; baseline -0.004 -13"><span class='ocrx_word' id='word_1_80' title='bbox 353 989 510 1046; x_wconf 82' lang='lat' dir='ltr'>cimus,</span> <span class='ocrx_word' id='word_1_81' title='bbox 537 988 659 1035; x_wconf 86' lang='lat' dir='ltr'>dicis.</span> <span class='ocrx_word' id='word_1_82' title='bbox 707 989 761 1033; x_wconf 89' lang='lat' dir='ltr'>Et</span> <span class='ocrx_word' id='word_1_83' title='bbox 782 987 965 1033; x_wconf 85' lang='lat' dir='ltr'>aliorum</span> <span class='ocrx_word' id='word_1_84' title='bbox 995 997 1174 1049; x_wconf 83' lang='lat' dir='ltr'>patrum</span> <span class='ocrx_word' id='word_1_85' title='bbox 1210 985 1255 1030; x_wconf 88' lang='lat' dir='ltr'>in</span> <span class='ocrx_word' id='word_1_86' title='bbox 1279 985 1390 1031; x_wconf 88' lang='lat' dir='ltr'>filios</span> <span class='ocrx_word' id='word_1_87' title='bbox 1419 997 1600 1048; x_wconf 86' lang='lat' dir='ltr'>peccata</span> <span class='ocrx_word' id='word_1_88' title='bbox 1634 986 1737 1031; x_wconf 88' lang='lat' dir='ltr'>red-</span> 
     </span>
     <span class='ocr_line' id='line_1_12' title="bbox 352 1056 1739 1117; baseline -0.003 -12"><span class='ocrx_word' id='word_1_89' title='bbox 352 1059 536 1115; x_wconf 82' lang='lat' dir='ltr'>duntur,</span> <span class='ocrx_word' id='word_1_90' title='bbox 565 1058 712 1103; x_wconf 80' lang='lat' dir='ltr'>divina</span> <span class='ocrx_word' id='word_1_91' title='bbox 732 1057 902 1117; x_wconf 84' lang='lat' dir='ltr'>justitia</span> <span class='ocrx_word' id='word_1_92' title='bbox 926 1095 936 1112; x_wconf 85' lang='lat'>‚</span> <span class='ocrx_word' id='word_1_93' title='bbox 978 1073 1068 1102; x_wconf 84' lang='lat' dir='ltr'>non</span> <span class='ocrx_word' id='word_1_94' title='bbox 1106 1056 1327 1101; x_wconf 87' lang='lat' dir='ltr'>humana:</span> <span class='ocrx_word' id='word_1_95' title='bbox 1369 1056 1449 1102; x_wconf 91' lang='lat' dir='ltr'>scit</span> <span class='ocrx_word' id='word_1_96' title='bbox 1479 1056 1596 1102; x_wconf 90' lang='lat' dir='ltr'>enim</span> <span class='ocrx_word' id='word_1_97' title='bbox 1619 1059 1739 1101; x_wconf 92' lang='lat' dir='ltr'>Deus</span> 
     </span>
     <span class='ocr_line' id='line_1_13' title="bbox 351 1125 1739 1194; baseline -0.003 -19"><span class='ocrx_word' id='word_1_98' title='bbox 351 1129 531 1194; x_wconf 81' lang='lat' dir='ltr'>quando</span> <span class='ocrx_word' id='word_1_99' title='bbox 565 1140 607 1174; x_wconf 88' lang='lat' dir='ltr'>et</span> <span class='ocrx_word' id='word_1_100' title='bbox 643 1127 866 1191; x_wconf 88' lang='lat' dir='ltr'>quomodo</span> <span class='ocrx_word' id='word_1_101' title='bbox 904 1126 949 1172; x_wconf 86' lang='lat' dir='ltr'>id</span> <span class='ocrx_word' id='word_1_102' title='bbox 981 1126 1215 1186; x_wconf 84' lang='lat' dir='ltr'>justissime</span> <span class='ocrx_word' id='word_1_103' title='bbox 1245 1125 1401 1179; x_wconf 83' lang='lat' dir='ltr'>faciat3</span> <span class='ocrx_word' id='word_1_104' title='bbox 1437 1125 1570 1171; x_wconf 85' lang='lat' dir='ltr'>homo</span> <span class='ocrx_word' id='word_1_105' title='bbox 1597 1137 1739 1172; x_wconf 89' lang='lat' dir='ltr'>autem</span> 
     </span>
     <span class='ocr_line' id='line_1_14' title="bbox 349 1197 1741 1258; baseline -0.004 -10"><span class='ocrx_word' id='word_1_106' title='bbox 349 1202 504 1257; x_wconf 82' lang='lat' dir='ltr'>nescit,</span> <span class='ocrx_word' id='word_1_107' title='bbox 531 1211 573 1246; x_wconf 91' lang='lat' dir='ltr'>et</span> <span class='ocrx_word' id='word_1_108' title='bbox 596 1201 834 1246; x_wconf 83' lang='lat' dir='ltr'>secundum</span> <span class='ocrx_word' id='word_1_109' title='bbox 860 1198 1154 1258; x_wconf 83' lang='lat' dir='ltr'>cognitionem</span> <span class='ocrx_word' id='word_1_110' title='bbox 1186 1212 1307 1242; x_wconf 85' lang='lat' dir='ltr'>suam</span> <span class='ocrx_word' id='word_1_111' title='bbox 1333 1197 1464 1242; x_wconf 87' lang='lat' dir='ltr'>debet</span> <span class='ocrx_word' id='word_1_112' title='bbox 1481 1197 1590 1244; x_wconf 86' lang='lat' dir='ltr'>ferre</span> <span class='ocrx_word' id='word_1_113' title='bbox 1611 1197 1741 1257; x_wconf 87' lang='lat' dir='ltr'>judi-</span> 
     </span>
     <span class='ocr_line' id='line_1_15' title="bbox 353 1267 1740 1331; baseline -0.004 -12"><span class='ocrx_word' id='word_1_114' title='bbox 353 1274 487 1320; x_wconf 89' lang='lat' dir='ltr'>cium.</span> <span class='ocrx_word' id='word_1_115' title='bbox 516 1273 666 1317; x_wconf 90' lang='lat' dir='ltr'>Potest</span> <span class='ocrx_word' id='word_1_116' title='bbox 691 1271 805 1316; x_wconf 88' lang='lat' dir='ltr'>enim</span> <span class='ocrx_word' id='word_1_117' title='bbox 831 1270 962 1325; x_wconf 80' lang='lat' dir='ltr'>scire,</span> <span class='ocrx_word' id='word_1_118' title='bbox 993 1286 1092 1315; x_wconf 88' lang='lat' dir='ltr'>cum</span> <span class='ocrx_word' id='word_1_119' title='bbox 1108 1267 1299 1328; x_wconf 84' lang='lat' dir='ltr'>judicat,</span> <span class='ocrx_word' id='word_1_120' title='bbox 1327 1268 1560 1331; x_wconf 78' lang='lat' dir='ltr'>(quamvis</span> <span class='ocrx_word' id='word_1_121' title='bbox 1584 1279 1627 1315; x_wconf 91' lang='lat' dir='ltr'>et</span> <span class='ocrx_word' id='word_1_122' title='bbox 1652 1269 1740 1315; x_wconf 89' lang='lat' dir='ltr'>hoc</span> 
     </span>
     <span class='ocr_line' id='line_1_16' title="bbox 351 1338 1742 1406; baseline -0.004 -16"><span class='ocrx_word' id='word_1_123' title='bbox 351 1361 442 1391; x_wconf 88' lang='lat' dir='ltr'>non</span> <span class='ocrx_word' id='word_1_124' title='bbox 475 1359 644 1406; x_wconf 84' lang='lat' dir='ltr'>semper</span> <span class='ocrx_word' id='word_1_125' title='bbox 663 1342 708 1404; x_wconf 75' lang='lat'>‚)</span> <span class='ocrx_word' id='word_1_126' title='bbox 748 1341 912 1386; x_wconf 86' lang='lat' dir='ltr'>factum</span> <span class='ocrx_word' id='word_1_127' title='bbox 954 1343 1164 1401; x_wconf 86' lang='lat' dir='ltr'>cujusque</span> <span class='ocrx_word' id='word_1_128' title='bbox 1204 1355 1398 1402; x_wconf 71' lang='lat' dir='ltr'>persona:</span> <span class='ocrx_word' id='word_1_129' title='bbox 1419 1357 1429 1384; x_wconf 92' lang='lat'>:</span> <span class='ocrx_word' id='word_1_130' title='bbox 1453 1338 1569 1384; x_wconf 84' lang='lat' dir='ltr'>unde</span> <span class='ocrx_word' id='word_1_131' title='bbox 1595 1350 1742 1385; x_wconf 86' lang='lat' dir='ltr'>autem</span> 
     </span>
     <span class='ocr_line' id='line_1_17' title="bbox 353 1408 1743 1476; baseline -0.004 -16"><span class='ocrx_word' id='word_1_132' title='bbox 353 1413 477 1461; x_wconf 81' lang='lat' dir='ltr'>novit</span> <span class='ocrx_word' id='word_1_133' title='bbox 500 1413 663 1476; x_wconf 87' lang='lat' dir='ltr'>quibus</span> <span class='ocrx_word' id='word_1_134' title='bbox 681 1422 721 1457; x_wconf 79' lang='lat' dir='ltr'>et</span> <span class='ocrx_word' id='word_1_135' title='bbox 736 1411 942 1474; x_wconf 82' lang='lat' dir='ltr'>qualibus</span> <span class='ocrx_word' id='word_1_136' title='bbox 962 1408 1150 1456; x_wconf 79' lang='lat' dir='ltr'>vinculis</span> <span class='ocrx_word' id='word_1_137' title='bbox 1172 1425 1363 1455; x_wconf 76' lang='lat' dir='ltr'>connexa</span> <span class='ocrx_word' id='word_1_138' title='bbox 1378 1409 1449 1465; x_wconf 79' lang='lat' dir='ltr'>sit,</span> <span class='ocrx_word' id='word_1_139' title='bbox 1468 1409 1522 1455; x_wconf 86' lang='lat' dir='ltr'>de</span> <span class='ocrx_word' id='word_1_140' title='bbox 1538 1427 1626 1474; x_wconf 84' lang='lat' dir='ltr'>qua</span> <span class='ocrx_word' id='word_1_141' title='bbox 1648 1421 1743 1455; x_wconf 86' lang='lat' dir='ltr'>orta</span> 
     </span>
     <span class='ocr_line' id='line_1_18' title="bbox 353 1480 1743 1543; baseline -0.003 -12"><span class='ocrx_word' id='word_1_142' title='bbox 353 1497 434 1540; x_wconf 77' lang='lat' dir='ltr'>est,</span> <span class='ocrx_word' id='word_1_143' title='bbox 462 1494 615 1530; x_wconf 85' lang='lat' dir='ltr'>natura</span> <span class='ocrx_word' id='word_1_144' title='bbox 635 1493 819 1529; x_wconf 69' lang='lat' dir='ltr'>naturae.</span> <span class='ocrx_word' id='word_1_145' title='bbox 854 1481 939 1527; x_wconf 87' lang='lat' dir='ltr'>Sed</span> <span class='ocrx_word' id='word_1_146' title='bbox 968 1480 1079 1526; x_wconf 87' lang='lat' dir='ltr'>illud</span> <span class='ocrx_word' id='word_1_147' title='bbox 1114 1496 1276 1536; x_wconf 86' lang='lat' dir='ltr'>unum,</span> <span class='ocrx_word' id='word_1_148' title='bbox 1306 1496 1393 1543; x_wconf 89' lang='lat' dir='ltr'>quo</span> <span class='ocrx_word' id='word_1_149' title='bbox 1422 1480 1467 1526; x_wconf 92' lang='lat' dir='ltr'>in</span> <span class='ocrx_word' id='word_1_150' title='bbox 1492 1481 1642 1527; x_wconf 89' lang='lat' dir='ltr'>mortis</span> <span class='ocrx_word' id='word_1_151' title='bbox 1665 1498 1743 1527; x_wconf 89' lang='lat' dir='ltr'>ne-</span> 
     </span>
     <span class='ocr_line' id='line_1_19' title="bbox 355 1551 1744 1607; baseline -0.001 -7"><span class='ocrx_word' id='word_1_152' title='bbox 355 1555 597 1601; x_wconf 87' lang='lat' dir='ltr'>cessitatem</span> <span class='ocrx_word' id='word_1_153' title='bbox 621 1563 790 1598; x_wconf 85' lang='lat' dir='ltr'>mutata</span> <span class='ocrx_word' id='word_1_154' title='bbox 813 1562 874 1598; x_wconf 89' lang='lat' dir='ltr'>est</span> <span class='ocrx_word' id='word_1_155' title='bbox 903 1552 1097 1596; x_wconf 86' lang='lat' dir='ltr'>humana</span> <span class='ocrx_word' id='word_1_156' title='bbox 1117 1561 1273 1596; x_wconf 86' lang='lat' dir='ltr'>natura</span> <span class='ocrx_word' id='word_1_157' title='bbox 1294 1588 1305 1607; x_wconf 78' lang='lat'>‚</span> <span class='ocrx_word' id='word_1_158' title='bbox 1334 1551 1500 1597; x_wconf 90' lang='lat' dir='ltr'>etiamsi</span> <span class='ocrx_word' id='word_1_159' title='bbox 1522 1552 1603 1597; x_wconf 87' lang='lat' dir='ltr'>alia</span> <span class='ocrx_word' id='word_1_160' title='bbox 1623 1551 1744 1598; x_wconf 88' lang='lat' dir='ltr'>nulla</span> 
     </span>
     <span class='ocr_line' id='line_1_20' title="bbox 356 1620 1744 1683; baseline -0.003 -11"><span class='ocrx_word' id='word_1_161' title='bbox 356 1628 460 1683; x_wconf 78' lang='lat' dir='ltr'>sint,</span> <span class='ocrx_word' id='word_1_162' title='bbox 475 1624 668 1671; x_wconf 82' lang='lat' dir='ltr'>sufficere</span> <span class='ocrx_word' id='word_1_163' title='bbox 688 1623 741 1669; x_wconf 90' lang='lat' dir='ltr'>ad</span> <span class='ocrx_word' id='word_1_164' title='bbox 756 1622 1098 1677; x_wconf 76' lang='lat' dir='ltr'>damnationem,</span> <span class='ocrx_word' id='word_1_165' title='bbox 1123 1620 1207 1666; x_wconf 88' lang='lat' dir='ltr'>nisi</span> <span class='ocrx_word' id='word_1_166' title='bbox 1226 1621 1513 1680; x_wconf 78' lang='lat' dir='ltr'>generationis</span> <span class='ocrx_word' id='word_1_167' title='bbox 1534 1621 1744 1682; x_wconf 85' lang='lat' dir='ltr'>obligatio</span> 
     </span>
     <span class='ocr_line' id='line_1_21' title="bbox 357 1692 1745 1758; baseline -0.004 -14"><span class='ocrx_word' id='word_1_168' title='bbox 357 1697 679 1758; x_wconf 83' lang='lat' dir='ltr'>regeneratione</span> <span class='ocrx_word' id='word_1_169' title='bbox 713 1695 905 1741; x_wconf 77' lang='lat' dir='ltr'>solvatur</span> <span class='ocrx_word' id='word_1_170' title='bbox 927 1731 937 1750; x_wconf 84' lang='lat'><strong><em>‚</em></strong></span> <span class='ocrx_word' id='word_1_171' title='bbox 978 1693 1065 1738; x_wconf 89' lang='lat' dir='ltr'>hoc</span> <span class='ocrx_word' id='word_1_172' title='bbox 1090 1692 1278 1738; x_wconf 90' lang='lat' dir='ltr'>dicimus</span> <span class='ocrx_word' id='word_1_173' title='bbox 1302 1729 1313 1749; x_wconf 82' lang='lat'><strong><em>,</em></strong></span> <span class='ocrx_word' id='word_1_174' title='bbox 1341 1703 1383 1738; x_wconf 91' lang='lat' dir='ltr'>et</span> <span class='ocrx_word' id='word_1_175' title='bbox 1419 1693 1454 1738; x_wconf 89' lang='lat' dir='ltr'>si</span> <span class='ocrx_word' id='word_1_176' title='bbox 1481 1692 1632 1739; x_wconf 85' lang='lat' dir='ltr'>audire</span> <span class='ocrx_word' id='word_1_177' title='bbox 1656 1711 1745 1739; x_wconf 90' lang='lat' dir='ltr'>non</span> 
     </span>
     <span class='ocr_line' id='line_1_22' title="bbox 356 1759 1746 1828; baseline -0.004 -13"><span class='ocrx_word' id='word_1_178' title='bbox 356 1769 521 1822; x_wconf 80' lang='lat' dir='ltr'>vultis3</span> <span class='ocrx_word' id='word_1_179' title='bbox 546 1768 633 1814; x_wconf 88' lang='lat' dir='ltr'>hoc</span> <span class='ocrx_word' id='word_1_180' title='bbox 654 1766 832 1813; x_wconf 76' lang='lat' dir='ltr'>veritate</span> <span class='ocrx_word' id='word_1_181' title='bbox 859 1782 947 1811; x_wconf 88' lang='lat' dir='ltr'>non</span> <span class='ocrx_word' id='word_1_182' title='bbox 965 1764 1139 1811; x_wconf 76' lang='lat' dir='ltr'>vincitis</span> <span class='ocrx_word' id='word_1_183' title='bbox 1158 1801 1168 1818; x_wconf 83' lang='grc'><strong>,</strong></span> <span class='ocrx_word' id='word_1_184' title='bbox 1192 1764 1269 1809; x_wconf 86' lang='lat' dir='ltr'>etsi</span> <span class='ocrx_word' id='word_1_185' title='bbox 1304 1780 1562 1827; x_wconf 85' lang='lat' dir='ltr'>oppugnare</span> <span class='ocrx_word' id='word_1_186' title='bbox 1584 1759 1746 1828; x_wconf 88' lang='lat' dir='ltr'>loqua-</span> 
     </span>
     <span class='ocr_line' id='line_1_23' title="bbox 357 1847 755 1901; baseline -0.008 -16"><span class='ocrx_word' id='word_1_187' title='bbox 357 1850 488 1885; x_wconf 72' lang='lat' dir='ltr'>crtate</span> <span class='ocrx_word' id='word_1_188' title='bbox 502 1847 755 1901; x_wconf 59' lang='lat' dir='ltr'>*persistltis</span> 
     </span>
    </p>

    <p class='ocr_par' dir='ltr' id='par_1_4' title="bbox 355 1902 1747 2238">
     <span class='ocr_line' id='line_1_24' title="bbox 424 1902 1745 1963; baseline -0.003 -8"><span class='ocrx_word' id='word_1_189' title='bbox 424 1909 606 1956; x_wconf 85' lang='lat' dir='ltr'><strong>LXVII.</strong></span> <span class='ocrx_word' id='word_1_190' title='bbox 637 1909 661 1952; x_wconf 83' lang='lat' dir='ltr'>J</span> <span class='ocrx_word' id='word_1_191' title='bbox 672 1924 735 1954; x_wconf 78' lang='lat' dir='ltr'>[L.</span> <span class='ocrx_word' id='word_1_192' title='bbox 769 1928 789 1948; x_wconf 63' lang='grc' dir='ltr'>α</span> <span class='ocrx_word' id='word_1_193' title='bbox 816 1904 1042 1962; x_wconf 72' lang='lat' dir='ltr'>Quaeritur</span> <span class='ocrx_word' id='word_1_194' title='bbox 1069 1920 1168 1963; x_wconf 88' lang='lat' dir='ltr'>ergo</span> <span class='ocrx_word' id='word_1_195' title='bbox 1191 1921 1213 1948; x_wconf 87' lang='lat' dir='ltr'>a</span> <span class='ocrx_word' id='word_1_196' title='bbox 1232 1902 1378 1959; x_wconf 81' lang='lat' dir='ltr'>nobis,</span> <span class='ocrx_word' id='word_1_197' title='bbox 1400 1920 1480 1949; x_wconf 85' lang='lat' dir='ltr'>cur</span> <span class='ocrx_word' id='word_1_198' title='bbox 1494 1920 1582 1950; x_wconf 90' lang='lat' dir='ltr'>non</span> <span class='ocrx_word' id='word_1_199' title='bbox 1601 1922 1745 1951; x_wconf 86' lang='lat' dir='ltr'>assen-</span> 
     </span>
     <span class='ocr_line' id='line_1_25' title="bbox 359 1972 1747 2039; baseline -0.004 -13"><span class='ocrx_word' id='word_1_200' title='bbox 359 1980 524 2026; x_wconf 80' lang='lat' dir='ltr'>tiamur</span> <span class='ocrx_word' id='word_1_201' title='bbox 540 1977 736 2024; x_wconf 84' lang='lat' dir='ltr'>naturale</span> <span class='ocrx_word' id='word_1_202' title='bbox 759 1993 844 2022; x_wconf 87' lang='lat' dir='ltr'>esse</span> <span class='ocrx_word' id='word_1_203' title='bbox 864 1985 1113 2039; x_wconf 84' lang='lat' dir='ltr'>peccatum.</span> <span class='ocrx_word' id='word_1_204' title='bbox 1142 1972 1495 2035; x_wconf 77' lang='lat' dir='ltr'>Respondemus,</span> <span class='ocrx_word' id='word_1_205' title='bbox 1520 1975 1624 2037; x_wconf 84' lang='lat' dir='ltr'>quia</span> <span class='ocrx_word' id='word_1_206' title='bbox 1643 1975 1747 2021; x_wconf 85' lang='lat' dir='ltr'>nul-</span> 
     </span>
     <span class='ocr_line' id='line_1_26' title="bbox 360 2044 1745 2101; baseline -0.004 -4"><span class='ocrx_word' id='word_1_207' title='bbox 360 2051 453 2097; x_wconf 87' lang='lat' dir='ltr'>lum</span> <span class='ocrx_word' id='word_1_208' title='bbox 476 2052 611 2097; x_wconf 82' lang='lat' dir='ltr'>habet</span> <span class='ocrx_word' id='word_1_209' title='bbox 646 2049 736 2095; x_wconf 85' lang='lat' dir='ltr'>veri</span> <span class='ocrx_word' id='word_1_210' title='bbox 760 2046 1058 2093; x_wconf 88' lang='lat' dir='ltr'>similitudinis</span> <span class='ocrx_word' id='word_1_211' title='bbox 1077 2082 1088 2101; x_wconf 83' lang='grc'><em>,</em></span> <span class='ocrx_word' id='word_1_212' title='bbox 1121 2044 1284 2089; x_wconf 85' lang='lat' dir='ltr'>nedum</span> <span class='ocrx_word' id='word_1_213' title='bbox 1323 2045 1515 2090; x_wconf 84' lang='lat' dir='ltr'>veritatis</span> <span class='ocrx_word' id='word_1_214' title='bbox 1533 2082 1544 2101; x_wconf 83' lang='lat'><strong><em>,</em></strong></span> <span class='ocrx_word' id='word_1_215' title='bbox 1576 2046 1745 2091; x_wconf 90' lang='lat' dir='ltr'>nullum</span> 
     </span>
     <span class='ocr_line' id='line_1_27' title="bbox 355 2114 1745 2182; baseline -0.004 -15"><span class='ocrx_word' id='word_1_216' title='bbox 355 2121 562 2182; x_wconf 81' lang='lat' dir='ltr'>justitiae,</span> <span class='ocrx_word' id='word_1_217' title='bbox 581 2119 753 2165; x_wconf 89' lang='lat' dir='ltr'>nullum</span> <span class='ocrx_word' id='word_1_218' title='bbox 780 2117 954 2180; x_wconf 84' lang='lat' dir='ltr'>pietatis</span> <span class='ocrx_word' id='word_1_219' title='bbox 968 2117 1186 2168; x_wconf 79' lang='lat' dir='ltr'>colorem3</span> <span class='ocrx_word' id='word_1_220' title='bbox 1212 2114 1315 2176; x_wconf 87' lang='lat' dir='ltr'>quia</span> <span class='ocrx_word' id='word_1_221' title='bbox 1339 2114 1571 2161; x_wconf 83' lang='lat' dir='ltr'>diabolum</span> <span class='ocrx_word' id='word_1_222' title='bbox 1585 2116 1745 2162; x_wconf 89' lang='lat' dir='ltr'>condi—</span> 
     </span>
     <span class='ocr_line' id='line_1_28' title="bbox 363 2185 1091 2238; baseline -0.01 0"><span class='ocrx_word' id='word_1_223' title='bbox 363 2202 501 2238; x_wconf 84' lang='lat' dir='ltr'>torem</span> <span class='ocrx_word' id='word_1_224' title='bbox 526 2190 758 2236; x_wconf 86' lang='lat' dir='ltr'>hominum</span> <span class='ocrx_word' id='word_1_225' title='bbox 782 2188 887 2233; x_wconf 85' lang='lat' dir='ltr'>facit</span> <span class='ocrx_word' id='word_1_226' title='bbox 908 2185 1091 2232; x_wconf 76' lang='lat' dir='ltr'>videri.»</span> 
     </span>
    </p>

    <p class='ocr_par' dir='ltr' id='par_1_5' title="bbox 365 2254 1748 2604">
     <span class='ocr_line' id='line_1_29' title="bbox 433 2254 1747 2323; baseline -0.005 -14"><span class='ocrx_word' id='word_1_227' title='bbox 433 2266 547 2310; x_wconf 68' lang='lat' dir='ltr'>Am.</span> <span class='ocrx_word' id='word_1_228' title='bbox 576 2261 697 2306; x_wconf 87' lang='lat' dir='ltr'>Facit</span> <span class='ocrx_word' id='word_1_229' title='bbox 715 2260 846 2323; x_wconf 78' lang='lat' dir='ltr'>plane</span> <span class='ocrx_word' id='word_1_230' title='bbox 868 2257 1005 2304; x_wconf 83' lang='lat' dir='ltr'>videri</span> <span class='ocrx_word' id='word_1_231' title='bbox 1025 2293 1035 2311; x_wconf 83' lang='lat'><strong><em>‚</em></strong></span> <span class='ocrx_word' id='word_1_232' title='bbox 1058 2254 1132 2300; x_wconf 88' lang='lat' dir='ltr'>sed</span> <span class='ocrx_word' id='word_1_233' title='bbox 1152 2255 1277 2300; x_wconf 78' lang='lat' dir='ltr'>vobis</span> <span class='ocrx_word' id='word_1_234' title='bbox 1292 2292 1302 2310; x_wconf 82' lang='lat'>‚</span> <span class='ocrx_word' id='word_1_235' title='bbox 1326 2272 1414 2300; x_wconf 89' lang='lat' dir='ltr'>non</span> <span class='ocrx_word' id='word_1_236' title='bbox 1438 2255 1496 2300; x_wconf 90' lang='lat' dir='ltr'>eis</span> <span class='ocrx_word' id='word_1_237' title='bbox 1519 2255 1595 2319; x_wconf 91' lang='lat' dir='ltr'>qui</span> <span class='ocrx_word' id='word_1_238' title='bbox 1616 2274 1747 2304; x_wconf 85' lang='lat' dir='ltr'>nove-</span> 
     </span>
     <span class='ocr_line' id='line_1_30' title="bbox 365 2325 1748 2388; baseline -0.005 -8"><span class='ocrx_word' id='word_1_239' title='bbox 365 2344 469 2379; x_wconf 84' lang='lat' dir='ltr'>runt</span> <span class='ocrx_word' id='word_1_240' title='bbox 491 2351 513 2378; x_wconf 94' lang='lat' dir='ltr'>a</span> <span class='ocrx_word' id='word_1_241' title='bbox 534 2342 689 2378; x_wconf 88' lang='lat' dir='ltr'>natura</span> <span class='ocrx_word' id='word_1_242' title='bbox 713 2330 956 2375; x_wconf 86' lang='lat' dir='ltr'>discernere</span> <span class='ocrx_word' id='word_1_243' title='bbox 987 2326 1142 2372; x_wconf 85' lang='lat' dir='ltr'>vitium</span> <span class='ocrx_word' id='word_1_244' title='bbox 1160 2362 1170 2380; x_wconf 82' lang='grc'><em>,</em></span> <span class='ocrx_word' id='word_1_245' title='bbox 1206 2325 1404 2388; x_wconf 85' lang='lat' dir='ltr'>quamvis</span> <span class='ocrx_word' id='word_1_246' title='bbox 1437 2326 1483 2371; x_wconf 90' lang='lat' dir='ltr'>in</span> <span class='ocrx_word' id='word_1_247' title='bbox 1510 2337 1663 2372; x_wconf 86' lang='lat' dir='ltr'>natura</span> <span class='ocrx_word' id='word_1_248' title='bbox 1695 2328 1748 2373; x_wconf 88' lang='lat' dir='ltr'>sit</span> 
     </span>
     <span class='ocr_line' id='line_1_31' title="bbox 368 2395 1746 2462; baseline -0.005 -12"><span class='ocrx_word' id='word_1_249' title='bbox 368 2404 541 2450; x_wconf 83' lang='lat' dir='ltr'>vitium.</span> <span class='ocrx_word' id='word_1_250' title='bbox 585 2404 697 2462; x_wconf 87' lang='lat' dir='ltr'>Lege</span> <span class='ocrx_word' id='word_1_251' title='bbox 729 2399 783 2445; x_wconf 87' lang='lat' dir='ltr'>ad</span> <span class='ocrx_word' id='word_1_252' title='bbox 817 2399 1045 2452; x_wconf 47' lang='lat' dir='ltr'>Hebraeos2</span> <span class='ocrx_word' id='word_1_253' title='bbox 1072 2407 1113 2441; x_wconf 85' lang='lat' dir='ltr'>et</span> <span class='ocrx_word' id='word_1_254' title='bbox 1136 2395 1235 2441; x_wconf 79' lang='lat' dir='ltr'>vide</span> <span class='ocrx_word' id='word_1_255' title='bbox 1265 2413 1414 2442; x_wconf 87' lang='lat' dir='ltr'>eorum</span> <span class='ocrx_word' id='word_1_256' title='bbox 1449 2413 1534 2442; x_wconf 87' lang='lat' dir='ltr'>esse</span> <span class='ocrx_word' id='word_1_257' title='bbox 1559 2397 1746 2443; x_wconf 89' lang='lat' dir='ltr'>solidum</span> 
     </span>
     <span class='ocr_line' id='line_1_32' title="bbox 367 2466 1748 2535; baseline -0.004 -15"><span class='ocrx_word' id='word_1_258' title='bbox 367 2472 550 2519; x_wconf 68' lang='lat' dir='ltr'>cibum4</span> <span class='ocrx_word' id='word_1_259' title='bbox 569 2510 580 2530; x_wconf 80' lang='lat'>‚</span> <span class='ocrx_word' id='word_1_260' title='bbox 616 2472 692 2535; x_wconf 88' lang='lat' dir='ltr'>qui</span> <span class='ocrx_word' id='word_1_261' title='bbox 716 2469 966 2516; x_wconf 83' lang='lat' dir='ltr'>exercitatos</span> <span class='ocrx_word' id='word_1_262' title='bbox 990 2467 1158 2513; x_wconf 85' lang='lat' dir='ltr'>habent</span> <span class='ocrx_word' id='word_1_263' title='bbox 1183 2483 1328 2512; x_wconf 87' lang='lat' dir='ltr'>sensus</span> <span class='ocrx_word' id='word_1_264' title='bbox 1367 2466 1420 2512; x_wconf 85' lang='lat' dir='ltr'>ad</span> <span class='ocrx_word' id='word_1_265' title='bbox 1456 2468 1748 2531; x_wconf 86' lang='lat' dir='ltr'>separandum</span> 
     </span>
     <span class='ocr_line' id='line_1_33' title="bbox 367 2536 1748 2604; baseline -0.004 -15"><span class='ocrx_word' id='word_1_266' title='bbox 367 2543 538 2589; x_wconf 87' lang='lat' dir='ltr'>bonum</span> <span class='ocrx_word' id='word_1_267' title='bbox 564 2561 586 2588; x_wconf 86' lang='lat' dir='ltr'>a</span> <span class='ocrx_word' id='word_1_268' title='bbox 611 2541 726 2588; x_wconf 88' lang='lat' dir='ltr'>malo</span> <span class='ocrx_word' id='word_1_269' title='bbox 751 2558 762 2586; x_wconf 73' lang='grc' dir='ltr'>ε</span> <span class='ocrx_word' id='word_1_270' title='bbox 793 2538 914 2604; x_wconf 86' lang='lat' dir='ltr'>quod</span> <span class='ocrx_word' id='word_1_271' title='bbox 932 2555 1007 2587; x_wconf 83' lang='lat' dir='ltr'>vos</span> <span class='ocrx_word' id='word_1_272' title='bbox 1031 2554 1121 2584; x_wconf 92' lang='lat' dir='ltr'>non</span> <span class='ocrx_word' id='word_1_273' title='bbox 1144 2536 1331 2585; x_wconf 85' lang='lat' dir='ltr'>habetis.</span> <span class='ocrx_word' id='word_1_274' title='bbox 1355 2536 1460 2584; x_wconf 90' lang='lat' dir='ltr'>Ideo</span> <span class='ocrx_word' id='word_1_275' title='bbox 1478 2537 1655 2601; x_wconf 88' lang='lat' dir='ltr'>quando</span> <span class='ocrx_word' id='word_1_276' title='bbox 1675 2537 1748 2585; x_wconf 85' lang='lat' dir='ltr'>di-</span> 
     </span>
    </p>

    <p class='ocr_par' dir='ltr' id='par_1_6' title="bbox 416 2625 665 2669">
     <span class='ocr_line' id='line_1_34' title="bbox 416 2625 665 2669; baseline -0.004 -10"><span class='ocrx_word' id='word_1_277' title='bbox 416 2626 428 2650; x_wconf 88' lang='lat'><strong>¹</strong></span> <span class='ocrx_word' id='word_1_278' title='bbox 445 2625 546 2660; x_wconf 83' lang='lat' dir='ltr'>Hebr.</span> <span class='ocrx_word' id='word_1_279' title='bbox 560 2636 589 2669; x_wconf 85' lang='lat' dir='ltr'>v,</span> <span class='ocrx_word' id='word_1_280' title='bbox 611 2633 665 2664; x_wconf 70' lang='lat'>14.</span> 
     </span>
    </p>
   </div>
  </div>
 </body>
</html>
