1824 3236
357 255 450 316 [190
783 270 817 298 5.
863 270 1108 302 Aneusrini
1145 272 1345 302 Episcopi

359 335 490 398 pestis
517 335 737 399 potentius
761 336 1076 400 principatum.
1109 339 1286 395 Quanto
1313 356 1415 399 ergo
1443 350 1504 386 est
1529 340 1739 387 tolerabi-

358 405 467 461 lius,
496 417 543 451 ut
563 417 770 470 tanquam
798 408 974 471 parasiti
1009 419 1050 454 et
1077 420 1357 454 assentatores
1378 409 1602 456 diabolum
1624 411 1740 457 falsis

358 475 569 521 laudibus
586 477 834 533 mulceatis,
863 495 995 542 quam
1022 479 1133 524 sicut
1150 480 1308 525 milites
1332 479 1397 526 vel
1422 480 1621 526 satellites
1641 498 1740 527 eum

359 546 616 606 dogmatum
636 547 900 594 falsitatibus
921 548 1147 609 adjuvetis.

425 618 615 680 Copioso
639 629 681 664 et
711 630 864 665 ornato
892 620 1100 665 describis
1135 620 1331 683 eloquiO,
1366 621 1590 685 quomodo
1627 623 1742 668 Deus

359 705 406 733 ex
424 686 529 733 limo
543 688 795 737 formaverit
812 691 1056 746 hominem,
1082 690 1228 736 flando
1248 691 1518 748 animaverit,
1540 691 1742 756 paradiso

356 758 690 823 locupletaverit
710 798 721 817 ,
766 773 992 826 praecepto
1041 762 1447 818 adminiculaverit,
1491 773 1743 826 tantamque

360 847 537 887 curam,
576 848 629 877 ne
660 832 705 878 in
732 833 877 897 aliquo
901 850 1001 879 eum
1027 844 1253 894 gravaret.
1288 833 1520 889 habuerit,
1552 845 1599 879 ut
1627 834 1743 879 idem

357 912 634 965 praeceptum
676 920 764 949 non
802 904 849 949 in
883 904 1020 950 multa
1063 903 1327 949 distenderet
1365 921 1420 950 ne
1461 903 1570 968 quid
1605 904 1745 950 oneris

359 972 493 1018 homo
509 1010 519 1029 ,
542 990 674 1036 quem
696 985 818 1020 ‘tanta
840 976 1110 1036 benignitate
1133 975 1416 1032 condiderat,
1445 975 1499 1022 de
1525 974 1745 1039 multipli-

359 1053 454 1088 cata
475 1043 566 1104 lege
589 1045 778 1092 sentiret.
808 1046 899 1092 Cur
918 1064 1018 1106 ergo
1043 1063 1162 1092 nunc
1181 1064 1342 1110 corpus
1361 1046 1649 1110 corruptibile
1675 1063 1746 1106 ag·

359 1125 510 1174 gravat
535 1115 782 1163 animamw
805 1117 897 1163 Cur
919 1135 1019 1178 ergo
1055 1135 1183 1178 grave
1211 1122 1368 1179 jugum
1390 1130 1453 1164 est
1477 1135 1608 1182 super
1636 1117 1746 1163 filios

362 1185 504 1231 Adam
540 1205 562 1232 a
593 1187 664 1234 die
697 1189 831 1235 exitus
855 1189 909 1235 de
934 1200 1083 1235 ventre
1118 1190 1268 1235 matris
1297 1190 1514 1235 eorum29
1541 1188 1744 1253 quando-

358 1256 536 1319 quidem
567 1258 712 1322 ipsum
736 1261 877 1306 Adam
898 1278 976 1306 nec
1000 1260 1091 1322 lege
1119 1260 1413 1324 multiplicata
1434 1261 1574 1306 voluit
1595 1277 1747 1320 aggra-

358 1344 473 1375 vare.
501 1329 669 1393 Nempe
683 1332 858 1378 cernitis
874 1370 884 1389 ,
899 1333 1016 1397 quod
1040 1334 1071 1378 si
1087 1333 1132 1378 in
1144 1331 1346 1396 paradiso
1364 1349 1491 1377 nemo
1510 1339 1743 1395 peccasset,

360 1398 421 1444 ita
458 1399 726 1449 foecunditas
760 1408 999 1464 conjugum
1042 1421 1193 1464 genere
1218 1403 1415 1448 humano
1440 1402 1586 1448 locum
1625 1401 1747 1447 illum

362 1479 493 1515 tantae
533 1471 750 1519 felicitatis
783 1475 1010 1538 impleret,
1046 1484 1095 1520 ut
1124 1490 1203 1519 nec
1243 1474 1432 1519 animam
1457 1472 1748 1537 corruptibile

360 1559 521 1605 corpus
536 1555 757 1603 gravaret,
780 1550 1026 1606 necjugum
1051 1562 1179 1606 grave
1202 1556 1325 1591 natos
1348 1545 1548 1591 homines
1571 1561 1745 1609 preme-

359 1624 452 1667 ret,
488 1632 567 1660 nec
600 1615 726 1661 labor
764 1627 805 1662 et
837 1617 962 1662 dolor
1000 1617 1266 1662 miserandos
1297 1617 1506 1680 parvulos
1532 1617 1740 1664 erudiret.

358 1684 484 1731 Unde
503 1703 603 1747 ergo
624 1687 703 1733 ista
722 1699 822 1733 sunt
840 1726 850 1744 ,
880 1705 982 1752 quae
1011 1688 1163 1751 utique
1184 1706 1273 1734 non
1299 1699 1401 1734 sunt
1420 1688 1474 1734 de
1489 1689 1633 1735 nescio
1658 1705 1745 1752 qua

360 1757 473 1803 mala
493 1795 503 1812 ‚
522 1774 654 1821 quam
671 1759 948 1804 Manichaeus
962 1760 1085 1819 fingit
1103 1796 1113 1814 ,
1135 1770 1207 1804 aut
1222 1759 1360 1806 credit
1373 1797 1383 1816 ,
1409 1777 1429 1804 a
1447 1759 1575 1805 nobis
1589 1759 1744 1813 aliena,

359 1829 575 1893 nobisque
603 1831 836 1893 permixta,
867 1831 948 1876 nisi
975 1831 1029 1876 de
1055 1841 1199 1876 nostra
1221 1832 1374 1878 vitiata
1399 1830 1530 1894 primi
1559 1830 1749 1876 hominis

362 1901 697 1960 transgressione
722 1905 910 1948 natura?

427 1971 512 2017 Sed
537 1972 706 2018 miraris
732 1973 864 2019 homo
889 1984 1043 2019 acutus
1069 1991 1117 2019 ac
1136 1972 1328 2036 prudens
1346 2010 1356 2029 ,
1373 1983 1415 2018 et
1437 1989 1524 2018 non
1538 1971 1748 2018 existimas

361 2059 447 2088 esse
466 2042 735 2088 credendum
757 2081 767 2095 ,
787 2043 908 2108 quod
933 2043 1102 2090 diaboli
1118 2044 1268 2104 exigua
1292 2043 1427 2090 verba
1450 2060 1550 2090 cum
1570 2042 1750 2089 muliere

361 2114 595 2158 commixta
630 2124 801 2159 tantum
836 2115 995 2160 virium
1026 2114 1234 2159 habuisse
1266 2112 1493 2169 dicuntur,
1530 2124 1579 2159 ut
1619 2123 1750 2158 natu-

359 2185 465 2230 ralia
511 2195 670 2230 cuncta
716 2185 833 2230 bona
870 2195 1165 2249 perverterent
1195 2204 1205 2227 z
1235 2185 1360 2248 quasi
1399 2184 1486 2231 hoc
1528 2184 1746 2248 loquentis

357 2256 491 2302 verba
522 2255 728 2311 fecerint,
755 2274 840 2302 non
875 2273 1107 2302 consensus
1132 2255 1360 2302 audientis
1401 2256 1499 2301 Non
1529 2255 1667 2311 enim,
1697 2265 1745 2300 ut

357 2327 490 2382 dicis,
534 2344 676 2390 pauca
702 2328 834 2373 verba
858 2328 1066 2391 serpentis
1091 2327 1136 2373 in
1165 2326 1464 2373 conditionem
1491 2343 1613 2373 versa
1645 2336 1744 2372 sunt

358 2397 626 2444 naturalium
645 2415 656 2443 ε
675 2398 747 2444 sed
763 2398 952 2444 hominis
970 2397 1173 2443 voluntas
1188 2396 1382 2461 perdidit
1403 2397 1571 2442 bonum
1589 2434 1599 2453 ‚
1623 2396 1743 2460 quod

355 2469 480 2515 reddi
511 2486 599 2515 non
631 2480 780 2532 posset
804 2469 997 2514 hominis
1032 2469 1288 2525 voluntate,
1323 2467 1395 2514 sed
1433 2467 1532 2525 Dei,
1566 2466 1744 2532 quando

355 2539 629 2586 reddendum
644 2550 686 2585 et
709 2540 871 2604 quibus
897 2538 1171 2586 reddendum
1188 2577 1198 2596 ‚
1214 2539 1500 2600 justissimus,
1527 2540 1745 2602 potentis-

405 2622 505 2665 ¹Sap.
525 2634 570 2660 ix,
595 2621 744 2654 15.—²
765 2623 858 2655 Eccli.
880 2634 931 2657 Μ..
958 2634 984 2653 1.
