1824 3236
235 294 392 324 oratus
428 293 691 324 IMPERFECTI
729 294 903 326 CONTRA
939 298 1185 341 surranum,
1225 301 1312 333 Lm,
1355 302 1415 334 VI.
1467 284 1559 335 563

186 357 331 405 nibus.
372 359 501 405 Nunc
537 369 678 404 autem
715 359 914 408 Christus
938 364 1087 412 missus
1117 366 1247 413 estin
1282 366 1565 415 similitudine

187 429 328 475 carnis
348 430 548 493 peccati3
578 428 680 492 quia
707 429 821 477 solus
841 448 985 479 veram
1011 451 1183 482 carnem
1218 436 1278 483 sic
1297 436 1457 484 habuit
1479 476 1490 495 ,
1517 445 1566 486 ut

187 508 274 544 non
303 509 410 545 esset
429 516 530 545 caro
565 499 734 562 peccati
751 537 761 556 ‚
796 499 867 546 sed
902 506 992 563 ejus
1015 504 1253 552 similitudo
1277 523 1288 551 ε
1312 523 1360 553 ac
1378 525 1456 571 per
1479 509 1566 554 hoc

187 581 357 616 necesse
372 580 495 616 estut
509 569 739 627 fateamur,
763 587 934 618 carnem
955 585 1210 622 caeterorum
1232 575 1461 624 hominum
1481 595 1568 624 esse

186 640 387 703 peceati,
419 640 491 687 cui
515 640 666 687 similis
688 641 802 688 facta
834 652 897 689 est
920 659 1017 691 vera
1039 663 1140 692 caro
1166 645 1355 705 Christi,
1383 650 1454 695 sed
1479 664 1567 695 non

186 724 288 755 caro
310 711 495 773 peccati.

251 782 454 828 xxxvl.
483 782 584 828 JUL.
631 783 997 831 «Confodiuntur
1034 802 1192 850 nempe
1226 787 1496 845 Manichaei,
1531 799 1572 835 et

188 863 418 914 peccatum
458 852 656 899 naturale
687 853 934 908 credentes,
974 867 1016 902 et
1057 858 1413 904 resurrectionem
1432 858 1571 905 carnis

187 933 403 982 negantes,
425 944 444 964 ι(
458 923 489 967 N
501 940 582 969 unc
599 933 759 980 autem,
779 924 941 988 inquit,
961 926 1162 972 Christus
1174 928 1403 974 resurrexit
1420 947 1442 974 a
1457 945 1571 975 mor-

189 1014 208 1034 »
233 994 318 1039 tuis
332 993 540 1058 primitive
558 994 893 1052 dormientium,
918 997 1125 1060 quoniam
1143 998 1317 1061 quidem
1334 1016 1413 1063 per
1429 999 1574 1046 homi·-

190 1084 208 1105 n
229 1079 326 1109 nem
345 1079 481 1120 mors,
509 1073 549 1110 et
574 1082 652 1128 per
675 1064 898 1112 hominem
930 1068 1182 1114 resurrectio
1204 1079 1473 1116 mortuorum
1491 1070 1525 1118 1.
1551 1093 1571 1113 »

188 1137 254 1180 De
290 1135 598 1182 resurrectione
626 1135 699 1182 hic
739 1135 974 1200 Apostolus
1006 1155 1093 1184 non
1130 1139 1315 1199 generali
1346 1140 1565 1204 loquitur,

187 1223 317 1270 qnam
351 1208 567 1270 experturi
590 1219 691 1253 sunt
709 1208 838 1253 etiam
859 1207 1047 1265 scelesti,
1073 1210 1201 1255 etiam
1223 1210 1395 1274 profani
1420 1212 1571 1271 homi-

189 1294 288 1330 nes;
317 1277 388 1323 sed
424 1277 477 1324 de
502 1294 650 1324 eorum
682 1278 1014 1334 tantumnodo,
1058 1279 1134 1343 qui
1172 1281 1481 1328 transferentur
1526 1283 1569 1328 in

189 1347 384 1407 gloriam.
414 1350 587 1394 Beatam
609 1365 708 1409 ergo
729 1349 1082 1395 resurrectionem
1102 1366 1216 1413 puro
1235 1351 1410 1398 nomine
1436 1369 1574 1399 resur-

190 1419 391 1465 rectionis
415 1419 633 1473 ostendit,
672 1423 795 1480 cujus
830 1422 1156 1484 comparatione
1172 1460 1182 1478 ,
1221 1421 1294 1468 illa
1332 1423 1569 1487 impiorum

188 1491 309 1553 quasi
332 1508 415 1536 non
437 1491 491 1536 sit
518 1492 790 1547 resurrectio,
817 1492 1080 1554 praeteritur.
1108 1492 1189 1538 Hic
1209 1510 1309 1552 ergo
1341 1495 1572 1558 Apostolus

190 1579 275 1606 non
292 1561 431 1606 solum
451 1562 804 1608 resurrectionem
825 1600 834 1617 ‚
859 1572 907 1607 ut
924 1561 1008 1607 dixi
1030 1600 1040 1617 ,
1078 1579 1177 1625 quae
1206 1563 1332 1609 lionis
1362 1564 1571 1629 malisque

190 1631 435 1677 communis
459 1641 520 1677 est
537 1670 547 1688 ‚
580 1632 652 1678 sed
688 1634 1039 1677 resurrectionem
1078 1631 1271 1678 ineulcat
1296 1633 1467 1680 beatam
1493 1653 1504 1681 ε
1530 1647 1572 1681 et

189 1702 389 1749 licetnon
411 1703 464 1749 sit
486 1720 623 1750 unum
641 1704 898 1749 resurrectio
918 1714 953 1749 et
976 1703 1203 1749 beatitudo
1227 1707 1565 1763 resurrectionis,

189 1773 302 1820 sicut
331 1790 410 1820 nec
431 1774 686 1819 resurrectio
705 1783 746 1818 et
767 1774 1086 1818 resurrectionis
1108 1774 1279 1818 miseria
1303 1791 1437 1821 unum
1471 1787 1533 1821 est
1554 1797 1565 1829 ;

131 1864 158 1873 1·
189 1852 333 1890 tamen
354 1843 457 1908 quia
488 1842 716 1888 beatitudo
750 1853 910 1888 aeterna
945 1843 1109 1906 absque
1142 1846 1454 1891 resurrectione
1479 1863 1566 1893 non

189 1922 250 1960 est
268 1951 279 1969 ‚
312 1913 486 1959 nomine
507 1917 598 1973 ers
616 1913 688 1958 illa
707 1930 882 1977 quoque
910 1911 1115 1969 felicitas,
1144 1929 1245 1976 quoe
1265 1915 1564 1962 excitationem

190 1983 309 2030 liaud
340 1984 644 2049 poenitendam
662 1984 768 2030 facit
791 2001 876 2030 esse
895 2022 905 2039 ‚
933 1984 1139 2044 signatur.
1169 1984 1226 2030 Ut
1247 1984 1280 2030 si
1312 1985 1468 2049 aliquis
1491 1987 1562 2033 in-

191 2054 399 2101 dustriam
422 2093 431 2111 ‚
463 2055 593 2110 vires,
617 2065 658 2100 et
686 2054 829 2100 studia
854 2055 1021 2101 diversa
1044 2053 1318 2111 collaudans,
1347 2072 1562 2120 compen-

191 2125 264 2172 dio
288 2144 334 2172 ea
358 2126 457 2172 vitae
486 2124 587 2171 velit
611 2125 859 2181 ostendere,
889 2125 1009 2170 verbi
1030 2125 1164 2184 gratia
1182 2162 1192 2178 ‚
1216 2125 1427 2172 eruditam
1448 2128 1562 2174 illius

191 2197 325 2243 vitam
344 2237 349 2252 ,
368 2197 601 2257 elegantem
622 2196 753 2256 liujus
767 2233 776 2251 ‚
798 2196 1026 2260 impigram
1048 2196 1237 2259 appellet
1255 2195 1455 2251 alterius3
1476 2216 1562 2245 non

192 2268 344 2332 utique
374 2267 614 2314 admoverit
643 2267 961 2313 distinctionem
984 2304 994 2321 ‚
1031 2276 1078 2311 ut
1104 2266 1218 2311 idem
1243 2267 1331 2312 vita
1355 2268 1469 2331 quod
1493 2269 1564 2314 in-

192 2338 355 2385 dustria
371 2376 381 2395 ‚
411 2338 528 2402 quod
551 2337 780 2398 elegantia,
812 2335 930 2401 quod
955 2336 1165 2382 fortitudo
1188 2335 1385 2383 videatur
1406 2354 1417 2383 :
1445 2339 1563 2385 aliud

192 2418 253 2455 est
272 2409 439 2473 quippe
459 2410 617 2464 vivere,
637 2407 752 2454 aliud
772 2407 966 2462 studere3
986 2417 1281 2453 verumtamen
1297 2407 1377 2453 nisi
1395 2409 1562 2463 vixeris,

192 2479 339 2526 nullus
357 2475 565 2525 studebis.
599 2480 663 2524 Ita
683 2479 808 2525 etiam
838 2496 923 2524 non
949 2488 1010 2524 cst
1034 2477 1145 2524 idem
1168 2479 1420 2524 resurrectio
1445 2480 1566 2545 quod

191 2548 450 2604 beatitud03
482 2560 544 2595 est
571 2549 738 2613 quippe
762 2550 914 2596 misera
938 2548 1135 2596 excitatio
1159 2548 1351 2595 cinerum
1386 2568 1396 2595 :
1424 2561 1566 2596 tamen

240 2635 250 2657 ¹
276 2647 285 2666 ι
311 2636 386 2667 Cor.
410 2643 464 2671 xv,
489 2643 543 2664 20.

1362 2687 1438 2733 36.
