1863 3262
167 337 323 367 OPERIS
358 333 623 366 IMPERFECTI
661 332 838 363 CONTRA
872 333 1117 375 JtssLlANt‘M,
1160 337 1246 366 LIB.
1290 338 1350 367 1v.
1401 322 1493 384 275

113 401 232 464 quod
260 412 401 446 tamen
421 399 455 445 si
473 399 565 445 fieri
585 398 843 461 prohiberet
885 399 1164 456 Ambrosius,
1189 401 1416 447 vobiscum
1441 401 1495 447 de

115 472 308 517 Ecclesia
335 469 554 516 catholica
583 467 831 531 pelleretur.
866 469 989 513 Absit
1009 470 1121 515 enim
1145 480 1191 516 ut
1208 471 1306 517 hrec
1327 488 1495 517 correc-

116 542 176 586 tio
195 542 359 604 potius‚
386 556 517 603 quam
541 538 741 601 deceptio
778 538 1040 585 nominetur.
1071 540 1195 585 Absit
1217 558 1316 600 ergo
1355 552 1402 586 ut
1428 541 1500 586 ille

116 612 185 658 vir
203 611 427 657 vobiscum
446 619 598 654 contra
619 619 801 654 matrem
820 608 1096 654 Catholicam
1112 610 1363 656 consisteret
1385 629 1395 656 ε
1424 610 1498 656 sed

118 683 244 730 vobis
262 680 453 728 invictus
475 697 556 744 pro
584 680 656 725 illa
674 680 899 726 resisteret.

185 752 306 809 Quid
321 762 383 797 est
401 751 550 811 igitur,
578 767 665 814 quo
688 768 755 796 me
782 750 930 796 abillo
955 750 1000 796 in
1022 750 1108 796 hac
1143 768 1273 798 causa
1291 770 1502 816 separan-

120 823 226 869 dum
244 823 402 887 putas?
431 823 514 868 Per
536 822 889 867 commixtionem
914 838 1154 884 corporum
1193 822 1321 867 maris
1344 834 1384 868 et
1410 823 1498 869 foe-

123 894 272 950 minae,
307 886 453 939 delicti
473 902 688 956 expertem
723 892 842 937 nasci
870 891 970 937 dico
1000 892 1236 949 neminem,
1261 893 1373 939 sicut
1393 893 1464 939 ille
1489 911 1500 939 ι

121 978 202 1010 nec
239 974 382 1009 tamen
413 979 596 1025 corpora
632 962 810 1007 diabolo
834 961 1053 1008 conditori
1098 962 1268 1019 tribuo,
1298 964 1400 1027 quia
1425 981 1505 1010 nec

125 1034 197 1082 ille
223 1051 234 1078 ε
261 1033 633 1097 quemadmodum
661 1042 830 1078 naturae
851 1034 1004 1079 vitium
1032 1034 1160 1079 ambo
1181 1035 1428 1097 culpamus,
1450 1037 1511 1081 ita

126 1115 296 1151 naturae
321 1114 540 1151 auctorem
560 1104 690 1149 ambo
714 1120 985 1150 veneramur.
1025 1104 1070 1149 Si
1103 1106 1308 1168 quoniam
1343 1122 1514 1152 concu-

127 1175 383 1240 piscentiam
405 1175 563 1226 carnis=
601 1191 686 1237 qua
721 1191 821 1220 caro
856 1174 1129 1237 concupiscit
1163 1174 1366 1221 adversus
1384 1176 1516 1240 spiri-

130 1256 244 1300 tum,
270 1263 349 1308 per
371 1244 772 1310 praevaricationem
813 1244 943 1306 primi
988 1244 1178 1289 hominis
1221 1245 1266 1290 in
1312 1257 1515 1291 naturam

131 1316 307 1363 vertisse
331 1316 463 1362 dico:
493 1338 512 1357 «
530 1315 633 1360 Ideo
659 1331 791 1374 arguo
834 1314 1029 1358 membra
1051 1351 1061 1369 ,
1101 1331 1189 1359 non
1224 1315 1356 1369 vitia;
1385 1338 1404 1357 n
1424 1316 1514 1363 hoc

130 1385 234 1432 fecit
250 1396 292 1431 et
312 1385 383 1431 ille
404 1402 415 1430 ε
440 1385 475 1430 si
499 1401 598 1430 vcro
624 1384 799 1429 aliunde
830 1394 891 1428 est
916 1384 1037 1444 origo
1064 1384 1268 1430 vitiorum
1288 1422 1299 1441 ‚
1341 1382 1516 1434 aliunde

135 1457 434 1502 membrorum
459 1474 470 1512 3
497 1473 576 1501 nec
607 1473 685 1515 ego
712 1455 749 1511 ¹1,
774 1472 854 1500 nec
888 1455 960 1500 ille
989 1455 1258 1501 voluntatem
1290 1458 1520 1521 propriam

134 1527 268 1573 inesse
301 1527 596 1582 nascentibus,
625 1543 705 1572 nec
750 1526 1003 1571 Ambrosius
1038 1525 1162 1577 dicit,
1202 1544 1281 1573 nec
1303 1542 1414 1588 ego:
1439 1547 1519 1592 per

134 1598 266 1661 primi
286 1597 477 1643 hominis
511 1608 655 1643 tamen
688 1596 1084 1660 praevaricatricem
1109 1597 1378 1644 voluntatem
1419 1599 1517 1645 fac-

135 1678 227 1713 tum
251 1684 339 1713 esse
366 1667 738 1731 concupiscentiae
757 1666 913 1713 vitium
937 1703 948 1723 ,
987 1667 1103 1713 unde
1126 1681 1204 1731 per
1244 1669 1519 1716 commixtio-

132 1755 232 1784 nem
253 1755 429 1784 sexuum
460 1748 682 1784 nascentes
720 1738 902 1783 trahunt
942 1737 1150 1797 originale
1184 1750 1442 1802 peccatum,
1474 1752 1517 1788 et

135 1809 391 1855 Ambrosius
413 1808 539 1865 dicit,
561 1819 603 1854 et
640 1826 731 1869 ego.
774 1809 916 1854 Ambo
958 1808 1091 1868 igitur
1132 1820 1255 1855 natos
1294 1810 1511 1868 homines,

135 1875 366 1943 antequam
391 1889 687 1935 renascantur,
712 1896 800 1924 nou
825 1886 1008 1941 propter
1030 1890 1177 1924 eorum
1207 1875 1512 1938 substantiam,

135 1953 260 2010 cujus
276 1959 448 1995 creator
479 1959 541 1994 est
568 1953 699 2004 Deus,
741 1948 813 1994 sed
843 1951 1027 2012 propter
1051 1959 1280 2012 peccatum
1302 1951 1421 2013 quod
1439 1969 1519 2015 per

135 2037 272 2067 unum
299 2019 496 2075 intravit,
524 2029 566 2064 et
594 2036 673 2082 per
695 2035 842 2064 omnes
867 2019 1065 2064 homines
1091 2019 1359 2082 pertransiit,
1392 2025 1516 2082 cujus

134 2090 307 2156 peccati
328 2099 482 2136 auctor
503 2101 565 2135 est
589 2090 815 2146 diabolus,
842 2090 1048 2153 potestati
1081 2089 1338 2136 adversariae
1372 2091 1518 2156 depti-

134 2174 292 2209 tamus

201 2231 322 2289 Quid
339 2231 537 2295 estquod
560 2242 600 2278 te
622 2231 999 2295 impudentissima
1018 2231 1159 2278 fronte
1175 2233 1386 2289 mentiris,
1406 2235 1516 2280 Am-

133 2304 270 2353 brosii
293 2313 334 2349 et
353 2302 535 2348 aliorum
556 2302 762 2348 similium
779 2303 896 2349 dicta
914 2302 1143 2348 defendere
1162 2313 1292 2367 atque
1310 2296 1514 2351 deluere?

136 2375 247 2433 Quis
270 2373 329 2419 ita
352 2384 494 2418 caecus
515 2382 594 2426 est,
629 2383 678 2418 ut
697 2377 785 2418 non
803 2372 951 2418 videat
975 2372 1095 2436 quod
1121 2389 1168 2418 ea
1201 2383 1249 2419 tu
1270 2372 1512 2437 reprehen-

136 2447 212 2493 das
230 2482 240 2501 ‚
283 2456 360 2504 ego
380 2442 635 2495 defendam3
670 2454 717 2488 tu
742 2443 928 2506 polluas,
965 2460 1042 2502 ego
1063 2442 1269 2489 deluam?
1295 2436 1515 2491 Ambrosii

136 2517 252 2563 dicta
272 2525 374 2560 sunt
397 2513 451 2559 de
484 2513 660 2558 Christo
694 2512 927 2576 loquentis,
949 2514 1107 2569 «Ideo,
1143 2515 1302 2578 inquit,
1333 2526 1373 2560 et
1388 2517 1512 2579 quasi

137 2609 158 2631 »
180 2588 314 2633 homo
327 2602 405 2648 per
423 2584 620 2631 universa
634 2594 822 2630 tentatus
843 2596 923 2641 est,
938 2606 958 2627 1)
972 2586 1028 2631 Et
1055 2586 1100 2631 in
1119 2585 1403 2633 similitudine
1428 2589 1512 2634 ho-

186 2669 196 2692 ¹
213 2668 370 2710 Subandi,
384 2677 482 2709 arguo
499 2667 640 2699 membra
659 2677 721 2698 non
741 2666 826 2700 vitia.

1284 2724 1350 2767 18.
