<?xml version="1.0" encoding="UTF-8"?>
<!DOCTYPE html PUBLIC "-//W3C//DTD XHTML 1.0 Transitional//EN"
    "http://www.w3.org/TR/xhtml1/DTD/xhtml1-transitional.dtd">
<html xmlns="http://www.w3.org/1999/xhtml" xml:lang="en" lang="en">
 <head>
  <title>
</title>
<meta http-equiv="Content-Type" content="text/html;charset=utf-8" />
  <meta name='ocr-system' content='tesseract 3.04.00' />
  <meta name='ocr-capabilities' content='ocr_page ocr_carea ocr_par ocr_line ocrx_word'/>
</head>
<body>
  <div class='ocr_page' id='page_1' title='image "./operaomniaaccura37auguuoft/operaomniaaccura37auguuoft_0247.png"; bbox 0 0 1863 3262; ppageno 0'>
   <div class='ocr_carea' id='block_1_1' title="bbox 89 287 1504 2679">
    <p class='ocr_par' dir='ltr' id='par_1_1' title="bbox 89 287 1504 2616">
     <span class='ocr_line' id='line_1_1' title="bbox 137 287 1458 352; baseline 0.004 -22"><span class='ocrx_word' id='word_1_1' title='bbox 137 300 292 331; x_wconf 71' lang='lat' dir='ltr'>opums</span> <span class='ocrx_word' id='word_1_2' title='bbox 330 299 587 331; x_wconf 74' lang='lat' dir='ltr'>IMPERFECT!</span> <span class='ocrx_word' id='word_1_3' title='bbox 625 299 797 329; x_wconf 74' lang='lat' dir='ltr'><strong>CONTRA</strong></span> <span class='ocrx_word' id='word_1_4' title='bbox 838 299 1082 343; x_wconf 78' lang='lat' dir='ltr'>JULtANUM,</span> <span class='ocrx_word' id='word_1_5' title='bbox 1125 303 1209 334; x_wconf 68' lang='grc' dir='ltr'>ΜΒ.</span> <span class='ocrx_word' id='word_1_6' title='bbox 1255 304 1312 335; x_wconf 84' lang='lat' dir='ltr'>lv.</span> <span class='ocrx_word' id='word_1_7' title='bbox 1368 287 1458 352; x_wconf 77' lang='lat'>237</span> 
     </span>
     <span class='ocr_line' id='line_1_2' title="bbox 91 365 1472 431; baseline 0.004 -19"><span class='ocrx_word' id='word_1_8' title='bbox 91 377 129 412; x_wconf 82' lang='lat' dir='ltr'>ta</span> <span class='ocrx_word' id='word_1_9' title='bbox 139 384 175 411; x_wconf 82' lang='lat' dir='ltr'>rn</span> <span class='ocrx_word' id='word_1_10' title='bbox 198 366 334 412; x_wconf 83' lang='lat' dir='ltr'>fidelis</span> <span class='ocrx_word' id='word_1_11' title='bbox 353 366 641 430; x_wconf 80' lang='lat' dir='ltr'>responsionis</span> <span class='ocrx_word' id='word_1_12' title='bbox 661 365 919 411; x_wconf 80' lang='lat' dir='ltr'>documenta</span> <span class='ocrx_word' id='word_1_13' title='bbox 936 368 1120 429; x_wconf 78' lang='lat' dir='ltr'>protulit</span> <span class='ocrx_word' id='word_1_14' title='bbox 1141 387 1271 431; x_wconf 81' lang='lat' dir='ltr'>quam</span> <span class='ocrx_word' id='word_1_15' title='bbox 1298 371 1472 431; x_wconf 77' lang='lat' dir='ltr'>elegan-</span> 
     </span>
     <span class='ocr_line' id='line_1_3' title="bbox 92 436 1467 504; baseline 0.004 -22"><span class='ocrx_word' id='word_1_16' title='bbox 92 437 143 482; x_wconf 91' lang='lat' dir='ltr'>tis</span> <span class='ocrx_word' id='word_1_17' title='bbox 166 437 339 497; x_wconf 80' lang='lat' dir='ltr'>ingenii.</span> <span class='ocrx_word' id='word_1_18' title='bbox 377 438 481 482; x_wconf 54' lang='lat' dir='ltr'>Nam</span> <span class='ocrx_word' id='word_1_19' title='bbox 510 447 739 499; x_wconf 79' lang='lat' dir='ltr'>postquam</span> <span class='ocrx_word' id='word_1_20' title='bbox 763 436 877 482; x_wconf 85' lang='lat' dir='ltr'>dieta</span> <span class='ocrx_word' id='word_1_21' title='bbox 900 455 989 482; x_wconf 78' lang='lat' dir='ltr'>inea</span> <span class='ocrx_word' id='word_1_22' title='bbox 1013 474 1023 493; x_wconf 81' lang='grc'>,</span> <span class='ocrx_word' id='word_1_23' title='bbox 1048 455 1148 501; x_wconf 62' lang='lat' dir='ltr'>quie</span> <span class='ocrx_word' id='word_1_24' title='bbox 1174 457 1303 502; x_wconf 85' lang='lat' dir='ltr'>supra</span> <span class='ocrx_word' id='word_1_25' title='bbox 1323 442 1467 504; x_wconf 84' lang='lat' dir='ltr'>posui,</span> 
     </span>
     <span class='ocr_line' id='line_1_4' title="bbox 92 506 1470 570; baseline 0.004 -18"><span class='ocrx_word' id='word_1_26' title='bbox 92 506 209 552; x_wconf 80' lang='lat' dir='ltr'>nulla</span> <span class='ocrx_word' id='word_1_27' title='bbox 231 524 274 552; x_wconf 88' lang='lat' dir='ltr'>re</span> <span class='ocrx_word' id='word_1_28' title='bbox 295 524 405 553; x_wconf 83' lang='lat' dir='ltr'>nova</span> <span class='ocrx_word' id='word_1_29' title='bbox 429 506 724 552; x_wconf 70' lang='lat' dir='ltr'>intercedente</span> <span class='ocrx_word' id='word_1_30' title='bbox 739 544 748 562; x_wconf 83' lang='lat'>‚</span> <span class='ocrx_word' id='word_1_31' title='bbox 778 506 972 552; x_wconf 77' lang='lat' dir='ltr'>laudavit</span> <span class='ocrx_word' id='word_1_32' title='bbox 990 518 1031 552; x_wconf 91' lang='lat' dir='ltr'>et</span> <span class='ocrx_word' id='word_1_33' title='bbox 1047 509 1254 570; x_wconf 77' lang='lat' dir='ltr'>probavit</span> <span class='ocrx_word' id='word_1_34' title='bbox 1272 547 1282 566; x_wconf 83' lang='lat'><strong><em>‚</em></strong></span> <span class='ocrx_word' id='word_1_35' title='bbox 1305 511 1358 555; x_wconf 92' lang='lat' dir='ltr'>ad</span> <span class='ocrx_word' id='word_1_36' title='bbox 1377 529 1470 557; x_wconf 90' lang='lat' dir='ltr'>eam</span> 
     </span>
     <span class='ocr_line' id='line_1_5' title="bbox 90 576 1474 642; baseline 0.003 -19"><span class='ocrx_word' id='word_1_37' title='bbox 90 588 258 642; x_wconf 85' lang='lat' dir='ltr'>partem</span> <span class='ocrx_word' id='word_1_38' title='bbox 281 594 366 640; x_wconf 83' lang='lat' dir='ltr'>qua</span> <span class='ocrx_word' id='word_1_39' title='bbox 389 576 627 640; x_wconf 85' lang='lat' dir='ltr'>disputatio</span> <span class='ocrx_word' id='word_1_40' title='bbox 643 595 665 622; x_wconf 87' lang='lat' dir='ltr'>a</span> <span class='ocrx_word' id='word_1_41' title='bbox 687 577 812 622; x_wconf 84' lang='lat' dir='ltr'>nobis</span> <span class='ocrx_word' id='word_1_42' title='bbox 834 578 1041 640; x_wconf 76' lang='lat' dir='ltr'>promissa</span> <span class='ocrx_word' id='word_1_43' title='bbox 1069 579 1376 641; x_wconf 68' lang='lat' dir='ltr'>supplebatur,</span> <span class='ocrx_word' id='word_1_44' title='bbox 1396 598 1474 627; x_wconf 84' lang='lat' dir='ltr'>ac-</span> 
     </span>
     <span class='ocr_line' id='line_1_6' title="bbox 91 647 1466 711; baseline 0.003 -18"><span class='ocrx_word' id='word_1_45' title='bbox 91 648 227 695; x_wconf 81' lang='lat' dir='ltr'>cessit.</span> <span class='ocrx_word' id='word_1_46' title='bbox 252 648 482 704; x_wconf 71' lang='lat' dir='ltr'>Quaerente</span> <span class='ocrx_word' id='word_1_47' title='bbox 500 665 567 692; x_wconf 85' lang='lat' dir='ltr'>me</span> <span class='ocrx_word' id='word_1_48' title='bbox 580 648 745 710; x_wconf 77' lang='lat' dir='ltr'>quippe</span> <span class='ocrx_word' id='word_1_49' title='bbox 762 685 772 703; x_wconf 78' lang='lat'>,</span> <span class='ocrx_word' id='word_1_50' title='bbox 793 665 871 711; x_wconf 86' lang='lat' dir='ltr'>per</span> <span class='ocrx_word' id='word_1_51' title='bbox 887 647 993 711; x_wconf 87' lang='lat' dir='ltr'>quid</span> <span class='ocrx_word' id='word_1_52' title='bbox 1014 648 1096 693; x_wconf 87' lang='lat' dir='ltr'>sub</span> <span class='ocrx_word' id='word_1_53' title='bbox 1114 648 1292 694; x_wconf 80' lang='lat' dir='ltr'>diabolo</span> <span class='ocrx_word' id='word_1_54' title='bbox 1313 662 1466 708; x_wconf 81' lang='lat' dir='ltr'>essent,</span> 
     </span>
     <span class='ocr_line' id='line_1_7' title="bbox 92 717 1474 781; baseline 0.002 -19"><span class='ocrx_word' id='word_1_55' title='bbox 92 733 202 781; x_wconf 85' lang='lat' dir='ltr'>quos</span> <span class='ocrx_word' id='word_1_56' title='bbox 231 719 346 763; x_wconf 90' lang='lat' dir='ltr'>Deus</span> <span class='ocrx_word' id='word_1_57' title='bbox 368 717 493 770; x_wconf 76' lang='lat' dir='ltr'>feeit3</span> <span class='ocrx_word' id='word_1_58' title='bbox 524 717 576 763; x_wconf 79' lang='lat' dir='ltr'>ad</span> <span class='ocrx_word' id='word_1_59' title='bbox 598 717 714 780; x_wconf 82' lang='lat' dir='ltr'>quod</span> <span class='ocrx_word' id='word_1_60' title='bbox 741 718 943 780; x_wconf 81' lang='lat' dir='ltr'>respondi</span> <span class='ocrx_word' id='word_1_61' title='bbox 974 718 1109 780; x_wconf 80' lang='lat' dir='ltr'>ipsius</span> <span class='ocrx_word' id='word_1_62' title='bbox 1133 719 1309 764; x_wconf 86' lang='lat' dir='ltr'>nomine</span> <span class='ocrx_word' id='word_1_63' title='bbox 1325 756 1336 774; x_wconf 90' lang='lat'>‚</span> <span class='ocrx_word' id='word_1_64' title='bbox 1358 720 1474 765; x_wconf 84' lang='lat' dir='ltr'>«Per</span> 
     </span>
     <span class='ocr_line' id='line_1_8' title="bbox 93 788 1479 852; baseline 0.002 -18"><span class='ocrx_word' id='word_1_65' title='bbox 93 799 326 852; x_wconf 85' lang='lat' dir='ltr'>peecatum</span> <span class='ocrx_word' id='word_1_66' title='bbox 345 826 354 845; x_wconf 77' lang='lat'>‚</span> <span class='ocrx_word' id='word_1_67' title='bbox 371 807 456 834; x_wconf 86' lang='lat' dir='ltr'>non</span> <span class='ocrx_word' id='word_1_68' title='bbox 472 806 551 852; x_wconf 81' lang='lat' dir='ltr'>per</span> <span class='ocrx_word' id='word_1_69' title='bbox 570 799 769 834; x_wconf 84' lang='lat' dir='ltr'>naturam</span> <span class='ocrx_word' id='word_1_70' title='bbox 797 807 806 834; x_wconf 75' lang='grc' dir='ltr'>ε</span> <span class='ocrx_word' id='word_1_71' title='bbox 830 801 869 834; x_wconf 92' lang='lat' dir='ltr'>et</span> <span class='ocrx_word' id='word_1_72' title='bbox 888 789 1013 835; x_wconf 80' lang='lat' dir='ltr'>retuli</span> <span class='ocrx_word' id='word_1_73' title='bbox 1029 788 1082 834; x_wconf 84' lang='lat' dir='ltr'>de</span> <span class='ocrx_word' id='word_1_74' title='bbox 1100 806 1209 836; x_wconf 81' lang='lat' dir='ltr'>meo,</span> <span class='ocrx_word' id='word_1_75' title='bbox 1233 789 1315 835; x_wconf 79' lang='lat' dir='ltr'>Sed</span> <span class='ocrx_word' id='word_1_76' title='bbox 1332 826 1344 847; x_wconf 78' lang='grc'>,</span> <span class='ocrx_word' id='word_1_77' title='bbox 1365 790 1479 837; x_wconf 90' lang='lat' dir='ltr'>sicut</span> 
     </span>
     <span class='ocr_line' id='line_1_9' title="bbox 89 859 1475 923; baseline 0.001 -17"><span class='ocrx_word' id='word_1_78' title='bbox 89 860 182 923; x_wconf 84' lang='lat' dir='ltr'>ipse</span> <span class='ocrx_word' id='word_1_79' title='bbox 206 859 382 915; x_wconf 83' lang='lat' dir='ltr'>annuis,</span> <span class='ocrx_word' id='word_1_80' title='bbox 423 871 470 905; x_wconf 90' lang='lat' dir='ltr'>ut</span> <span class='ocrx_word' id='word_1_81' title='bbox 502 877 589 905; x_wconf 89' lang='lat' dir='ltr'>non</span> <span class='ocrx_word' id='word_1_82' title='bbox 629 871 768 922; x_wconf 84' lang='lat' dir='ltr'>potest</span> <span class='ocrx_word' id='word_1_83' title='bbox 806 878 891 906; x_wconf 90' lang='lat' dir='ltr'>esse</span> <span class='ocrx_word' id='word_1_84' title='bbox 918 862 1007 906; x_wconf 89' lang='lat' dir='ltr'>sine</span> <span class='ocrx_word' id='word_1_85' title='bbox 1030 860 1197 905; x_wconf 79' lang='lat' dir='ltr'>sexibus</span> <span class='ocrx_word' id='word_1_86' title='bbox 1218 859 1378 917; x_wconf 66' lang='lat' dir='ltr'>fietus,</span> <span class='ocrx_word' id='word_1_87' title='bbox 1415 862 1475 907; x_wconf 85' lang='lat' dir='ltr'>ita</span> 
     </span>
     <span class='ocr_line' id='line_1_10' title="bbox 95 930 1477 994; baseline 0.001 -19"><span class='ocrx_word' id='word_1_88' title='bbox 95 947 174 975; x_wconf 86' lang='lat' dir='ltr'>nee</span> <span class='ocrx_word' id='word_1_89' title='bbox 201 930 290 975; x_wconf 89' lang='lat' dir='ltr'>sine</span> <span class='ocrx_word' id='word_1_90' title='bbox 315 930 536 976; x_wconf 83' lang='lat' dir='ltr'>voluntate</span> <span class='ocrx_word' id='word_1_91' title='bbox 556 930 779 977; x_wconf 82' lang='lat' dir='ltr'>delictum.</span> <span class='ocrx_word' id='word_1_92' title='bbox 813 931 988 976; x_wconf 77' lang='lat' dir='ltr'>Habent</span> <span class='ocrx_word' id='word_1_93' title='bbox 1012 930 1143 990; x_wconf 81' lang='lat' dir='ltr'>igitur</span> <span class='ocrx_word' id='word_1_94' title='bbox 1159 941 1351 994; x_wconf 77' lang='lat' dir='ltr'>tempore</span> <span class='ocrx_word' id='word_1_95' title='bbox 1374 949 1477 977; x_wconf 91' lang='lat' dir='ltr'>eon-</span> 
     </span>
     <span class='ocr_line' id='line_1_11' title="bbox 93 1000 1476 1064; baseline 0.001 -18"><span class='ocrx_word' id='word_1_96' title='bbox 93 1010 247 1063; x_wconf 87' lang='lat' dir='ltr'>ceptus</span> <span class='ocrx_word' id='word_1_97' title='bbox 268 1000 332 1045; x_wconf 90' lang='lat' dir='ltr'>sui</span> <span class='ocrx_word' id='word_1_98' title='bbox 353 1037 362 1054; x_wconf 85' lang='lat'><strong>‚</strong></span> <span class='ocrx_word' id='word_1_99' title='bbox 386 1000 562 1063; x_wconf 86' lang='lat' dir='ltr'>parvuli</span> <span class='ocrx_word' id='word_1_100' title='bbox 585 1000 852 1046; x_wconf 86' lang='lat' dir='ltr'>voluntatem</span> <span class='ocrx_word' id='word_1_101' title='bbox 868 1038 878 1056; x_wconf 82' lang='lat'>,</span> <span class='ocrx_word' id='word_1_102' title='bbox 908 1002 981 1064; x_wconf 83' lang='lat' dir='ltr'>qui</span> <span class='ocrx_word' id='word_1_103' title='bbox 1005 1001 1152 1047; x_wconf 73' lang='lat' dir='ltr'>adhue</span> <span class='ocrx_word' id='word_1_104' title='bbox 1178 1002 1366 1047; x_wconf 79' lang='lat' dir='ltr'>animam</span> <span class='ocrx_word' id='word_1_105' title='bbox 1388 1019 1476 1047; x_wconf 88' lang='lat' dir='ltr'>non</span> 
     </span>
     <span class='ocr_line' id='line_1_12' title="bbox 96 1070 1480 1135; baseline 0.002 -20"><span class='ocrx_word' id='word_1_106' title='bbox 96 1070 288 1124; x_wconf 81' lang='lat' dir='ltr'>liabent3</span> <span class='ocrx_word' id='word_1_107' title='bbox 317 1081 392 1116; x_wconf 85' lang='lat' dir='ltr'>aut</span> <span class='ocrx_word' id='word_1_108' title='bbox 419 1070 588 1117; x_wconf 84' lang='lat' dir='ltr'>habent</span> <span class='ocrx_word' id='word_1_109' title='bbox 612 1082 807 1135; x_wconf 77' lang='lat' dir='ltr'>tempore</span> <span class='ocrx_word' id='word_1_110' title='bbox 829 1083 998 1117; x_wconf 81' lang='lat' dir='ltr'>exortus</span> <span class='ocrx_word' id='word_1_111' title='bbox 1017 1072 1107 1128; x_wconf 86' lang='lat' dir='ltr'>sui,</span> <span class='ocrx_word' id='word_1_112' title='bbox 1136 1072 1211 1135; x_wconf 89' lang='lat' dir='ltr'>qui</span> <span class='ocrx_word' id='word_1_113' title='bbox 1237 1072 1383 1118; x_wconf 87' lang='lat' dir='ltr'>adhue</span> <span class='ocrx_word' id='word_1_114' title='bbox 1406 1091 1480 1118; x_wconf 85' lang='lat' dir='ltr'>ra-</span> 
     </span>
     <span class='ocr_line' id='line_1_13' title="bbox 97 1139 1482 1202; baseline 0.002 -17"><span class='ocrx_word' id='word_1_115' title='bbox 97 1139 226 1186; x_wconf 80' lang='lat' dir='ltr'>tionis</span> <span class='ocrx_word' id='word_1_116' title='bbox 258 1157 383 1186; x_wconf 89' lang='lat' dir='ltr'>usum</span> <span class='ocrx_word' id='word_1_117' title='bbox 420 1159 507 1186; x_wconf 83' lang='lat' dir='ltr'>non</span> <span class='ocrx_word' id='word_1_118' title='bbox 545 1141 726 1188; x_wconf 81' lang='lat' dir='ltr'>habent.</span> <span class='ocrx_word' id='word_1_119' title='bbox 769 1147 877 1188; x_wconf 71' lang='lat' dir='ltr'>(lum</span> <span class='ocrx_word' id='word_1_120' title='bbox 909 1142 961 1187; x_wconf 88' lang='lat' dir='ltr'>ad</span> <span class='ocrx_word' id='word_1_121' title='bbox 990 1143 1110 1187; x_wconf 85' lang='lat' dir='ltr'>hune</span> <span class='ocrx_word' id='word_1_122' title='bbox 1146 1142 1279 1202; x_wconf 82' lang='lat' dir='ltr'>igitur</span> <span class='ocrx_word' id='word_1_123' title='bbox 1300 1143 1482 1188; x_wconf 87' lang='lat' dir='ltr'>venisset</span> 
     </span>
     <span class='ocr_line' id='line_1_14' title="bbox 96 1209 1479 1275; baseline 0.001 -19"><span class='ocrx_word' id='word_1_124' title='bbox 96 1209 243 1256; x_wconf 85' lang='lat' dir='ltr'>locum</span> <span class='ocrx_word' id='word_1_125' title='bbox 264 1248 274 1267; x_wconf 88' lang='lat'>‚</span> <span class='ocrx_word' id='word_1_126' title='bbox 305 1211 391 1256; x_wconf 89' lang='lat' dir='ltr'>hoe</span> <span class='ocrx_word' id='word_1_127' title='bbox 415 1211 552 1256; x_wconf 85' lang='lat' dir='ltr'>solum</span> <span class='ocrx_word' id='word_1_128' title='bbox 581 1212 633 1257; x_wconf 88' lang='lat' dir='ltr'>de</span> <span class='ocrx_word' id='word_1_129' title='bbox 659 1212 814 1257; x_wconf 86' lang='lat' dir='ltr'>nostris</span> <span class='ocrx_word' id='word_1_130' title='bbox 835 1212 1066 1275; x_wconf 81' lang='lat' dir='ltr'>proposuit</span> <span class='ocrx_word' id='word_1_131' title='bbox 1094 1212 1299 1271; x_wconf 82' lang='lat' dir='ltr'>objectis,</span> <span class='ocrx_word' id='word_1_132' title='bbox 1328 1213 1371 1258; x_wconf 88' lang='lat' dir='ltr'>id</span> <span class='ocrx_word' id='word_1_133' title='bbox 1391 1224 1479 1270; x_wconf 84' lang='lat' dir='ltr'>est,</span> 
     </span>
     <span class='ocr_line' id='line_1_15' title="bbox 97 1281 1483 1345; baseline 0.001 -19"><span class='ocrx_word' id='word_1_134' title='bbox 97 1281 182 1326; x_wconf 89' lang='lat' dir='ltr'>Sed</span> <span class='ocrx_word' id='word_1_135' title='bbox 213 1292 370 1327; x_wconf 88' lang='lat' dir='ltr'>utnon</span> <span class='ocrx_word' id='word_1_136' title='bbox 402 1293 655 1345; x_wconf 84' lang='lat' dir='ltr'>potestesse</span> <span class='ocrx_word' id='word_1_137' title='bbox 680 1284 769 1328; x_wconf 90' lang='lat' dir='ltr'>sine</span> <span class='ocrx_word' id='word_1_138' title='bbox 803 1283 970 1328; x_wconf 80' lang='lat' dir='ltr'>sexibus</span> <span class='ocrx_word' id='word_1_139' title='bbox 993 1283 1150 1338; x_wconf 66' lang='lat' dir='ltr'>foetus,</span> <span class='ocrx_word' id='word_1_140' title='bbox 1183 1284 1240 1328; x_wconf 85' lang='lat' dir='ltr'>ita</span> <span class='ocrx_word' id='word_1_141' title='bbox 1278 1301 1358 1329; x_wconf 88' lang='lat' dir='ltr'>nee</span> <span class='ocrx_word' id='word_1_142' title='bbox 1393 1284 1483 1329; x_wconf 88' lang='lat' dir='ltr'>sine</span> 
     </span>
     <span class='ocr_line' id='line_1_16' title="bbox 96 1349 1479 1416; baseline 0.002 -20"><span class='ocrx_word' id='word_1_143' title='bbox 96 1349 321 1396; x_wconf 83' lang='lat' dir='ltr'>voluntate</span> <span class='ocrx_word' id='word_1_144' title='bbox 346 1351 556 1397; x_wconf 83' lang='lat' dir='ltr'>delictum</span> <span class='ocrx_word' id='word_1_145' title='bbox 582 1370 593 1397; x_wconf 75' lang='grc' dir='ltr'>ι</span> <span class='ocrx_word' id='word_1_146' title='bbox 618 1352 931 1416; x_wconf 82' lang='lat' dir='ltr'>responditque</span> <span class='ocrx_word' id='word_1_147' title='bbox 954 1370 964 1397; x_wconf 92' lang='lat'>:</span> <span class='ocrx_word' id='word_1_148' title='bbox 988 1375 1002 1392; x_wconf 87' lang='lat'>»</span> <span class='ocrx_word' id='word_1_149' title='bbox 1021 1354 1088 1398; x_wconf 87' lang='lat' dir='ltr'>Ita</span> <span class='ocrx_word' id='word_1_150' title='bbox 1112 1369 1212 1399; x_wconf 86' lang='lat' dir='ltr'>vero</span> <span class='ocrx_word' id='word_1_151' title='bbox 1231 1390 1242 1409; x_wconf 84' lang='lat'>‚</span> <span class='ocrx_word' id='word_1_152' title='bbox 1271 1356 1329 1399; x_wconf 84' lang='lat' dir='ltr'>ita</span> <span class='ocrx_word' id='word_1_153' title='bbox 1348 1353 1438 1399; x_wconf 71' lang='lat' dir='ltr'>est1</span> <span class='ocrx_word' id='word_1_154' title='bbox 1468 1371 1479 1399; x_wconf 75' lang='lat' dir='ltr'>z</span> 
     </span>
     <span class='ocr_line' id='line_1_17' title="bbox 101 1423 1484 1503; baseline 0.004 -38"><span class='ocrx_word' id='word_1_155' title='bbox 101 1442 120 1464; x_wconf 80' lang='grc' dir='ltr'>α</span> <span class='ocrx_word' id='word_1_156' title='bbox 140 1423 211 1468; x_wconf 86' lang='lat' dir='ltr'>Sic</span> <span class='ocrx_word' id='word_1_157' title='bbox 251 1423 363 1468; x_wconf 89' lang='lat' dir='ltr'>enim</span> <span class='ocrx_word' id='word_1_158' title='bbox 407 1441 484 1486; x_wconf 85' lang='lat' dir='ltr'>per</span> <span class='ocrx_word' id='word_1_159' title='bbox 524 1440 659 1470; x_wconf 89' lang='lat' dir='ltr'>unum</span> <span class='ocrx_word' id='word_1_160' title='bbox 701 1423 926 1470; x_wconf 86' lang='lat' dir='ltr'>hominem</span> <span class='ocrx_word' id='word_1_161' title='bbox 956 1434 1187 1503; x_wconf 73' lang='lat' dir='ltr'>peecatum</span> <span class='ocrx_word' id='word_1_162' title='bbox 1225 1424 1405 1469; x_wconf 82' lang='lat' dir='ltr'>intravit</span> <span class='ocrx_word' id='word_1_163' title='bbox 1438 1425 1484 1471; x_wconf 90' lang='lat' dir='ltr'>in</span> 
     </span>
     <span class='ocr_line' id='line_1_18' title="bbox 98 1493 1484 1559; baseline 0.001 -21.01"><span class='ocrx_word' id='word_1_164' title='bbox 98 1493 375 1550; x_wconf 85' lang='lat' dir='ltr'>›‚›mundum</span> <span class='ocrx_word' id='word_1_165' title='bbox 408 1506 449 1540; x_wconf 86' lang='lat' dir='ltr'>et</span> <span class='ocrx_word' id='word_1_166' title='bbox 474 1512 550 1559; x_wconf 83' lang='lat' dir='ltr'>per</span> <span class='ocrx_word' id='word_1_167' title='bbox 584 1506 816 1559; x_wconf 82' lang='lat' dir='ltr'>peceatum</span> <span class='ocrx_word' id='word_1_168' title='bbox 840 1512 984 1552; x_wconf 85' lang='lat' dir='ltr'>mors,</span> <span class='ocrx_word' id='word_1_169' title='bbox 1007 1506 1048 1541; x_wconf 88' lang='lat' dir='ltr'>et</span> <span class='ocrx_word' id='word_1_170' title='bbox 1072 1495 1131 1541; x_wconf 87' lang='lat' dir='ltr'>ita</span> <span class='ocrx_word' id='word_1_171' title='bbox 1161 1495 1206 1540; x_wconf 88' lang='lat' dir='ltr'>in</span> <span class='ocrx_word' id='word_1_172' title='bbox 1229 1512 1375 1540; x_wconf 89' lang='lat' dir='ltr'>omnes</span> <span class='ocrx_word' id='word_1_173' title='bbox 1395 1495 1484 1541; x_wconf 89' lang='lat' dir='ltr'>ho—</span> 
     </span>
     <span class='ocr_line' id='line_1_19' title="bbox 99 1565 1486 1629; baseline 0.001 -19"><span class='ocrx_word' id='word_1_174' title='bbox 99 1565 266 1610; x_wconf 91' lang='lat' dir='ltr'>»mines</span> <span class='ocrx_word' id='word_1_175' title='bbox 295 1565 651 1628; x_wconf 67' lang='lat' dir='ltr'>1ert1ansiitin</span> <span class='ocrx_word' id='word_1_176' title='bbox 692 1583 780 1629; x_wconf 90' lang='lat' dir='ltr'>quo</span> <span class='ocrx_word' id='word_1_177' title='bbox 816 1583 964 1611; x_wconf 72' lang='lat' dir='ltr'>omnes</span> <span class='ocrx_word' id='word_1_178' title='bbox 989 1565 1347 1629; x_wconf 79' lang='lat' dir='ltr'>peccaverunt2·</span> <span class='ocrx_word' id='word_1_179' title='bbox 1337 1600 1348 1610; x_wconf 88' lang='lat'><strong>.</strong></span> <span class='ocrx_word' id='word_1_180' title='bbox 1375 1582 1486 1629; x_wconf 80' lang='lat' dir='ltr'>»per</span> 
     </span>
     <span class='ocr_line' id='line_1_20' title="bbox 101 1635 1481 1699; baseline 0.001 -19"><span class='ocrx_word' id='word_1_181' title='bbox 101 1635 230 1681; x_wconf 88' lang='lat' dir='ltr'>unius</span> <span class='ocrx_word' id='word_1_182' title='bbox 254 1635 369 1681; x_wconf 88' lang='lat' dir='ltr'>illius</span> <span class='ocrx_word' id='word_1_183' title='bbox 387 1636 654 1683; x_wconf 78' lang='lat' dir='ltr'>voluntatem</span> <span class='ocrx_word' id='word_1_184' title='bbox 682 1637 840 1683; x_wconf 80' lang='lat' dir='ltr'>malam</span> <span class='ocrx_word' id='word_1_185' title='bbox 865 1654 1012 1682; x_wconf 90' lang='lat' dir='ltr'>omnes</span> <span class='ocrx_word' id='word_1_186' title='bbox 1035 1637 1079 1682; x_wconf 90' lang='lat' dir='ltr'>in</span> <span class='ocrx_word' id='word_1_187' title='bbox 1104 1654 1153 1682; x_wconf 89' lang='lat' dir='ltr'>eo</span> <span class='ocrx_word' id='word_1_188' title='bbox 1171 1653 1334 1699; x_wconf 83' lang='lat' dir='ltr'>peceav</span> <span class='ocrx_word' id='word_1_189' title='bbox 1337 1647 1481 1690; x_wconf 88' lang='lat' dir='ltr'>erunt,</span> 
     </span>
     <span class='ocr_line' id='line_1_21' title="bbox 99 1705 1487 1770; baseline 0.001 -20"><span class='ocrx_word' id='word_1_190' title='bbox 99 1705 278 1770; x_wconf 80' lang='lat' dir='ltr'>quando</span> <span class='ocrx_word' id='word_1_191' title='bbox 294 1723 441 1751; x_wconf 83' lang='lat' dir='ltr'>omnes</span> <span class='ocrx_word' id='word_1_192' title='bbox 460 1706 530 1753; x_wconf 87' lang='lat' dir='ltr'>ille</span> <span class='ocrx_word' id='word_1_193' title='bbox 558 1724 667 1753; x_wconf 88' lang='lat' dir='ltr'>unus</span> <span class='ocrx_word' id='word_1_194' title='bbox 686 1707 889 1762; x_wconf 85' lang='lat' dir='ltr'>fuerunt,</span> <span class='ocrx_word' id='word_1_195' title='bbox 908 1706 961 1752; x_wconf 90' lang='lat' dir='ltr'>de</span> <span class='ocrx_word' id='word_1_196' title='bbox 981 1723 1068 1770; x_wconf 84' lang='lat' dir='ltr'>quo</span> <span class='ocrx_word' id='word_1_197' title='bbox 1081 1717 1309 1770; x_wconf 83' lang='lat' dir='ltr'>propterea</span> <span class='ocrx_word' id='word_1_198' title='bbox 1330 1706 1487 1767; x_wconf 85' lang='lat' dir='ltr'>singuli</span> 
     </span>
     <span class='ocr_line' id='line_1_22' title="bbox 99 1777 1483 1840; baseline 0 -18"><span class='ocrx_word' id='word_1_199' title='bbox 99 1787 329 1840; x_wconf 81' lang='lat' dir='ltr'>peceatum</span> <span class='ocrx_word' id='word_1_200' title='bbox 349 1777 556 1837; x_wconf 79' lang='lat' dir='ltr'>originale</span> <span class='ocrx_word' id='word_1_201' title='bbox 574 1789 809 1825; x_wconf 82' lang='lat' dir='ltr'>traxerunt.</span> <span class='ocrx_word' id='word_1_202' title='bbox 834 1801 847 1818; x_wconf 90' lang='lat'>«</span> <span class='ocrx_word' id='word_1_203' title='bbox 863 1780 1091 1823; x_wconf 85' lang='lat' dir='ltr'>Lectorem</span> <span class='ocrx_word' id='word_1_204' title='bbox 1110 1777 1241 1837; x_wconf 82' lang='lat' dir='ltr'>igitur</span> <span class='ocrx_word' id='word_1_205' title='bbox 1256 1777 1483 1833; x_wconf 81' lang='lat' dir='ltr'>adhortor,</span> 
     </span>
     <span class='ocr_line' id='line_1_23' title="bbox 101 1847 1488 1911; baseline 0.001 -19"><span class='ocrx_word' id='word_1_206' title='bbox 101 1858 150 1892; x_wconf 91' lang='lat' dir='ltr'>ut</span> <span class='ocrx_word' id='word_1_207' title='bbox 168 1847 422 1894; x_wconf 82' lang='lat' dir='ltr'>conflictum</span> <span class='ocrx_word' id='word_1_208' title='bbox 439 1859 634 1895; x_wconf 87' lang='lat' dir='ltr'>nostrum</span> <span class='ocrx_word' id='word_1_209' title='bbox 655 1849 885 1909; x_wconf 84' lang='lat' dir='ltr'>vigilanter</span> <span class='ocrx_word' id='word_1_210' title='bbox 903 1847 1255 1911; x_wconf 82' lang='lat' dir='ltr'>inspiciat.Quid</span> <span class='ocrx_word' id='word_1_211' title='bbox 1278 1848 1359 1894; x_wconf 82' lang='lat' dir='ltr'>tibi</span> <span class='ocrx_word' id='word_1_212' title='bbox 1379 1865 1488 1911; x_wconf 75' lang='lat' dir='ltr'>pro—</span> 
     </span>
     <span class='ocr_line' id='line_1_24' title="bbox 100 1917 1491 1982; baseline 0.001 -20"><span class='ocrx_word' id='word_1_213' title='bbox 100 1917 185 1963; x_wconf 84' lang='lat' dir='ltr'>fuit</span> <span class='ocrx_word' id='word_1_214' title='bbox 203 1955 213 1974; x_wconf 85' lang='lat'>,</span> <span class='ocrx_word' id='word_1_215' title='bbox 240 1918 528 1964; x_wconf 87' lang='lat' dir='ltr'>eruditissime</span> <span class='ocrx_word' id='word_1_216' title='bbox 547 1918 760 1982; x_wconf 83' lang='lat' dir='ltr'>bipedum</span> <span class='ocrx_word' id='word_1_217' title='bbox 778 1956 788 1974; x_wconf 86' lang='lat'>‚</span> <span class='ocrx_word' id='word_1_218' title='bbox 816 1936 955 1964; x_wconf 83' lang='lat' dir='ltr'>meam</span> <span class='ocrx_word' id='word_1_219' title='bbox 978 1935 1065 1963; x_wconf 91' lang='lat' dir='ltr'>non</span> <span class='ocrx_word' id='word_1_220' title='bbox 1087 1918 1292 1981; x_wconf 85' lang='lat' dir='ltr'>supplere</span> <span class='ocrx_word' id='word_1_221' title='bbox 1316 1929 1491 1963; x_wconf 86' lang='lat' dir='ltr'>senten-</span> 
     </span>
     <span class='ocr_line' id='line_1_25' title="bbox 103 1988 1491 2053; baseline -0.001 -19"><span class='ocrx_word' id='word_1_222' title='bbox 103 1988 204 2034; x_wconf 86' lang='lat' dir='ltr'>tiam</span> <span class='ocrx_word' id='word_1_223' title='bbox 223 2008 234 2041; x_wconf 81' lang='lat'>3</span> <span class='ocrx_word' id='word_1_224' title='bbox 263 2005 362 2034; x_wconf 86' lang='lat' dir='ltr'>cum</span> <span class='ocrx_word' id='word_1_225' title='bbox 402 1989 478 2034; x_wconf 89' lang='lat' dir='ltr'>etsi</span> <span class='ocrx_word' id='word_1_226' title='bbox 515 1989 559 2035; x_wconf 92' lang='lat' dir='ltr'>in</span> <span class='ocrx_word' id='word_1_227' title='bbox 587 2006 633 2034; x_wconf 84' lang='lat' dir='ltr'>ea</span> <span class='ocrx_word' id='word_1_228' title='bbox 672 2000 796 2052; x_wconf 83' lang='lat' dir='ltr'>parte</span> <span class='ocrx_word' id='word_1_229' title='bbox 815 2026 825 2045; x_wconf 82' lang='grc'>,</span> <span class='ocrx_word' id='word_1_230' title='bbox 856 2006 987 2053; x_wconf 80' lang='lat' dir='ltr'>quam</span> <span class='ocrx_word' id='word_1_231' title='bbox 1025 1988 1296 2051; x_wconf 85' lang='lat' dir='ltr'>suppressisti</span> <span class='ocrx_word' id='word_1_232' title='bbox 1334 1988 1491 2051; x_wconf 83' lang='lat' dir='ltr'>prioris</span> 
     </span>
     <span class='ocr_line' id='line_1_26' title="bbox 105 2057 1490 2122; baseline 0.001 -19"><span class='ocrx_word' id='word_1_233' title='bbox 105 2058 211 2104; x_wconf 88' lang='lat' dir='ltr'>dicti</span> <span class='ocrx_word' id='word_1_234' title='bbox 236 2060 443 2122; x_wconf 83' lang='lat' dir='ltr'>expositio</span> <span class='ocrx_word' id='word_1_235' title='bbox 470 2069 702 2115; x_wconf 80' lang='lat' dir='ltr'>teneretur,</span> <span class='ocrx_word' id='word_1_236' title='bbox 735 2070 879 2105; x_wconf 82' lang='lat' dir='ltr'>tamen</span> <span class='ocrx_word' id='word_1_237' title='bbox 903 2058 1031 2104; x_wconf 85' lang='lat' dir='ltr'>etiam</span> <span class='ocrx_word' id='word_1_238' title='bbox 1058 2059 1102 2103; x_wconf 91' lang='lat' dir='ltr'>in</span> <span class='ocrx_word' id='word_1_239' title='bbox 1128 2057 1203 2103; x_wconf 93' lang='lat' dir='ltr'>illo</span> <span class='ocrx_word' id='word_1_240' title='bbox 1221 2095 1232 2114; x_wconf 82' lang='lat'><strong><em>‚</em></strong></span> <span class='ocrx_word' id='word_1_241' title='bbox 1259 2057 1380 2122; x_wconf 88' lang='lat' dir='ltr'>quod</span> <span class='ocrx_word' id='word_1_242' title='bbox 1409 2059 1490 2104; x_wconf 87' lang='lat' dir='ltr'>tibi</span> 
     </span>
     <span class='ocr_line' id='line_1_27' title="bbox 105 2128 1493 2192; baseline 0 -19"><span class='ocrx_word' id='word_1_243' title='bbox 105 2128 332 2188; x_wconf 81' lang='lat' dir='ltr'>objecisti,</span> <span class='ocrx_word' id='word_1_244' title='bbox 354 2132 420 2176; x_wconf 85' lang='lat' dir='ltr'>vis</span> <span class='ocrx_word' id='word_1_245' title='bbox 440 2146 564 2192; x_wconf 78' lang='lat' dir='ltr'>aeque</span> <span class='ocrx_word' id='word_1_246' title='bbox 581 2140 668 2175; x_wconf 88' lang='lat' dir='ltr'>tota</span> <span class='ocrx_word' id='word_1_247' title='bbox 690 2130 924 2175; x_wconf 70' lang='lat' dir='ltr'>consistat?</span> <span class='ocrx_word' id='word_1_248' title='bbox 952 2128 1167 2192; x_wconf 86' lang='lat' dir='ltr'>Proposui</span> <span class='ocrx_word' id='word_1_249' title='bbox 1190 2129 1358 2192; x_wconf 86' lang='lat' dir='ltr'>quippe</span> <span class='ocrx_word' id='word_1_250' title='bbox 1382 2128 1493 2174; x_wconf 87' lang='lat' dir='ltr'>fide-</span> 
     </span>
     <span class='ocr_line' id='line_1_28' title="bbox 105 2198 1495 2262; baseline 0.001 -19"><span class='ocrx_word' id='word_1_251' title='bbox 105 2198 219 2253; x_wconf 81' lang='lat' dir='ltr'>liter,</span> <span class='ocrx_word' id='word_1_252' title='bbox 242 2209 290 2244; x_wconf 92' lang='lat' dir='ltr'>ut</span> <span class='ocrx_word' id='word_1_253' title='bbox 317 2209 389 2244; x_wconf 87' lang='lat' dir='ltr'>tua</span> <span class='ocrx_word' id='word_1_254' title='bbox 413 2216 588 2262; x_wconf 86' lang='lat' dir='ltr'>quoque</span> <span class='ocrx_word' id='word_1_255' title='bbox 607 2199 898 2246; x_wconf 83' lang='lat' dir='ltr'>manifestavit</span> <span class='ocrx_word' id='word_1_256' title='bbox 922 2198 1106 2244; x_wconf 85' lang='lat' dir='ltr'>assensio</span> <span class='ocrx_word' id='word_1_257' title='bbox 1122 2236 1133 2255; x_wconf 85' lang='lat'>‚</span> <span class='ocrx_word' id='word_1_258' title='bbox 1151 2198 1272 2262; x_wconf 88' lang='lat' dir='ltr'>quod</span> <span class='ocrx_word' id='word_1_259' title='bbox 1295 2216 1317 2244; x_wconf 86' lang='lat' dir='ltr'>a</span> <span class='ocrx_word' id='word_1_260' title='bbox 1336 2209 1373 2244; x_wconf 90' lang='lat' dir='ltr'>te</span> <span class='ocrx_word' id='word_1_261' title='bbox 1387 2199 1495 2244; x_wconf 85' lang='lat' dir='ltr'>solet</span> 
     </span>
     <span class='ocr_line' id='line_1_29' title="bbox 106 2267 1488 2334; baseline 0 -20"><span class='ocrx_word' id='word_1_262' title='bbox 106 2267 276 2324; x_wconf 81' lang='lat' dir='ltr'>referri,</span> <span class='ocrx_word' id='word_1_263' title='bbox 294 2280 335 2315; x_wconf 87' lang='lat' dir='ltr'>et</span> <span class='ocrx_word' id='word_1_264' title='bbox 351 2269 617 2330; x_wconf 81' lang='lat' dir='ltr'>interrogans</span> <span class='ocrx_word' id='word_1_265' title='bbox 636 2288 713 2333; x_wconf 82' lang='lat' dir='ltr'>per</span> <span class='ocrx_word' id='word_1_266' title='bbox 727 2270 835 2334; x_wconf 87' lang='lat' dir='ltr'>quid</span> <span class='ocrx_word' id='word_1_267' title='bbox 853 2270 936 2315; x_wconf 85' lang='lat' dir='ltr'>sub</span> <span class='ocrx_word' id='word_1_268' title='bbox 950 2268 1131 2315; x_wconf 82' lang='lat' dir='ltr'>diabolo</span> <span class='ocrx_word' id='word_1_269' title='bbox 1146 2279 1284 2315; x_wconf 86' lang='lat' dir='ltr'>essent</span> <span class='ocrx_word' id='word_1_270' title='bbox 1297 2269 1488 2332; x_wconf 82' lang='lat' dir='ltr'>parvuli,</span> 
     </span>
     <span class='ocr_line' id='line_1_30' title="bbox 116 2340 1493 2405; baseline 0.001 -20"><span class='ocrx_word' id='word_1_271' title='bbox 116 2356 225 2403; x_wconf 90' lang='lat' dir='ltr'>quos</span> <span class='ocrx_word' id='word_1_272' title='bbox 251 2340 417 2386; x_wconf 86' lang='lat' dir='ltr'>fecisset</span> <span class='ocrx_word' id='word_1_273' title='bbox 443 2342 583 2397; x_wconf 84' lang='lat' dir='ltr'>Deus,</span> <span class='ocrx_word' id='word_1_274' title='bbox 610 2341 815 2405; x_wconf 84' lang='lat' dir='ltr'>respondi</span> <span class='ocrx_word' id='word_1_275' title='bbox 845 2341 940 2387; x_wconf 80' lang='lat' dir='ltr'>viee</span> <span class='ocrx_word' id='word_1_276' title='bbox 967 2351 1070 2385; x_wconf 83' lang='lat' dir='ltr'>tua:</span> <span class='ocrx_word' id='word_1_277' title='bbox 1092 2366 1103 2375; x_wconf 48' lang='grc' dir='ltr'><em>η</em></span> <span class='ocrx_word' id='word_1_278' title='bbox 1128 2340 1210 2385; x_wconf 89' lang='lat' dir='ltr'>Per</span> <span class='ocrx_word' id='word_1_279' title='bbox 1236 2351 1466 2403; x_wconf 84' lang='lat' dir='ltr'>peecatum</span> <span class='ocrx_word' id='word_1_280' title='bbox 1483 2378 1493 2397; x_wconf 87' lang='lat'>,</span> 
     </span>
     <span class='ocr_line' id='line_1_31' title="bbox 113 2411 1499 2473; baseline 0.001 -17"><span class='ocrx_word' id='word_1_281' title='bbox 113 2427 201 2456; x_wconf 89' lang='lat' dir='ltr'>non</span> <span class='ocrx_word' id='word_1_282' title='bbox 224 2427 303 2473; x_wconf 87' lang='lat' dir='ltr'>per</span> <span class='ocrx_word' id='word_1_283' title='bbox 332 2421 560 2458; x_wconf 57' lang='lat' dir='ltr'>naturam:</span> <span class='ocrx_word' id='word_1_284' title='bbox 576 2433 596 2452; x_wconf 68' lang='lat'>&gt;2</span> <span class='ocrx_word' id='word_1_285' title='bbox 621 2416 746 2458; x_wconf 82' lang='lat' dir='ltr'>Certe</span> <span class='ocrx_word' id='word_1_286' title='bbox 761 2449 771 2468; x_wconf 82' lang='grc'>,</span> <span class='ocrx_word' id='word_1_287' title='bbox 800 2411 919 2458; x_wconf 89' lang='lat' dir='ltr'>vides</span> <span class='ocrx_word' id='word_1_288' title='bbox 940 2429 1008 2457; x_wconf 90' lang='lat' dir='ltr'>me</span> <span class='ocrx_word' id='word_1_289' title='bbox 1031 2411 1136 2456; x_wconf 83' lang='lat' dir='ltr'>hine</span> <span class='ocrx_word' id='word_1_290' title='bbox 1159 2411 1324 2456; x_wconf 81' lang='lat' dir='ltr'>nullam</span> <span class='ocrx_word' id='word_1_291' title='bbox 1352 2411 1499 2457; x_wconf 77' lang='lat' dir='ltr'>fecisse</span> 
     </span>
     <span class='ocr_line' id='line_1_32' title="bbox 113 2480 1503 2545; baseline 0.001 -19"><span class='ocrx_word' id='word_1_292' title='bbox 113 2480 327 2528; x_wconf 75' lang='lat' dir='ltr'>fraudem.</span> <span class='ocrx_word' id='word_1_293' title='bbox 354 2482 451 2526; x_wconf 84' lang='lat' dir='ltr'>Dixi</span> <span class='ocrx_word' id='word_1_294' title='bbox 483 2482 603 2545; x_wconf 87' lang='lat' dir='ltr'>quod</span> <span class='ocrx_word' id='word_1_295' title='bbox 627 2483 671 2527; x_wconf 91' lang='lat' dir='ltr'>in</span> <span class='ocrx_word' id='word_1_296' title='bbox 693 2500 764 2528; x_wconf 90' lang='lat' dir='ltr'>ore</span> <span class='ocrx_word' id='word_1_297' title='bbox 786 2481 1054 2528; x_wconf 83' lang='lat' dir='ltr'>Tradueiani</span> <span class='ocrx_word' id='word_1_298' title='bbox 1077 2492 1162 2534; x_wconf 80' lang='lat' dir='ltr'>est,</span> <span class='ocrx_word' id='word_1_299' title='bbox 1186 2482 1286 2528; x_wconf 86' lang='lat' dir='ltr'>lieet</span> <span class='ocrx_word' id='word_1_300' title='bbox 1306 2482 1393 2528; x_wconf 90' lang='lat' dir='ltr'>hoe</span> <span class='ocrx_word' id='word_1_301' title='bbox 1414 2500 1503 2528; x_wconf 88' lang='lat' dir='ltr'>non</span> 
     </span>
     <span class='ocr_line' id='line_1_33' title="bbox 112 2551 1504 2616; baseline 0.001 -19"><span class='ocrx_word' id='word_1_302' title='bbox 112 2551 167 2597; x_wconf 86' lang='lat' dir='ltr'>sit</span> <span class='ocrx_word' id='word_1_303' title='bbox 193 2552 239 2597; x_wconf 91' lang='lat' dir='ltr'>in</span> <span class='ocrx_word' id='word_1_304' title='bbox 269 2551 488 2612; x_wconf 87' lang='lat' dir='ltr'>dogmate.</span> <span class='ocrx_word' id='word_1_305' title='bbox 521 2551 587 2598; x_wconf 92' lang='lat' dir='ltr'>Ad</span> <span class='ocrx_word' id='word_1_306' title='bbox 611 2552 734 2616; x_wconf 90' lang='lat' dir='ltr'>quod</span> <span class='ocrx_word' id='word_1_307' title='bbox 755 2553 882 2598; x_wconf 88' lang='lat' dir='ltr'>retuli</span> <span class='ocrx_word' id='word_1_308' title='bbox 911 2570 921 2597; x_wconf 89' lang='lat'>:</span> <span class='ocrx_word' id='word_1_309' title='bbox 954 2551 1039 2599; x_wconf 86' lang='lat' dir='ltr'>Sed</span> <span class='ocrx_word' id='word_1_310' title='bbox 1071 2563 1118 2599; x_wconf 93' lang='lat' dir='ltr'>ut</span> <span class='ocrx_word' id='word_1_311' title='bbox 1147 2569 1235 2599; x_wconf 91' lang='lat' dir='ltr'>non</span> <span class='ocrx_word' id='word_1_312' title='bbox 1258 2563 1401 2616; x_wconf 86' lang='lat' dir='ltr'>potest</span> <span class='ocrx_word' id='word_1_313' title='bbox 1418 2570 1504 2599; x_wconf 88' lang='lat' dir='ltr'>esse</span> 
     </span>
    </p>

    <p class='ocr_par' dir='ltr' id='par_1_2' title="bbox 162 2633 1083 2679">
     <span class='ocr_line' id='line_1_34' title="bbox 162 2633 1083 2679; baseline 0.002 -11"><span class='ocrx_word' id='word_1_314' title='bbox 162 2636 173 2660; x_wconf 84' lang='lat'><strong>¹</strong></span> <span class='ocrx_word' id='word_1_315' title='bbox 194 2633 268 2671; x_wconf 82' lang='lat' dir='ltr'>Lib.</span> <span class='ocrx_word' id='word_1_316' title='bbox 292 2648 322 2668; x_wconf 89' lang='lat'>2.</span> <span class='ocrx_word' id='word_1_317' title='bbox 338 2636 377 2668; x_wconf 78' lang='lat' dir='ltr'>de</span> <span class='ocrx_word' id='word_1_318' title='bbox 398 2637 497 2679; x_wconf 80' lang='lat' dir='ltr'>Nupt.</span> <span class='ocrx_word' id='word_1_319' title='bbox 516 2641 543 2667; x_wconf 76' lang='lat' dir='ltr'>et</span> <span class='ocrx_word' id='word_1_320' title='bbox 563 2638 662 2670; x_wconf 86' lang='lat' dir='ltr'>Cone.</span> <span class='ocrx_word' id='word_1_321' title='bbox 679 2647 707 2671; x_wconf 89' lang='lat' dir='ltr'>e.</span> <span class='ocrx_word' id='word_1_322' title='bbox 730 2637 763 2669; x_wconf 85' lang='lat'>5.</span> <span class='ocrx_word' id='word_1_323' title='bbox 780 2655 820 2662; x_wconf 85' lang='lat'>--</span> <span class='ocrx_word' id='word_1_324' title='bbox 836 2635 851 2659; x_wconf 81' lang='lat'>²</span> <span class='ocrx_word' id='word_1_325' title='bbox 867 2639 959 2669; x_wconf 82' lang='lat' dir='ltr'>Rom.</span> <span class='ocrx_word' id='word_1_326' title='bbox 980 2647 1011 2676; x_wconf 94' lang='lat' dir='ltr'>v,</span> <span class='ocrx_word' id='word_1_327' title='bbox 1031 2649 1083 2670; x_wconf 79' lang='grc' dir='ltr'>ιι.</span> 
     </span>
    </p>
   </div>
  </div>
 </body>
</html>
