1824 3236
167 268 322 301 omnus
358 266 622 299 menarum-1
658 265 835 297 CONTRA
870 267 1119 313 summum,
1158 272 1246 305 mn.
1288 275 1330 306 v.
1399 259 1486 307 351

115 353 216 402 quae
244 335 548 396 conjugiorum
581 334 832 397 operatione
866 337 1113 400 suppletur,
1146 357 1226 387 nec
1257 342 1342 388 Dei
1372 359 1498 407 posse

117 407 239 471 operi
262 405 504 462 vindicari,
527 405 560 451 si
586 404 640 450 de
662 422 710 450 ea
740 404 986 452 dicerentur
1013 409 1195 456 crimina
1219 412 1451 475 pullulare.
1475 433 1498 456 >³

117 478 196 525 His
222 478 305 524 tuis
335 477 462 523 dictis
501 476 706 539 aperuisti
738 476 852 536 fugae
874 488 963 524 tuae
986 480 1240 540 transitum,
1268 484 1498 530 nominatis

115 548 328 609 conjugiis
367 547 568 594 addendo
601 557 643 592 et
673 547 861 594 dicendo
879 585 890 604 ‚
917 570 937 590 «
963 550 1057 596 Imo
1097 552 1235 614 ipsam
1259 565 1461 600 naturam
1481 592 1493 611 ‚

114 636 214 684 quae
239 619 541 679 conjugiorum
564 618 816 682 operatione
833 619 1078 683 suppletur.
1104 643 1124 663 »
1146 622 1384 671 Distinxisti
1397 641 1497 686 ergo

116 690 205 736 duo
228 690 307 735 ista
329 727 340 747 ,
367 690 553 753 satisque
586 689 811 736 ostendisti
846 690 964 736 aliud
993 708 1079 737 esse
1114 704 1314 740 naturam
1335 732 1346 751 ,
1378 694 1498 741 aliud

115 760 315 822 conjugia
334 798 345 817 ,
372 777 560 824 quorum
581 761 832 823 operatione
850 771 1005 807 natura
1024 762 1267 826 suppletur.
1297 764 1418 821 Quid
1440 775 1503 811 est

115 848 215 892 ergo
241 831 361 895 quod
390 842 538 895 postea
570 842 774 877 naturam
806 849 965 892 genus,
1005 836 1184 897 ejusque
1221 836 1407 898 speciem
1430 837 1498 882 vis

115 919 200 947 esse
220 902 510 962 conjugium?
532 902 758 965 Numquid
780 902 916 948 ullum
936 919 1067 963 genus
1086 904 1244 967 speciei
1263 922 1353 951 suae
1373 905 1502 951 ullius
1531 954 1533 956 .

116 974 366 1036 operatione
390 972 651 1036 suppleturi)
678 973 776 1019 Non
801 974 952 1037 utique
975 992 985 1019 :
1010 991 1150 1039 neque
1170 976 1285 1022 enim
1308 976 1499 1034 animal,

117 1042 235 1106 quod
254 1054 316 1089 est
336 1060 468 1103 genus
483 1080 494 1099 ,
516 1043 746 1107 suppletur
770 1045 1023 1107 operatione
1038 1045 1229 1091 hominis
1248 1083 1258 1103 ‚
1279 1045 1346 1093 vel
1371 1046 1498 1110 equi,

116 1113 184 1160 vel
212 1114 362 1167 bovis,
391 1114 458 1161 vel
483 1115 656 1160 alterius
678 1114 863 1174 alicujus
889 1117 1058 1178 pecoris
1074 1154 1084 1173 ,
1113 1117 1230 1180 quod
1258 1117 1421 1181 species
1442 1127 1504 1163 est

118 1185 411 1245 generisillius
433 1203 444 1230 ι
468 1184 829 1249 quandoquidem
852 1187 1019 1232 etiamsi
1039 1186 1147 1232 desit
1161 1186 1306 1251 aliqua
1319 1187 1500 1251 species,

120 1255 423 1321 auferaturque
446 1256 499 1302 de
528 1256 689 1310 rebus3
715 1266 862 1301 manet
881 1267 1026 1302 tamen
1051 1275 1209 1317 genus,
1234 1258 1353 1321 quod
1371 1268 1505 1304 caete-

118 1344 187 1372 ras
210 1327 490 1391 amplectitur
512 1327 690 1390 species,
710 1327 822 1372 sicut
837 1328 966 1372 etiam
987 1328 1078 1391 ipse
1098 1328 1346 1391 disputasti.
1370 1327 1505 1385 Quod

121 1414 252 1458 genus
266 1398 419 1461 utique
431 1398 648 1458 integrum
663 1412 750 1443 non
768 1408 977 1454 maneret,
1002 1399 1036 1444 si
1055 1399 1308 1462 operatione
1328 1399 1504 1462 speciei,

119 1485 221 1532 quae
239 1462 386 1514 oblata
410 1479 473 1514 est
488 1505 498 1524 ,
522 1467 799 1531 suppleretur
825 1485 835 1512 :
862 1484 951 1514 non
975 1468 1087 1513 enim
1113 1469 1248 1529 magis
1273 1479 1335 1514 est
1352 1484 1503 1528 genus,⁴

121 1538 155 1584 si
178 1538 348 1602 plures;
374 1548 416 1585 et
429 1539 570 1584 minus
588 1549 650 1583 est
671 1554 804 1598 genus
821 1574 832 1593 ‚
851 1538 884 1584 si
899 1538 1062 1601 species
1073 1538 1234 1584 habeat
1248 1538 1476 1602 pauciores
1492 1556 1502 1583 :

123 1609 322 1671 quamvis
353 1609 387 1655 si
419 1626 569 1655 omnes
602 1608 856 1654 auferantur
889 1609 1075 1672 species,
1112 1625 1193 1655 nec
1227 1611 1360 1669 genus
1395 1609 1503 1664 erit;

124 1679 494 1742 quemadmodum
529 1697 681 1740 genere
719 1678 890 1735 ablato,
924 1679 1045 1726 nulla
1081 1679 1161 1726 erit
1199 1680 1376 1744 species.
1408 1680 1507 1725 Non

124 1761 185 1795 est
204 1751 336 1811 igitur
352 1752 625 1797 connubium
645 1751 825 1815 species,
847 1767 1066 1814 genusque
1082 1761 1236 1796 natura
1251 1787 1261 1803 ,
1287 1751 1321 1796 si
1343 1759 1510 1796 connuss

124 1821 301 1868 hiorum
320 1840 450 1887 opere
465 1833 620 1868 natura
640 1822 898 1885 suppletur:
919 1822 1031 1868 sicut
1053 1839 1141 1868 non
1160 1832 1224 1877 est
1242 1821 1509 1882 agricultura

126 1892 288 1954 species
301 1893 466 1952 segetis,
480 1892 689 1955 quoniam
705 1891 936 1955 suppletur
947 1909 1060 1951 seges
1071 1908 1201 1955 opere
1213 1891 1506 1951 agricultura

128 1962 296 2008 Deinde
311 1963 345 2007 si
361 1973 562 2008 naturam
588 1978 719 2023 genus
736 1999 745 2016 ‚
761 1966 941 2025 eJ'usque
963 1963 1150 2025 speciem
1173 1962 1282 2007 dicis
1303 1978 1388 2007 esse
1402 1978 1513 2008 con-

123 2032 317 2092 jugium3
349 2033 507 2097 procul
538 2033 677 2079 dubio
712 2032 855 2078 dicere
887 2033 1081 2093 cogeris,
1119 2031 1240 2095 quod
1274 2043 1431 2077 natura
1456 2032 1511 2077 sit

130 2119 256 2147 omne
277 2103 545 2163 conjugium.
577 2102 681 2148 Ideo
707 2099 877 2166 quippe*
911 2102 1052 2147 omnis
1072 2119 1207 2166 equus
1232 2101 1394 2147 animal
1418 2111 1509 2159 est,

130 2173 207 2217 etsi
224 2189 311 2218 non
329 2190 456 2218 omne
479 2172 640 2218 animal
660 2189 820 2235 equus;
848 2173 953 2235 quia
976 2172 1138 2235 species
1155 2182 1216 2217 est
1233 2186 1374 2234 equus
1388 2208 1399 2229 ,
1419 2172 1517 2217 ani-

132 2243 220 2289 mal
238 2258 386 2303 genus.
409 2245 523 2304 Ergo
547 2261 626 2289 nec
644 2244 694 2289 fit
712 2243 767 2289 ab
780 2243 960 2289 homine
980 2242 1124 2306 aliqua
1147 2253 1303 2288 natura
1326 2259 1347 2286 :‘
1363 2256 1516 2306 quam·-

132 2314 196 2359 vis
231 2314 343 2359 enim
359 2351 370 2371 ,
409 2325 458 2360 ut
482 2314 695 2378 scriptum
734 2324 820 2370 est,
858 2332 882 2360 a
918 2313 1107 2358 Domino
1126 2316 1338 2374 jungatur
1360 2314 1518 2360 mulier

133 2384 255 2431 viro1
276 2405 287 2440 ;
310 2385 514 2448 quoniam
534 2386 614 2430 nisi
629 2385 863 2445 adjuvante
880 2385 976 2449 ipso
987 2401 1077 2429 non
1102 2385 1152 2430 fit
1167 2422 1179 2441 ‚
1198 2384 1376 2448 quando
1403 2395 1517 2433 recte

135 2457 184 2500 fit
208 2473 219 2500 ι
247 2455 343 2519 quis
369 2466 515 2501 tamen
549 2456 712 2501 nesciat
749 2472 882 2519 opera
908 2454 1139 2500 hominum
1173 2472 1260 2500 esse
1284 2456 1518 2516 conjugia?

136 2526 274 2572 Porro
297 2526 332 2572 si
354 2537 553 2573 naturam
579 2543 669 2572 non
690 2525 796 2572 facit
817 2526 953 2573 homo
969 2563 982 2585 ‚
1008 2543 1098 2574 non
1118 2536 1181 2573 est
1198 2535 1355 2574 natura
1368 2530 1465 2588 conj
1475 2543 1520 2574 u-

184 2608 194 2632 ¹
219 2612 312 2640 Prov.
329 2619 398 2647 xix,
420 2615 470 2647 14,
484 2609 573 2651 juxta
591 2620 669 2643 Lxx.
