1824 3236
221 285 379 318 OPERIS
414 287 679 323 IMPERFECTI
716 293 889 326 CONTRA
924 299 1164 342 sumtuum,
1207 304 1291 334 [1ss.
1338 308 1395 339 Vl.
1448 296 1536 358 577

173 349 357 397 coelestis
378 369 388 397 :
416 352 528 400 sicut
544 357 815 417 portavimus
830 359 1058 422 imaginem
1079 371 1302 428 terrestris,
1320 385 1542 436 portemus

171 430 214 466 et
251 421 483 482 imaginem
513 424 631 471 illius
668 427 866 477 coelestis.
910 435 1068 496 Aperte
1103 455 1258 502 nempe
1299 446 1449 492 transit
1487 448 1540 494 ad

171 491 341 549 studia,
381 494 563 559 vultque
590 507 762 545 tantum
787 500 987 550 interesse
1010 508 1122 553 inter
1150 515 1412 572 praeteritam
1441 535 1541 564 nos-

160 571 282 608 tram
302 573 344 609 et
365 576 621 627 praesentem
644 572 1026 632 conversationem,
1047 591 1258 640 quantum
1284 583 1457 632 interest
1478 589 1541 633 in-

171 641 235 678 ter
256 634 565 682 mortalitatem
596 649 637 683 et
672 639 1052 693 immortalitatem.
1087 668 1105 689 c<
1134 650 1304 698 Primus
1321 690 1331 708 ,
1358 654 1502 718 inquit
1526 696 1535 711 ,

169 724 192 744 »
211 702 348 750 homo
371 704 425 751 de
448 717 559 754 terra
579 711 788 758 terrestris
810 750 821 768 ,
847 715 1062 762 secundus
1080 718 1213 765 homo
1233 721 1286 767 de
1303 725 1416 771 coelo
1443 744 1539 774 coe-

168 794 190 815 »
208 772 325 820 lestis
346 793 356 820 :
379 798 399 819 ›>
417 778 592 825 nomine
615 781 956 830 substantiarum
978 790 1191 851 propositi
1213 792 1378 840 indicat
1401 797 1541 844 diver-

166 842 349 892 sitatem.
381 847 531 911 Neque
549 850 664 896 enim
687 852 904 909 Christus,
925 873 1054 919 quem
1083 858 1302 908 hominem
1322 866 1539 915 coelestem

166 926 313 973 vocat,
337 933 510 965 carnem
532 937 653 967 suam
677 923 731 969 de
755 924 867 971 coelo
893 925 1124 990 deposuit,
1147 947 1276 994 quam
1303 933 1356 980 de
1383 939 1540 985 semine

166 984 338 1043 David,
362 987 416 1034 de
434 991 593 1037 semine
617 992 755 1039 Adam
771 1031 781 1050 ‚
815 1006 856 1041 et
882 996 995 1043 intra
1019 999 1242 1046 mulierem
1266 1003 1318 1049 de
1350 1007 1541 1055 mulieris

165 1072 295 1104 carne
327 1061 528 1125 suscepit.
574 1064 834 1113 Terrestrem
866 1084 966 1128 ergo
1000 1080 1041 1114 et
1074 1071 1292 1119 coelestem
1326 1076 1452 1123 refert
1485 1080 1539 1126 ad

164 1127 344 1177 virtutes
369 1143 412 1178 et
435 1133 553 1180 vitia.
587 1136 788 1199 Denique
816 1140 1010 1202 sequitur
1031 1158 1041 1185 :
1080 1162 1099 1181 α
1121 1142 1243 1189 Sicut
1268 1150 1540 1207 portavimus

164 1199 434 1264 »imaginem
458 1206 667 1252 terrestris
689 1244 700 1263 ‚
727 1220 952 1271 portemus
992 1212 1120 1258 etiam
1163 1213 1393 1276 imaginem
1424 1220 1540 1267 illius

165 1291 187 1312 2>
210 1273 409 1322 coelestis.
440 1298 461 1319 ))
492 1277 564 1323 Sic
592 1288 635 1323 et
659 1277 715 1322 ad
738 1280 959 1326 Romanos
984 1299 994 1326 :
1023 1303 1043 1323 «
1065 1282 1318 1332 Humanum
1340 1291 1535 1354 estquod

164 1362 186 1383 ³>
204 1342 305 1391 dico
324 1382 336 1402 ,
376 1358 560 1411 propter
582 1348 879 1396 infirmitatem
904 1354 1044 1397 carnis
1069 1365 1222 1399 vestrae
1252 1373 1261 1399 :
1290 1358 1401 1404 sicut
1425 1362 1537 1406 enim

163 1433 186 1454 »
209 1415 465 1464 exhibuistis
488 1419 685 1465 membra
712 1432 851 1467 vestra
875 1422 1030 1469 servire
1055 1423 1348 1474 immunditiae
1375 1441 1416 1474 et
1447 1431 1536 1477 ini-

162 1503 185 1526 »
202 1485 362 1548 quitati
385 1487 441 1534 ad
465 1488 759 1552 iniquitatem,
786 1492 846 1538 ita
867 1509 985 1539 nunc
1005 1493 1206 1541 exhibete
1226 1499 1422 1545 membra
1441 1519 1538 1548 ves-

162 1573 184 1595 »
203 1564 272 1607 tra,
286 1558 442 1605 servire
458 1560 640 1619 justitiae
660 1561 709 1607 in
727 1563 1153 1611 sanctificationen11.
1172 1588 1191 1607 η

227 1627 440 1676 Tenorem
468 1647 570 1676 vero
604 1649 783 1695 sequens
812 1634 1123 1680 exhortationis
1144 1649 1405 1700 assumptas,
1430 1642 1537 1686 sub-

161 1696 253 1756 dit,
278 1698 398 1762 quod
422 1699 505 1746 nisi
540 1700 839 1762 intelligatur,
875 1704 1020 1749 omnia
1053 1708 1143 1763 ejus
1176 1706 1396 1754 videbitur
1422 1710 1539 1757 dicta

159 1770 398 1817 subruere:
424 1791 444 1812 c<
463 1774 558 1817 Hoc
578 1788 678 1831 ergo
701 1772 801 1818 dico
817 1809 828 1829 ‚
861 1772 1028 1829 fratres,
1055 1776 1157 1837 quia
1180 1793 1280 1822 caro
1303 1788 1342 1823 et
1368 1783 1538 1840 sanguis

161 1862 182 1884 >2
206 1852 388 1901 regnum
404 1840 483 1886 Dei
504 1841 722 1904 possidere
745 1860 833 1888 non
858 1854 1068 1906 possunt,
1096 1862 1174 1890 nec
1200 1849 1535 1910 perpetuitatem

160 1932 182 1954 2>
204 1912 405 1958 interitus
437 1912 724 1975 possidebit2.
746 1935 766 1955 »
792 1915 959 1976 Nempe
993 1914 1039 1959 in
1061 1913 1130 1960 his
1147 1915 1253 1961 locis
1271 1954 1280 1967 ,
1313 1918 1357 1963 in
1375 1920 1536 1982 quibus

159 1982 275 2029 nihil
298 1981 417 2028 aliud
443 1998 577 2045 quam
601 1982 654 2028 de
679 1982 932 2028 affirmanda
962 1984 1102 2029 carnis
1129 1988 1441 2035 resurrectione
1467 1990 1535 2036 la-

159 2053 420 2109 boraverat,
452 2069 586 2116 quam
611 2052 775 2098 dixerat
807 2054 853 2098 in
885 2053 1004 2113 regni
1035 2053 1168 2113 gloria
1201 2055 1499 2105 collocandam
1522 2098 1531 2114 ,

145 2141 278 2173 ununc
296 2124 570 2188 pronuntiat,
589 2144 610 2166 «
631 2123 747 2179 Quia
767 2140 868 2169 caro
889 2134 930 2170 et
947 2124 1115 2184 sanguis
1137 2142 1315 2184 regnum
1343 2129 1420 2174 Dei
1437 2147 1536 2192 pos-

159 2218 182 2240 »
203 2196 342 2243 sidere
363 2212 452 2242 non
475 2205 672 2258 possunt.
692 2216 710 2236 D
744 2194 789 2240 Si
816 2212 918 2241 caro
941 2212 1028 2240 non
1051 2195 1241 2258 possidet
1257 2233 1267 2250 ‚
1303 2197 1336 2243 si
1366 2203 1536 2260 sanguis

159 2283 248 2312 non
271 2265 491 2329 possidet,
522 2265 603 2311 ubi
636 2275 725 2320 est,
761 2269 886 2325 cujus
920 2282 1050 2328 supra
1076 2282 1286 2328 pompam
1317 2283 1533 2328 regenerat:

157 2331 417 2382 resurrectio
438 2346 713 2381 mortuorum
731 2338 748 2380 P
766 2335 925 2381 Verum
949 2335 1189 2398 Scripturae
1202 2352 1337 2392 more,
1358 2355 1531 2386 carnem

157 2417 200 2453 et
225 2406 494 2468 sanguinem,
516 2407 639 2463 vitia,
666 2423 754 2452 non
777 2407 1062 2452 substantiam
1097 2405 1350 2454 nominavit.
1393 2410 1531 2457 Deni-

157 2493 243 2541 que
264 2477 353 2523 hoc
382 2476 499 2523 idem
533 2477 732 2541 aperuit:
776 2498 796 2518 κ
816 2478 928 2523 Ecce
958 2478 1209 2539 mysterium
1242 2477 1367 2523 vohis
1390 2479 1490 2526 dico
1517 2501 1527 2527 ε

152 2569 181 2591 ))
204 2564 352 2593 omnes
372 2546 550 2611 quidem
569 2564 840 2607 resurgemus
856 2584 867 2603 ‚
892 2547 965 2594 sed
991 2564 1078 2593 non
1101 2564 1247 2594 omnes
1275 2548 1531 2598 immutabi-

207 2632 217 2655 ι
241 2635 334 2664 Rom,
356 2642 399 2669 w,
425 2643 472 2671 19.
490 2650 532 2653 -
552 2630 566 2652 ¹2
587 2642 595 2661 1
619 2633 690 2661 Cor.
710 2641 761 2666 xv,
780 2632 831 2664 50.

323 2701 461 2731 cmv.
1347 2690 1402 2747 ¹37
