1824 3236
150 289 307 320 omanis
344 286 608 317 liirnnrsscri
645 286 818 316 CONTRA
856 287 1104 332 summum,
1142 293 1229 323 ιιΒ.
1272 296 1313 325 ν.
1383 279 1476 335 415

95 355 267 402 nullum
291 370 377 399 esse
399 362 631 417 peccatum
654 361 810 415 potest.
841 353 925 399 Sed
941 356 1148 418 quoniam
1179 359 1477 406 sollicitissime

96 426 262 490 antiqui
291 425 445 471 erroriS
479 434 600 469 antra
632 424 918 487 prorupimus
938 463 948 481 ,
977 443 1054 472 nec
1080 429 1321 493 quidquam
1347 449 1478 494 super

93 497 180 543 hac
196 496 436 560 quaestione
459 494 682 541 occultum
702 496 907 541 remansit
931 514 942 542 ι
974 507 1117 544 teneat
1136 499 1273 547 lector
1294 501 1476 562 diligens

93 567 417 614 distinctionem
443 564 673 611 necessarii
701 575 830 629 atque
862 567 1106 631 possibilis,
1133 581 1174 616 et
1205 589 1294 618 non
1330 575 1474 619 minus

92 638 457 693 Manichaeorum,
477 637 994 702 quam'l'raducianorum
1007 653 1252 688 commenta
1266 643 1475 690 ridebit.»

162 710 272 755 Aue.
299 707 431 772 Apud
450 708 646 754 homines
669 708 744 771 qui
760 726 805 754 ea
829 725 930 773 quae
946 708 1110 769 legunt,
1135 712 1194 757 sic
1207 713 1472 774 intelligunt,

93 790 142 825 ut
162 780 292 826 etiam
314 780 393 826 ista
414 796 515 844 quae
536 779 645 825 dicis
673 780 930 840 intelligant,
957 781 1068 827 nihil
1090 783 1212 842 egisti
1240 784 1358 830 aliud
1378 822 1388 840 ,
1408 802 1476 830 ea-

93 850 192 896 dem
221 867 300 914 per
324 850 472 896 eadem
501 859 616 895 tanta
648 850 929 913 perplexitate
960 853 1196 915 repetendo
1218 891 1229 910 ,
1259 854 1341 900 nisi
1365 865 1413 899 ut
1441 865 1479 899 te

94 930 322 984 appareret
346 921 671 983 responsionem
686 931 880 967 nostram
903 923 947 967 in
969 938 1056 968 uno
1081 941 1176 969 meo
1192 923 1326 981 libro,
1350 942 1479 989 quein

93 992 179 1036 tuis
204 1001 303 1037 octo
328 991 518 1037 refellere
539 991 783 1054 suscepisti,
814 1009 915 1038 cum
936 992 1168 1040 dissolvere
1188 1012 1276 1040 non
1299 994 1478 1053 valeres,

94 1062 328 1108 obscurare
345 1062 543 1109 voluisse.
582 1062 715 1125 Apud
740 1080 810 1108 cos
840 1075 983 1109 autem
1011 1065 1088 1128 qui
1113 1064 1212 1111 haec
1239 1083 1327 1112 non
1348 1066 1470 1112 intel-

95 1132 254 1193 ligunt,
279 1132 326 1179 id
349 1133 471 1194 egisti
496 1131 665 1187 saltem,
691 1143 739 1178 ut
760 1133 858 1179 ideo
881 1145 921 1180 te
941 1145 1098 1198 putent
1116 1135 1269 1182 dixisse
1288 1136 1474 1201 aliquid,

95 1203 302 1267 quoniam
323 1221 412 1249 non
436 1201 698 1263 intelligunt.
726 1203 852 1250 Unde
873 1204 1064 1251 breviter
1089 1204 1353 1252 admonendi
1379 1217 1480 1252 sunt

94 1273 268 1320 interim
293 1274 451 1320 dehoc
470 1272 586 1320 unde
611 1290 730 1319 nunc
756 1274 915 1334 agitur,
941 1286 990 1321 ut
1011 1275 1121 1321 illud
1147 1276 1291 1340 ipsum
1311 1293 1474 1333 meum,

95 1345 269 1391 remotis
291 1345 461 1391 nebulis
486 1356 574 1391 tuae
613 1344 913 1409 loquacitatis,
955 1347 1194 1410 aspiciant,
1232 1359 1273 1393 et
1305 1347 1481 1394 videant

95 1432 228 1480 quam
250 1417 304 1462 sit
320 1416 550 1463 invictum.
571 1417 640 1462 Tu
663 1416 778 1461 enim
798 1415 988 1475 dixeras,
1009 1439 1029 1459 «
1051 1419 1096 1463 Si
1114 1429 1269 1464 natura
1292 1436 1403 1483 opus
1420 1431 1481 1464 est

97 1487 196 1544 Dei,
221 1505 300 1551 per
320 1503 432 1551 opus
455 1487 536 1532 Dei
560 1504 670 1550 opus
690 1486 857 1533 diaboli
885 1488 1062 1534 transire
1080 1505 1167 1534 non
1186 1489 1355 1536 sinitur.
1376 1512 1395 1531 ›>
1411 1489 1479 1535 Ad

97 1557 184 1603 hoc
200 1574 307 1618 ego:
334 1557 454 1615 Quid
478 1568 538 1603 est
563 1557 683 1620 quod
710 1557 847 1613 dicit,
878 1558 1057 1621 inquam
1076 1596 1087 1615 ,
1117 1559 1161 1604 Si
1191 1571 1348 1606 natura
1369 1576 1480 1623 opus

97 1639 160 1674 est
185 1629 293 1686 Dei,
321 1647 400 1693 per
420 1646 530 1693 opus
557 1630 637 1674 Dei
655 1646 766 1692 opus
790 1629 955 1675 diaboli
982 1631 1161 1676 transire
1185 1648 1272 1676 non
1292 1631 1482 1677 sinitur?

101 1700 254 1745 Nonne
287 1717 398 1764 opus
431 1699 628 1757 diaboli,
659 1700 838 1763 quando
863 1700 908 1746 in
943 1701 1122 1760 angelo,
1157 1702 1237 1765 qui
1260 1701 1398 1749 sactus
1420 1713 1483 1747 est

99 1764 319 1827 diabolus,
346 1771 469 1835 prius
496 1783 640 1816 ortum
662 1781 741 1827 est,
763 1771 809 1816 in
825 1789 955 1834 opere
977 1771 1056 1817 Dei
1080 1782 1223 1817 ortum
1249 1774 1484 1830 estPQua-

99 1852 281 1906 propter
299 1843 333 1888 si
356 1841 517 1888 malum
536 1879 547 1898 ,
577 1841 698 1905 quod
730 1858 946 1904 nusquam
977 1852 1068 1887 erat
1094 1844 1300 1900 omnino,
1335 1843 1380 1889 in
1406 1843 1487 1888 Dei

100 1929 229 1975 opere
241 1912 344 1958 oriri
365 1910 542 1975 potuit1
567 1929 577 1956 ι
607 1911 893 1966 carmalum,
922 1911 1042 1975 quod
1070 1911 1232 1957 alicubi
1252 1917 1343 1973 jam
1364 1924 1454 1958 erat
1471 1950 1483 1969 ,

101 1999 180 2045 per
209 1999 318 2045 opus
339 1982 417 2028 Dei
450 1981 630 2028 transire
659 1999 744 2027 non
781 1982 948 2045 potuit;
987 1985 1232 2045 praesertim
1264 1999 1366 2029 cum
1389 1983 1484 2047 ipso

100 2053 237 2100 verbo
264 2064 412 2100 utatur
437 2052 669 2116 Apostolus
693 2052 863 2108 dicens,
881 2076 912 2104 ,α
936 2053 991 2098 Et
1015 2054 1075 2098 ita
1095 2053 1140 2098 in
1162 2071 1309 2100 omnes
1335 2054 1485 2099 homi—

104 2145 124 2166 »
145 2141 218 2171 nes
240 2123 552 2188 pertransiit&
573 2145 592 2164 υ
630 2122 861 2186 Numquid
882 2123 1081 2168 homines
1117 2141 1205 2169 non
1241 2135 1343 2170 sunt
1376 2141 1487 2188 opus

104 2195 216 2241 Dei?
241 2194 493 2241 Pertransiit
529 2211 628 2254 ergo
653 2205 884 2257 peccatum
912 2211 991 2256 per
1015 2193 1215 2239 homines
1231 2231 1241 2250 ,
1273 2195 1359 2241 hoc
1384 2206 1447 2240 est
1470 2232 1480 2250 ,

105 2283 214 2329 opus
234 2265 397 2312 diaboli
428 2282 506 2328 per
536 2282 646 2328 opus
673 2265 776 2322 Dei3
804 2276 932 2327 atque
957 2276 1004 2310 ut
1028 2264 1110 2309 alio
1139 2265 1269 2311 modo
1293 2265 1484 2330 idipsum

105 2337 276 2393 dicam,
297 2353 407 2399 opus
434 2339 575 2399 operis
604 2337 679 2381 Dei
700 2354 777 2399 per
804 2353 913 2399 opus
938 2336 1032 2382 Dei.
1066 2337 1121 2380 Et
1148 2335 1245 2382 ideo
1267 2339 1385 2382 Deus
1411 2354 1485 2382 so-

105 2408 172 2453 lus
190 2418 251 2452 est
270 2406 554 2452 immutabilis
571 2416 612 2452 et
633 2405 946 2469 potentissimae
969 2405 1195 2462 bonitatis,
1219 2407 1349 2470 quiet
1371 2418 1488 2452 ante-

107 2494 237 2540 quam
266 2487 371 2522 esset
395 2476 531 2522 ullum
550 2477 712 2522 malum
729 2514 740 2533 ,
761 2477 879 2522 bona
899 2493 1029 2539 opera
1051 2475 1157 2522 fecit
1188 2477 1356 2535 onmia,
1376 2489 1418 2523 et
1436 2477 1489 2523 de

108 2549 255 2604 malis,
287 2566 387 2612 quae
407 2549 452 2594 in
477 2549 604 2594 bonis
623 2549 679 2594 ab
697 2566 746 2594 eo
769 2547 894 2595 factis
918 2559 1011 2594 orta
1036 2559 1162 2607 sunt,
1195 2550 1306 2596 bene
1336 2566 1494 2614 opera-

157 2633 165 2655 ¹
190 2631 258 2663 Lib.
277 2643 306 2663 2.
329 2632 644 2675 d‹·N‹i1=t.etC‹m‹=.
665 2642 691 2663 e.
715 2633 770 2665 ²8.
787 2629 966 2663 -2Rom.
985 2642 1014 2669 v,
1037 2643 1088 2663 ια.
