1824 3236
241 268 397 300 opums
436 268 692 300 inpunssscn
724 268 898 300 CONTRA
933 271 1177 312 summum,
1217 273 1303 303 Lm.
1348 274 1407 305 vi.
1458 259 1550 320 483

180 345 222 380 et
243 335 391 398 pudor
408 332 719 381 emendationis
742 332 913 397 lapsum
935 338 1166 385 confirmat
1192 339 1374 386 erroris?
1404 342 1518 392 Deus
1535 380 1547 400 ‚

181 415 229 450 ut
247 404 392 460 video,
414 421 495 468 pro
521 413 561 448 te
585 401 803 462 rogandus
834 414 925 449 est:
949 422 1077 468 quem
1108 407 1290 466 rogabat
1319 412 1554 473 Apostolus

179 492 260 541 pro
278 475 497 530 Israelitis,
517 484 567 519 ut
584 483 751 521 sanaret
770 490 855 530 e05‚
869 475 946 539 qui
959 478 1200 536 ignorantes
1223 479 1302 526 Dei
1315 482 1548 542 justitiam,

177 556 220 593 et
242 562 363 597 suam
380 543 596 606 Justitiam
621 543 812 591 volentes
832 545 1116 605 constituere,
1137 549 1319 609 justitiae
1345 552 1423 598 Dei
1442 556 1552 607 sub-

171 617 278 678 Jecti
294 633 382 662 non
399 614 562 662 erant1.

241 687 365 738 Tales
376 688 490 735 enim
502 689 601 734 estis
618 704 719 746 VOS,
744 687 820 752 qui
833 687 1047 748 justitiam
1069 701 1256 743 vestram
1286 693 1416 742 vultis
1446 714 1549 751 con„

174 759 369 818 stituere,
388 776 521 823 quam
544 758 667 805 vobis
685 775 760 806 vos
783 757 924 806 facitis
949 775 996 807 ex
1012 770 1152 811 vestro
1172 761 1310 813 libero
1338 766 1547 824 arbitrio;

174 846 261 876 non
285 847 334 877 ex
354 830 444 876 Deo
461 829 639 893 poscitis
662 838 704 875 et
727 829 895 876 sumitis
918 846 1064 880 veram
1078 867 1089 887 ‚
1117 847 1219 894 quae
1241 832 1356 883 dicta
1378 848 1441 888 est
1457 842 1550 898 jus-

174 900 268 949 titia
293 901 373 947 Dei
386 923 397 959 5
421 917 509 947 non
526 900 599 946 illa
624 916 711 964 qua
733 903 875 959 justus
894 911 954 950 est
973 901 1106 959 Deus,
1126 902 1217 962 sed,
1237 920 1337 967 quae
1352 905 1482 958 datur
1499 927 1547 960 ex

174 972 286 1028 Deo;
321 972 434 1018 sicut
468 971 645 1017 Domini
664 981 726 1019 est
747 970 887 1018 salus²
906 1008 918 1028 ‚
945 989 1034 1020 non
1054 989 1143 1036 qua
1170 975 1383 1025 Dominus
1404 979 1546 1033 salvus

171 1043 238 1100 fit,
263 1042 336 1090 sed
354 1059 442 1106 qua
458 1042 598 1088 salvos
615 1041 734 1091 facit.
755 1042 880 1090 Unde
903 1042 1011 1093 dicit
1031 1043 1147 1093 idem
1167 1046 1424 1110 Apostolus:
1446 1072 1465 1092 «
1487 1055 1548 1106 υς

172 1115 406 1162 »inveniar
435 1114 482 1160 in
516 1113 590 1160 illo
616 1131 703 1160 non
731 1113 897 1161 habens
931 1131 1071 1160 meam
1088 1117 1305 1175 justitiam
1329 1155 1340 1175 ‚
1369 1138 1471 1185 quae
1495 1141 1543 1174 ex

170 1210 191 1230 »
210 1187 302 1248 lege
326 1197 402 1245 est,
428 1185 502 1232 sed
525 1202 637 1239 eam,
666 1202 767 1249 quae
786 1196 847 1232 est
869 1203 914 1234 ex
933 1185 1019 1236 fide
1035 1223 1047 1244 ,
1061 1188 1277 1248 justitiam
1297 1207 1344 1238 ex
1364 1193 1456 1239 Deo
1468 1194 1500 1241 3.
1524 1216 1546 1241 ι)

170 1260 269 1322 lpsa
286 1270 348 1307 est
355 1257 524 1320 J'ustitia
550 1257 655 1310 Dei,
683 1272 815 1320 quam
838 1257 1088 1305 nesciebant
1111 1259 1341 1318 Israelitae,
1364 1274 1409 1312 et
1423 1281 1544 1316 suam

166 1330 371 1377 volebant
389 1328 651 1381 constituere
666 1365 678 1385 ,
694 1344 794 1391 quae
819 1344 867 1374 ex
891 1327 982 1388 lege
1006 1338 1091 1378 est:
1115 1346 1248 1393 quam
1272 1332 1436 1383 Paulus
1463 1335 1544 1386 de,

166 1411 331 1450 struens
349 1437 360 1458 ‚
384 1418 472 1447 non
492 1400 628 1460 legem
651 1400 802 1463 utique
819 1397 1086 1456 destruebat,
1122 1400 1195 1449 sed
1218 1418 1366 1453 eorum
1389 1422 1547 1470 super,

164 1472 282 1523 biam
301 1510 312 1530 ‚
339 1472 418 1537 qui
440 1471 576 1531 legem
609 1469 694 1517 sihi
728 1468 922 1517 sufficere
941 1469 1189 1533 putabant,
1220 1483 1429 1538 tanquam
1466 1494 1546 1541 per

162 1543 351 1593 liberum
365 1542 595 1589 arbitrium
610 1539 826 1602 justitiam
842 1538 946 1600 legis
963 1539 1208 1605 implenteS‚
1226 1554 1269 1591 et
1280 1544 1545 1606 ignorabant

162 1614 244 1663 Dei
269 1614 510 1674 justitiam,
538 1628 642 1677 quae
664 1611 794 1657 datur
817 1627 865 1656 ex
906 1612 1021 1667 Dee,
1060 1621 1107 1660 ut
1137 1613 1259 1677 quod
1282 1614 1347 1662 lex
1372 1617 1501 1677 jubet
1527 1656 1539 1675 ‚

161 1685 444 1732 subveniente
461 1683 537 1730 illo
557 1683 639 1728 fiat
654 1719 665 1740 ,
681 1685 806 1743 cujus
832 1679 1042 1745 sapientia
1065 1681 1200 1742 legem
1223 1695 1264 1734 et
1286 1686 1534 1738 misericor-2

160 1756 277 1803 diam
301 1757 347 1805 in
363 1756 511 1817 lingua
527 1763 677 1818 portat
697 1770 707 1798 ε
729 1752 885 1813 legem,
899 1752 1001 1815 quia
1013 1753 1162 1812 Jubet3
1178 1756 1535 1817 misericordiam,

159 1829 263 1892 quia
275 1832 430 1889 Juvat,
456 1836 507 1872 ut
526 1827 602 1871 fiat
622 1822 743 1887 quod
758 1822 928 1883 jubetis,
961 1823 1087 1870 Hanc
1106 1825 1184 1871 Dei
1203 1828 1416 1888 J‘ustitiam
1438 1849 1541 1882 con,

159 1899 354 1962 cupisce‚
384 1915 410 1943 o
438 1896 501 1942 fili
536 1895 723 1952 Juliane,
749 1893 839 1941 noli
868 1894 914 1939 in
945 1904 1020 1941 tua
1047 1895 1208 1943 virtute
1247 1900 1498 1949 confidere⁵
1523 1923 1535 1954 ε

158 1970 276 2018 hanc
295 2006 306 2025 ‚
331 1969 510 2031 inquam
535 2003 546 2022 ‚
589 1965 669 2011 Dei
692 1964 957 2027 concupisce
984 1965 1225 2024 justitiain3
1249 1985 1382 2031 quam
1405 1972 1538 2020 donet

160 2040 240 2089 tibi
266 2039 479 2089 Dominus
501 2034 836 2098 concupiscere,
859 2033 991 2080 donet
1022 2034 1105 2080 tibi
1130 2036 1344 2086 Dominus
1377 2052 1418 2088 et
1453 2042 1539 2090 ha·-

156 2112 271 2158 bere.
308 2109 408 2157 Noli
449 2109 579 2154 istum
614 2107 805 2153 Poenum
845 2116 1095 2152 monentem
1128 2108 1196 2154 vel
1232 2110 1536 2161 admonentem

158 2193 323 2228 terrena
361 2178 539 2225 inflatus
574 2175 818 2239 propagine
850 2192 1064 2238 spernere.
1106 2177 1204 2224 Non
1228 2181 1342 2227 enim
1366 2184 1468 2246 quia
1495 2195 1534 2232 te

156 2252 318 2316 Apulia
341 2249 517 2312 genuit,
550 2247 648 2294 ideo
678 2248 840 2293 Poenos
865 2246 1104 2293 vincendos
1133 2249 1342 2297 existimes
1371 2266 1495 2313 gente
1516 2293 1528 2315 ,

154 2341 265 2389 quos
288 2339 376 2369 non
399 2330 522 2383 potes
543 2329 696 2366 mente.
727 2322 883 2364 Poenas
905 2318 1051 2381 potius
1073 2319 1172 2379 fuge
1188 2358 1198 2377 ,
1220 2338 1307 2368 non
1333 2324 1494 2374 Poenos
1516 2345 1527 2375 ς

152 2413 254 2442 nam
278 2393 567 2455 disputatores
591 2389 752 2435 Poenos
775 2404 852 2435 nos
877 2405 966 2436 non
989 2399 1112 2453 potes
1128 2389 1274 2452 fugere
1293 2429 1305 2450 ,
1333 2396 1530 2458 quandiu

152 2478 195 2513 te
214 2464 402 2513 delectat
423 2461 470 2510 in
490 2470 563 2508 tua
591 2459 751 2508 virtute
777 2458 996 2508 confidere
1017 2479 1029 2514 ;
1056 2470 1097 2509 et
1120 2461 1274 2510 beatus
1295 2466 1409 2513 enim
1435 2468 1530 2531 Cy-

200 2565 212 2588 ¹
229 2566 325 2596 Rom.
344 2573 376 2602 x,
407 2565 475 2593 1-3.
502 2579 545 2586 —-
562 2559 578 2587 2
595 2560 675 2592 Psal.
697 2571 753 2603 ιιι,
774 2561 807 2593 8.
828 2578 870 2585 —
888 2558 903 2583 3
921 2560 1039 2605 Philip.
1066 2573 1116 2605 m,
1138 2574 1171 2604 9.
1187 2580 1230 2588 -.-
1248 2562 1262 2587 4
1289 2568 1383 2600 psov·
1401 2579 1454 2608 m,
1474 2573 1528 2615 ‘6'

149 2621 240 2663 juxta
259 2630 336 2653 ux.
359 2636 403 2643 -—·
423 2615 436 2639 ⁵
455 2617 533 2650 Psal.
548 2627 668 2655 xum,
690 2617 722 2648 6.
745 2658 749 2661 ¹

1319 2675 1395 2722 31.
