1863 3262
176 259 332 289 OPERIS
368 256 628 289 IMPERFECTI
664 255 839 285 CONTRA
875 255 1122 293 JULIANUM‚
1163 254 1250 287 [ΑΒ.
1295 256 1354 286 lv.
1413 241 1488 286 lssl

126 325 291 371 diaboli
308 325 436 370 etiam
470 324 515 369 in
542 339 583 368 se
606 321 697 385 ipse
732 332 989 382 cognoscat,
1027 315 1137 367 illud
1159 322 1324 368 scilicet
1357 323 1404 368 in
1426 338 1503 368 sua

126 406 304 451 natura,
327 394 438 441 illud
462 394 507 439 in
531 392 652 439 vitio.
679 392 751 438 Sic
771 403 813 439 et
830 393 876 438 in
898 392 1068 438 sexibus
1094 393 1287 452 agnoscit
1310 393 1382 438 ille
1403 409 1504 457 quae

127 466 206 511 Dei
233 476 359 521 sunt,
383 465 496 511 sicut
514 473 555 509 et
577 464 720 527 ipsum
738 480 881 509 sexum
900 500 911 520 ,
935 474 977 509 et
993 479 1152 526 corpus
1170 500 1180 519 ‚
1203 474 1243 508 et
1261 464 1465 526 spiritum
1490 481 1503 509 ι

127 535 199 582 sed
220 535 413 596 agnoscit
431 545 610 580 etsuum
627 571 639 590 ,
664 551 753 597 quo
773 551 874 580 caro
898 533 1172 597 concupiscit
1191 533 1392 579 adversus
1416 535 1505 598 spi-

127 607 258 651 ritum
284 624 294 652 :
326 604 399 650 illa
417 605 531 650 enim
547 614 647 650 sunt
666 621 690 649 a
717 604 921 649 Creatore
935 640 947 662 ‚
969 607 1094 664 cujus
1114 603 1354 649 vindictam
1371 604 1506 649 vitare

127 693 216 722 non
241 676 412 739 potuit;
431 675 520 722 hoc
535 675 711 722 vulnere
730 675 852 739 quod
872 674 1044 720 inflixit.

195 747 248 793 Χ.
273 747 370 794 JUL.
402 768 423 789 c<
445 747 524 793 Aio
542 747 654 792 enirn
681 765 691 792 ε
720 747 878 804 «Quid
901 763 1002 806 ergo
1027 764 1153 793 suurn
1172 745 1374 792 diabolus
1402 761 1509 805 cog-

129 817 270 862 noscit
307 816 353 862 in
385 817 578 864 sexibus.
619 827 667 862 ut
694 817 884 863 fructum
916 833 1086 874 eorum,
1111 816 1223 863 sicut
1256 816 1391 872 dicis,
1412 818 1511 875 jure

128 885 376 950 possideat?
398 886 698 932 Diversitatem
713 889 732 933 Ρ
750 886 823 932 sed
839 887 937 932 haec
956 887 1000 932 in
1021 886 1283 950 corporibus
1301 897 1389 940 est,
1411 902 1512 950 quae

129 960 246 1002 Deus
259 955 376 1003 fecit.
404 957 798 1003 commixtionem?
817 957 888 1003 sed
911 974 996 1003 non
1014 958 1157 1003 minus
1175 958 1509 1013 benedictionis,

130 1044 262 1092 quam
282 1028 564 1073 institutionis
580 1029 806 1092 privilegio
822 1028 1086 1076 vindicatur.
1114 1051 1134 1071 >2
1160 1031 1226 1075 An
1243 1028 1353 1075 forte
1372 1031 1513 1094 ipsam

128 1097 494 1144 foecunditatem?
513 1099 586 1144 sed
608 1099 701 1163 ipsa
721 1111 783 1145 est
799 1099 989 1145 instituti
1002 1116 1130 1146 causa
1155 1101 1363 1160 conjugii.
1391 1100 1511 1157 Quid

130 1167 205 1214 hic
230 1186 330 1228 ergo
351 1185 514 1215 novum
536 1168 649 1216 fuit?
672 1169 780 1233 quid
803 1187 826 1214 a
848 1170 1068 1233 superiore
1092 1188 1226 1234 quam
1245 1172 1513 1234 probaveras

131 1238 409 1285 conclusione
435 1239 710 1295 dissentiens,
731 1240 852 1303 quod
867 1251 966 1303 post
980 1240 1154 1286 laudem
1175 1241 1515 1305 vituperandum

131 1312 334 1371 putares?
358 1311 484 1355 Certe
510 1309 621 1355 nihil
643 1327 653 1354 :
682 1327 731 1355 ac
754 1327 833 1373 per
857 1311 944 1356 hoc
968 1311 1077 1374 quid
1106 1310 1160 1355 de
1189 1320 1274 1356 tam
1296 1311 1416 1358 foeda
1437 1329 1518 1358 va-

131 1378 280 1425 rietate
316 1379 565 1440 colligitur?
594 1397 694 1426 cum
721 1398 743 1426 a
766 1398 834 1427 me
869 1381 1073 1427 videlicet
1107 1381 1348 1445 disputatio
1383 1383 1516 1429 inno-

130 1459 231 1496 vata
253 1467 343 1496 non
368 1450 446 1507 sit,
475 1468 497 1496 a
535 1461 576 1496 te
595 1467 696 1497 vero
723 1451 778 1496 sit
814 1451 1044 1497 aestimatio
1077 1469 1271 1498 meorum
1297 1452 1518 1500 dictorum

132 1531 380 1583 permutata
399 1558 410 1577 ‚
436 1521 701 1567 teterrimam
725 1538 812 1567 esse
835 1522 1120 1569 intentionem
1150 1533 1265 1568 tuam
1284 1561 1294 1580 ‚
1315 1535 1357 1570 et
1379 1524 1518 1570 ratio-

133 1606 232 1636 nem
253 1590 535 1639 imbecillam
562 1614 583 1634 ›>

202 1663 316 1708 Aue.
361 1662 532 1707 Miraris
556 1661 675 1734 quod
713 1671 813 1725 post
842 1661 1017 1708 laudem
1049 1679 1232 1726 operum
1266 1664 1372 1722 Dei,
1399 1666 1520 1713 vitu-

133 1727 285 1790 peravi
325 1725 577 1773 insidiosam
613 1726 993 1787 interrogationem
1041 1738 1162 1773 tuam
1198 1746 1209 1774 :
1247 1729 1519 1810 interrogans

135 1797 303 1860 quippe
322 1795 495 1842 dixisti:
523 1818 544 1839 <‹
565 1796 685 1854 Quid
706 1797 839 1857 igitur
857 1814 985 1842 suum
1011 1796 1214 1844 diabolus
1233 1803 1456 1860 coonoscit
1474 1803 1518 1848 in

135 1867 330 1912 sexibus?
348 1888 369 1908 ³)
394 1868 451 1913 Et
466 1866 614 1913 volens
633 1866 890 1930 persuadere
906 1866 1028 1930 quod
1047 1867 1161 1913 nihil
1185 1886 1312 1915 suum
1338 1888 1518 1931 cognos-

136 1946 206 1981 cat
223 1936 270 1981 in
292 1936 460 1982 sexibus
475 1974 486 1993 ‚
512 1954 560 1982 ea
585 1937 961 1992 commemorasti,
987 1953 1087 1999 quae
1101 1953 1200 1982 vere
1215 1938 1269 1983 ad
1288 1939 1517 1987 diabolum

136 2022 224 2050 non
254 2005 521 2068 pertineant,
554 2005 845 2051 diversitatem
876 2005 1061 2062 scilicet,
1092 2023 1177 2070 qua
1208 2007 1464 2056 foemininus
1492 2030 1515 2058 a

137 2074 378 2120 masculino
401 2075 596 2121 diversus
622 2086 683 2121 est
708 2092 856 2121 sexus:
888 2086 930 2121 et
954 2076 1302 2123 commixtionem
1319 2114 1329 2134 ‚
1354 2096 1441 2143 qua
1467 2092 1516 2127 ut

135 2144 216 2191 filii
236 2156 508 2204 generentur,
529 2162 649 2197 sexus
666 2156 847 2209 uterque
861 2145 1067 2192 miscetur
1080 2166 1090 2201 ;
1105 2157 1146 2192 et
1158 2145 1490 2197 foecunditatem
1502 2188 1513 2207 ‚

136 2231 222 2278 qua
256 2214 342 2278 ipsi
380 2215 460 2261 filii
495 2227 769 2275 generantur.
816 2216 925 2261 Haec
968 2216 1114 2262 omnia
1149 2215 1338 2264 fatemur
1370 2220 1519 2267 futura

137 2284 265 2330 fuisse
293 2285 338 2330 in
365 2285 594 2348 paradiso,
633 2285 799 2331 etiamsi
826 2303 953 2331 nemo
977 2298 1198 2349 peccasset
1222 2305 1232 2333 ι
1256 2288 1330 2334 sed
1358 2290 1432 2337 illa
1454 2292 1519 2338 ibi

136 2353 285 2400 futura
306 2372 394 2400 non
412 2366 528 2411 erat,
549 2373 682 2420 quam
704 2367 950 2413 senserunt,
979 2356 1156 2419 quando
1176 2358 1384 2421 pudenda
1405 2372 1520 2408 texe-

138 2435 268 2480 runt,
288 2426 364 2488 qui
377 2426 634 2489 priusquam
660 2438 894 2490 peccarent
910 2465 921 2484 ‚
945 2427 1055 2473 nudi
1074 2439 1225 2485 erant,
1250 2440 1293 2475 et
1308 2448 1395 2477 non
1416 2449 1520 2479 con-

138 2495 451 2543 fundebantur.
475 2497 602 2543 Hanc
621 2507 670 2543 tu
694 2498 1100 2562 concupiscentiam
1120 2500 1286 2557 carnis,
1316 2518 1402 2565 qua
1419 2520 1522 2551 caro

141 2567 416 2631 concupiscit
437 2567 642 2614 adversus
658 2568 861 2632 spiritum
878 2607 888 2626 ‚
907 2569 997 2616 sine
1016 2585 1103 2633 qua
1125 2570 1270 2617 nullus
1293 2572 1524 2622 hominum

312 2654 453 2686 cxciv.
1342 2660 1353 2688 1
1373 2661 1386 2688 1
