1863 3262
336 270 398 328 48
754 284 788 314 s,
832 283 1075 315 mausum
1111 284 1311 315 arlscom

339 350 530 395 dicentes
553 348 752 408 Pelagius
773 349 865 412 ipse
888 348 1138 404 damnavit,
1165 349 1311 396 adhuc.
1330 349 1473 396 dicere
1493 366 1579 395 non
1599 348 1720 396 time-

338 420 434 467 tis1.
469 420 553 465 Sed
591 437 744 484 perge,
785 431 834 465 ut
870 420 949 465 tibi
989 420 1159 483 placet,
1198 432 1326 484 atque
1351 422 1480 468 etiam
1515 422 1631 485 ipsos
1657 431 1721 467 tot

341 491 596 536 Palaestinos
617 508 844 554 episcopos
877 491 1108 536 criminare
1138 492 1405 538 Manichaeos
1429 511 1440 538 ε
1468 493 1607 538 clama
1625 529 1635 545 ,
1663 492 1719 538 ad

337 562 491 607 horam
520 561 743 621 Pelagium
772 561 941 606 cessisse
966 561 1226 607 Manicliaeis
1243 600 1253 617 ,
1281 581 1334 607 ne
1358 563 1638 608 damnaretur
1662 563 1717 607 ab

333 633 406 680 eis.
436 633 574 696 lmple
605 631 855 696 paradisum
890 633 1031 694 pomis
1058 632 1320 687 libidinum3
1347 646 1388 679 et
1422 645 1484 679 tot
1518 651 1566 679 ac
1599 644 1718 678 tanta

337 705 448 749 mala
481 721 581 767 quae
616 704 783 767 perpeti
806 703 1002 748 videmus
1038 703 1246 759 infantes,
1278 716 1484 768 tanquam
1523 722 1609 750 non
1634 705 1720 749 sint

334 775 529 838 poenales
543 774 730 828 dolores,
752 774 823 819 sed
846 774 1036 819 vernales
1051 774 1228 830 odores,
1247 792 1325 838 per
1342 775 1414 820 illa
1432 775 1569 820 felicia
1591 785 1717 837 prata

337 844 547 892 diffunde.
591 846 642 890 lit
667 862 732 890 me
760 844 900 890 inride
923 845 1044 908 quasi
1073 855 1291 890 natantem
1313 865 1323 898 3
1345 862 1443 890 cum
1481 855 1525 889 tu
1550 846 1594 890 in
1621 844 1718 890 haec

334 915 556 979 profunda
573 916 790 962 demersus
814 917 996 962 intereas
1016 934 1026 961 ι
1055 933 1121 961 me
1137 916 1276 962 inride
1296 916 1418 979 quasi
1439 926 1717 961 nauseantem

334 1003 384 1033 ae
411 998 679 1039 vomentem3
706 1004 805 1033 cum
835 998 878 1033 tu
907 991 1289 1047 mortuusjaceas,
1317 998 1357 1032 ct
1387 998 1595 1050 tanquam
1614 1004 1717 1031 ver-

335 1068 548 1103 mescente
580 1057 838 1120 putredine,
865 1058 925 1103 sic
953 1058 1147 1121 inquieta
1181 1058 1445 1121 loquacitate
1479 1068 1712 1121 putescas:

333 1145 402 1173 me
434 1145 564 1189 argue
596 1129 717 1191 quasi
760 1129 1043 1175 affirmantem
1069 1129 1188 1193 quod
1225 1130 1491 1189 negaverim,
1522 1140 1564 1174 et
1597 1127 1716 1191 quod

334 1199 634 1246 affirmaverim
665 1200 972 1260 denegantem:
1008 1217 1110 1246 cum
1151 1211 1197 1246 tu
1238 1200 1383 1264 potius
1419 1200 1506 1245 hoc
1539 1199 1714 1252 feceris;

332 1269 445 1315 sicut
469 1271 512 1316 in
540 1282 615 1317 tuo
651 1271 872 1316 volumine
902 1272 1122 1334 superiore
1159 1271 1423 1323 monstravi3
1456 1281 1497 1315 et
1532 1287 1598 1314 me
1630 1269 1716 1314 hoc

331 1357 420 1385 non
440 1340 584 1387 fecisse
602 1379 612 1397 ,
639 1342 831 1405 possint,
855 1342 929 1405 qui
955 1342 1104 1401 legunt
1126 1341 1345 1387 attendere
1364 1379 1373 1397 ,
1407 1351 1447 1386 et
1474 1357 1605 1403 quam
1630 1339 1716 1384 fal-

330 1409 485 1457 laciter
513 1412 599 1458 hoc
634 1430 700 1457 me
731 1412 879 1458 fecisse
909 1412 1089 1467 dixeris,
1126 1413 1318 1458 invenire
1347 1430 1357 1457 :
1388 1429 1455 1456 me
1487 1410 1560 1455 dic
1596 1409 1716 1469 gravi

332 1481 488 1527 morbo
514 1492 696 1545 ruptum
714 1519 724 1537 ,
748 1482 868 1545 quod
895 1483 1083 1546 suscipio
1106 1493 1244 1531 tenere
1271 1500 1355 1527 non
1376 1484 1526 1545 posse?
1543 1497 1643 1526 cum
1666 1490 1716 1524 tu

331 1552 489 1614 spiritu
504 1553 604 1598 vitae
622 1553 795 1616 penitus
815 1553 969 1599 amisso
985 1590 995 1609 ,
1019 1570 1106 1599 non
1120 1554 1269 1599 saltem
1286 1553 1425 1599 valeas
1445 1552 1606 1612 ingesta
1624 1566 1712 1595 sus-

330 1637 489 1686 elpere.

396 1694 559 1740 LVIII.
601 1694 700 1741 JUL.
744 1716 764 1736 c<
791 1693 921 1740 Vides
951 1693 1129 1757 quidem
1163 1694 1293 1739 etiam
1330 1694 1447 1756 ipse,
1488 1709 1578 1738 rem
1614 1691 1715 1751 dig-

332 1781 432 1810 nam
458 1764 782 1810 conflictatione
812 1781 899 1809 non
925 1781 1009 1809 esse
1033 1781 1044 1808 :
1069 1774 1212 1808 tamen
1234 1774 1281 1808 ut
1310 1763 1528 1808 mentibus
1552 1762 1714 1806 subve-

329 1836 478 1881 niatur
492 1837 700 1886 incautis,
718 1853 818 1900 quae
837 1836 1062 1881 crassiores
1083 1853 1275 1899 quasque
1295 1835 1522 1898 opiniones
1537 1844 1577 1878 et
1593 1832 1715 1878 malis

330 1908 528 1952 moribus
559 1907 834 1952 blandientes
869 1907 913 1951 in
938 1906 1139 1952 solatium
1175 1916 1399 1951 assumunt
1438 1904 1714 1950 conscientiae

330 1978 558 2033 sauciatae,
589 1978 903 2036 interrogamus
931 1988 1078 2022 utrum
1114 1987 1247 2022 tantae
1274 1975 1522 2022 stoliditatis
1555 1975 1708 2019 inven-

330 2057 423 2092 tum
457 2048 511 2093 de
550 2048 694 2111 aliqua
731 2048 1062 2110 Scripturarum
1099 2048 1324 2093 occasione
1350 2046 1640 2109 compereris?
1667 2043 1712 2088 Si

330 2117 486 2164 dixeris
507 2136 517 2163 :
541 2139 560 2159 «
582 2120 664 2163 Per
679 2135 813 2162 unum
835 2118 1056 2163 hominem
1077 2129 1309 2180 peccatum
1333 2117 1509 2162 intravit
1527 2116 1571 2161 in
1588 2131 1713 2160 mun-

329 2209 350 2230 »
375 2188 547 2234 dum1:
575 2210 594 2230 »
626 2188 908 2234 admonemus
946 2198 1008 2244 te,
1045 2203 1094 2233 ut
1121 2188 1280 2248 relegas
1313 2188 1537 2251 praesentis
1569 2184 1712 2249 operis

328 2259 595 2322 superiorem
628 2259 849 2313 libellum,
893 2262 1018 2317 cujus
1056 2259 1089 2304 si
1122 2276 1288 2304 memor
1314 2259 1474 2313 fueris,
1517 2257 1712 2321 Apostoli

326 2330 621 2375 testimonium
645 2346 853 2392 usurpare
873 2346 960 2374 non
981 2329 1155 2391 poteris,
1185 2351 1204 2370 »

387 2402 497 2446 Auo.
544 2401 631 2445 Nos
657 2410 696 2445 te
723 2400 868 2462 potius
895 2399 1205 2454 admonemus,
1250 2410 1298 2444 ut
1334 2400 1477 2462 ipsum
1517 2400 1710 2463 Aposto-

323 2469 416 2515 lum
434 2469 545 2530 legas
560 2508 570 2526 ,
598 2482 639 2516 et
654 2470 797 2515 videas
816 2487 958 2533 pauca
974 2472 1065 2533 ipsa
1085 2506 1096 2525 ,
1120 2470 1174 2515 de
1193 2471 1356 2533 quibus
1371 2471 1536 2530 agimus
1550 2507 1560 2522 ,
1581 2470 1712 2515 verba

323 2543 440 2601 ejus,
467 2552 558 2587 tam
587 2541 812 2587 manifesta
848 2559 934 2588 esse
971 2552 1123 2588 contra
1147 2553 1214 2599 te,
1241 2552 1290 2588 ut
1322 2558 1411 2589 non
1434 2541 1608 2599 libello,
1637 2540 1711 2587 sed

374 2624 476 2659 ¹150.
495 2624 534 2657 de
551 2623 645 2666 gestis
662 2624 767 2667 Pelag.
786 2635 815 2657 c·
842 2636 894 2665 11,
910 2626 950 2657 33
966 2630 998 2658 et
1018 2627 1069 2657 35.
