1863 3262
301 280 390 328 188
706 293 741 323 s,
783 291 1028 324 AUGUSTINI
1063 290 1267 323 EPISCOPI

300 357 497 404 homines
534 367 634 420 post
667 369 895 421 peccatum
942 357 1150 421 pudenda
1186 367 1404 414 texerunt,
1443 358 1521 422 qui
1566 358 1675 405 nudi

299 438 421 473 erant
446 438 544 472 ante
563 439 793 490 peccatum
815 465 825 484 ,
848 438 889 473 et
909 444 997 472 non
1030 426 1439 473 confundebantur?
1469 429 1587 485 Quid
1613 439 1675 475 est

298 498 410 543 enim
431 497 549 560 quod
569 497 677 543 dicis
693 536 703 554 ,
727 520 747 539 «
768 498 989 543 Amictum
1013 497 1180 542 homini
1201 498 1433 560 prudentia
1451 510 1491 544 et
1510 499 1674 545 hones-

298 578 359 612 tas
379 579 636 630 comparat,
673 585 802 631 quam
834 568 955 613 dedit
992 569 1133 612 Deus?
1153 589 1174 608 »
1211 568 1345 614 Stulti
1369 586 1468 628 ergo
1490 580 1612 615 erant
1631 579 1674 615 et

295 638 541 693 inhonesti,
579 649 622 682 et
656 638 956 701 imprudentes
991 648 1120 700 atque
1164 638 1439 701 impudentes
1476 639 1675 685 homines

295 718 391 753 ante
417 718 665 770 peccatum,
692 709 872 771 quando
894 725 963 754 eos
986 707 1196 753 nuditatis
1216 725 1304 753 non
1318 709 1674 772 pudebatPGra-

293 778 374 823 tias
411 789 625 841 peccato:
663 796 763 823 nam
792 779 853 824 sic
884 779 1199 824 remansissent.
1239 779 1373 835 Quod
1394 780 1428 825 si
1453 780 1674 826 absurdis-

296 848 400 893 sime
442 848 626 904 dicitur‚
662 848 857 912 profecto
895 848 1129 912 prudentia
1161 848 1371 894 naturalis
1398 860 1441 895 et
1472 850 1675 895 honestas

292 921 498 985 pudenda
534 933 759 979 texerunt3
798 922 870 968 sed
907 939 1006 985 quae
1047 931 1144 966 ante
1191 932 1425 984 peccatum
1465 922 1674 986 pudenda

289 1063 363 1108 sed
383 1065 509 1110 etiam
528 1063 743 1126 impulsus
761 1065 805 1108 in
826 1064 950 1110 vitio,
985 1064 1048 1108 De
1067 1080 1155 1125 quo
1180 1063 1372 1126 impulsu
1399 1065 1673 1110 erubuerunt

290 1133 371 1188 illi,
390 1134 467 1198 qui
490 1134 689 1180 membra
713 1151 812 1198 quse
836 1145 988 1179 contra
1007 1150 1157 1179 eorum
1177 1133 1448 1180 voluntatem
1471 1145 1673 1198 suscepta

292 1214 364 1249 tua
384 1203 665 1261 sollicitabat,
691 1204 810 1250 nuda
832 1204 1074 1268 relinquere
1099 1203 1349 1251 noluerunt.

355 1276 498 1320 XLII.
532 1278 634 1321 JUL.
665 1295 684 1314 «
703 1274 890 1320 Attende
921 1291 1022 1319 sane
1051 1291 1170 1319 nunc
1199 1275 1326 1338 quale
1364 1275 1448 1331 sit,
1477 1275 1598 1339 quod
1619 1275 1673 1321 de

288 1355 365 1389 tua
388 1344 592 1407 opinione
605 1345 851 1404 colligitur:
873 1344 1077 1390 videlicet
1093 1344 1382 1407 operiendum
1402 1346 1570 1409 pudore
1584 1363 1673 1391 non

288 1431 374 1459 esse
392 1451 403 1470 ,
439 1415 659 1478 quidquid
692 1416 859 1461 bonum
885 1415 1079 1460 creditur
1098 1452 1108 1470 ‚
1152 1415 1240 1460 Nos
1270 1426 1414 1462 autem
1441 1416 1673 1461 docuimus

286 1484 555 1531 voluntatem
575 1485 592 1514 1
617 1486 735 1531 illam
755 1486 1009 1531 naturaliter
1032 1485 1203 1530 sexibus
1226 1485 1432 1542 inditam,
1465 1496 1552 1532 tam
1582 1504 1672 1532 ma-

286 1554 371 1600 lam
399 1573 485 1601 non
508 1573 611 1610 esse,
635 1573 767 1619 quam
794 1556 847 1601 ad
875 1556 953 1601 Dei
979 1572 1155 1619 operam
1179 1556 1482 1619 pertinentem.
1515 1558 1578 1603 Ac
1595 1574 1673 1619 per

288 1623 376 1670 hoc
398 1636 444 1671 tu
465 1636 538 1671 aut
556 1626 823 1689 impietatem
857 1636 978 1672 tuam
1003 1625 1170 1671 deseres
1188 1662 1198 1681 ‚
1232 1637 1307 1672 aut
1333 1627 1560 1690 pudorem.
1586 1626 1672 1673 Sed

289 1694 397 1757 quid
423 1700 527 1742 nos?
548 1697 657 1742 Haec
678 1707 836 1743 autem.
866 1697 911 1742 Si
932 1696 1124 1742 mutabit
1143 1697 1343 1761 AEthiops
1357 1698 1515 1761 pellem
1533 1715 1673 1756 suam,

288 1775 363 1810 aut
390 1766 553 1828 pardus
582 1767 886 1824 varietatem23
920 1767 979 1812 ita
1000 1777 1041 1812 et
1060 1777 1106 1812 tu
1132 1784 1155 1811 a
1182 1768 1538 1814 Manichaeorum
1558 1784 1673 1831 mys-

290 1836 406 1881 teriis
426 1836 593 1884 elueris.
615 1859 635 1879 2>

358 1910 473 1953 Aac.
512 1908 607 1954 Imo
641 1918 688 1954 tu
713 1908 985 1954 Manichaeos
1020 1907 1228 1967 adjuvare
1255 1926 1344 1954 non
1369 1908 1535 1955 desines
1553 1946 1564 1965 ,
1590 1909 1673 1955 nisi

287 1975 414 2021 istam
439 1988 683 2041 susceptam
724 1988 843 2024 tuam
868 2015 878 2034 ‚
907 1994 1039 2042 quam
1072 1978 1202 2023 etiam
1235 1979 1474 2025 Manichaei
1512 1980 1672 2025 malam

289 2064 375 2092 esse
397 2048 694 2105 convincunt,
719 2065 819 2094 cum
841 2048 1073 2095 Ambrosio
1097 2059 1138 2093 et
1161 2065 1262 2094 cum
1287 2050 1491 2095 omnibus
1512 2050 1672 2095 catho-

287 2116 382 2162 licis
399 2117 574 2173 dixeris,
596 2135 644 2163 ex
663 2119 1024 2181 praevaricatione
1050 2118 1181 2181 primi
1201 2119 1392 2164 hominis
1410 2119 1455 2164 in
1478 2130 1671 2165 nostram

288 2189 463 2234 vertisse
486 2199 686 2234 naturam
721 2206 731 2233 ι
766 2206 819 2233 ne
851 2188 1092 2234 secundum
1116 2187 1229 2243 illos,
1254 2205 1363 2252 quos
1388 2189 1578 2235 nesciens
1598 2189 1672 2235 ad-

282 2265 411 2321 juvas
434 2262 643 2308 nefandos
664 2262 892 2308 haereticos
908 2298 918 2317 ‚
947 2264 1039 2307 Deo
1063 2272 1331 2307 coaeternum
1364 2262 1568 2308 credatur
1585 2262 1670 2308 ha-

286 2332 390 2378 bere
414 2332 685 2396 principium
702 2369 712 2389 ‚
737 2344 826 2379 tam
852 2332 1129 2378 manifestum
1154 2332 1344 2377 hominis
1367 2333 1539 2379 vitium.

352 2404 516 2450 XLIII.
542 2408 638 2451 Jur„
657 2426 677 2446 α
701 2404 909 2469 Sequitur
927 2420 1029 2463 ergo
1050 2414 1099 2449 ut
1117 2403 1426 2449 verecundiam
1444 2403 1638 2467 deponas
1655 2439 1665 2458 ‚

287 2492 336 2520 ac
370 2485 571 2520 manente
596 2475 785 2521 amicitia
807 2492 908 2521 cum
931 2475 1136 2534 magistro
1155 2512 1166 2531 ‚
1196 2474 1376 2538 Cynicis
1405 2474 1627 2521 foedereris
1653 2492 1664 2520 t

284 2562 395 2611 quos
418 2556 561 2592 tamen
583 2546 829 2610 aliquorum
849 2582 860 2602 ‚
885 2556 934 2591 ut
953 2545 1107 2592 Cicero
1125 2545 1170 2591 in
1191 2545 1345 2592 officiis
1360 2545 1489 2592 refert
1505 2583 1517 2603 ‚
1537 2545 1667 2591 etiam

333 2628 342 2650 ¹
362 2627 463 2660 Forte
481 2630 686 2674 voluptatem.
703 2648 745 2655 —
759 2628 775 2652 ²
792 2632 913 2663 Jerem.
929 2640 1005 2669 xm,
1022 2631 1079 2663 23.
