1824 3236
352 260 447 316 334
776 274 812 305 5.
856 272 1101 305 mensi-nu
1137 271 1345 305 131>1scoP1

351 351 438 395 est,
461 339 537 386 hic
551 356 652 386 usus
668 339 863 386 foeminae
881 357 1011 405 quem
1030 341 1335 422 pronuntiavit
1356 340 1591 403 Apostolus
1610 353 1737 389 natu-

352 398 515 467 ralem,
542 428 630 457 non
667 411 923 472 intelligitur
956 415 1115 491 conju<
1119 412 1225 469 alis,
1254 422 1303 458 ut
1333 411 1476 457 bonus
1506 411 1736 493 licitusque

352 480 594 527 doceatur.
623 481 695 528 sed
727 482 854 539 ideo,
890 482 1062 547 inquit,
1101 482 1246 528 dictus
1277 493 1338 529 est
1361 493 1501 528 natur·
1495 482 1600 540 1115,
1635 485 1738 547 quia

351 552 643 598 diversitatem
661 570 779 599 sexus
797 552 850 599 ad
870 553 956 599 hoc
973 553 1143 599 indicat
1160 553 1402 599 institutam
1422 591 1432 611 ‚
1464 565 1512 600 ut
1541 564 1582 600 et
1612 571 1739 600 com-

352 624 505 669 mixtui
520 635 746 687 pararetur
757 635 798 670 et
815 625 978 689 partui.
991 624 1167 682 Quibus
1179 624 1483 671 molitionibus
1495 629 1739 686 cumjuva-

353 704 472 739 retur
492 694 630 750 nihil,
661 712 742 740 cur
762 705 932 740 tantum
955 695 1210 741 immoratus
1229 697 1321 741 est‘?
1350 695 1552 742 Profecto
1577 697 1635 742 ob
1653 696 1740 742 hoc

352 765 493 811 solum
512 803 522 822 ‚
558 775 607 811 ut
626 765 675 810 111
695 767 770 830 qui
804 783 903 811 eum
933 775 1190 829 sequuntur,
1221 764 1413 811 solutum
1437 777 1597 829 putent
1620 766 1742 830 quod

354 836 544 882 viderint
571 835 698 882 fuisse
722 846 974 882 contactum
1004 854 1014 881 ε
1040 846 1248 882 caeterum
1269 854 1403 900 quam
1421 836 1533 882 nihil
1558 837 1739 892 dixerit,

354 907 498 954 brevis
513 906 752 970 disputatio
771 907 916 971 palam
938 907 1082 954 faciet.
1109 908 1277 970 Nempe
1294 908 1527 971 Apostolus
1546 907 1744 954 foeminae

356 994 483 1023 usum
512 978 571 1023 ait
599 977 855 1023 naturaliter
878 978 1153 1034 institutum,
1191 994 1269 1023 nec
1291 978 1615 1026 commendavit
1635 979 1745 1025 alte-

355 1066 448 1095 ram
483 1049 834 1094 commixtionem
870 1049 1074 1112 primitus
1110 1048 1387 1104 ordinatam3
1427 1050 1502 1096 sed
1525 1049 1578 1095 de
1596 1067 1645 1096 eo
1664 1066 1745 1096 usu

356 1119 587 1182 disputans
603 1156 613 1176 ‚
630 1120 675 1165 in
689 1136 779 1183 quo
793 1119 1024 1165 libidinem
1046 1119 1216 1166 cunctis
1239 1131 1420 1166 noverat
1438 1120 1623 1181 viguisse
1642 1130 1747 1166 tem-

356 1190 568 1255 poribus,
597 1190 841 1237 naturalem
863 1191 983 1237 illam
1005 1191 1193 1238 vocavit.
1223 1210 1243 1233 >2

425 1265 540 1308 AUG.
585 1263 696 1308 Usus
721 1261 917 1308 foeminae
942 1262 1152 1308 naturalis
1177 1272 1263 1319 est,
1289 1278 1390 1308 cum
1414 1265 1505 1322 ejus
1527 1261 1746 1308 masculus

356 1332 431 1378 illo
450 1333 645 1378 membro
664 1332 818 1389 utitur,
843 1350 931 1396 quo
956 1344 1111 1379 natura
1136 1332 1331 1393 ejusdem
1355 1332 1519 1392 generis
1541 1333 1747 1378 animan-

358 1404 467 1449 tium
491 1415 788 1468 propagatum
818 1416 1000 1468 propter
1024 1404 1144 1467 quod
1168 1404 1298 1450 etiam
1325 1405 1470 1467 ipsum
1496 1404 1747 1449 membrum

356 1486 514 1521 natura
547 1475 728 1539 proprie
761 1474 849 1520 dici
885 1475 990 1521 solet
1023 1493 1034 1520 ε
1063 1475 1179 1521 unde
1218 1475 1371 1522 Cicero
1397 1475 1482 1531 ait,
1520 1474 1747 1520 mulierem

356 1546 512 1593 vidisse
532 1564 573 1592 se
596 1547 642 1591 in
667 1546 829 1591 somnis
857 1546 1168 1610 praesignatam
1194 1545 1358 1591 habere
1387 1556 1604 1592 naturam.
1637 1546 1748 1591 Usus

360 1618 508 1681 itaque
525 1616 733 1662 naturalis
752 1627 790 1662 et
808 1617 953 1663 licitus
976 1628 1062 1676 est⁷
1089 1617 1201 1663 sicut
1223 1617 1268 1662 in
1295 1616 1526 1677 conjugi03
1552 1616 1748 1663 etilliei-

362 1700 430 1735 tus
446 1726 456 1745 ‚
485 1688 598 1734 sicut
618 1688 661 1734 in
681 1687 894 1734 adulterio
914 1706 924 1733 :
953 1699 1104 1734 contra
1127 1699 1328 1734 naturam
1348 1704 1450 1734 vero
1466 1704 1635 1750 semper
1658 1686 1749 1732 illi-

360 1761 471 1807 citus
489 1798 501 1816 ,
531 1770 573 1805 et
597 1759 754 1823 procul
789 1759 927 1806 dubio
954 1760 1206 1820 flagitiosior
1228 1770 1356 1823 atque
1392 1758 1587 1821 turpi0r3
1615 1774 1749 1822 quem

362 1841 534 1877 sanctus
555 1829 790 1893 Apostolus
815 1841 856 1876 et
880 1831 926 1876 in
945 1830 1137 1876 foeminis
1162 1841 1204 1876 et
1224 1830 1269 1875 in
1286 1829 1490 1875 masculis
1511 1829 1748 1888 arguebat,

362 1901 700 1948 damnabiliores
732 1900 879 1946 volens
897 1901 1081 1961 intelligi
1101 1939 1110 1956 ‚
1140 1917 1272 1964 quam
1296 1899 1329 1944 si
1354 1900 1400 1945 in
1423 1916 1502 1945 usu
1527 1897 1745 1954 naturali,

363 1972 431 2019 xel
463 1971 644 2018 adultei
637 1970 777 2026 ando,
805 1971 871 2018 vel
895 1970 1154 2017 fornicando
1176 1981 1425 2034 peccalent.
1464 1970 1575 2015 [sus
1605 1969 1751 2032 itaque

362 2042 753 2089 concumbentium
773 2042 980 2088 naturalis
995 2042 1198 2105 idemque
1212 2040 1497 2104 inculpabilis
1512 2077 1523 2098 ,
1544 2050 1585 2085 et
1608 2039 1653 2084 in
1675 2056 1751 2116 pa-

361 2114 503 2159 radiso
527 2130 612 2158 esse
636 2112 873 2175 potuisset,
898 2114 1065 2157 etiamsi
1091 2129 1217 2157 nemo
1242 2120 1490 2174 peccasset3
1518 2127 1610 2155 non
1635 2109 1750 2155 enim

363 2185 486 2231 aliter
510 2183 564 2229 ad
589 2183 837 2228 humanum
864 2201 995 2243 genus
1019 2183 1258 2228 secundum
1284 2181 1636 2227 benedictionem
1670 2180 1750 2225 Dei

364 2253 753 2319 multiplicandum
783 2253 860 2299 filii
864 2219 1163 2314 Dgignerentur
1190 2271 1199 2298 :
1226 2252 1299 2298 sed
1325 2270 1421 2298 eum
1441 2263 1643 2298 vocatum
1666 2269 1752 2297 esse

364 2329 420 2373 ab
449 2325 660 2390 Apostolo
682 2343 807 2371 usum
843 2325 1085 2372 naturalem
1103 2363 1113 2382 ,
1141 2326 1185 2370 in
1210 2342 1297 2388 quo
1317 2324 1546 2370 libidinem
1582 2324 1752 2370 cunctis

362 2407 542 2445 noverat
557 2396 739 2456 viguisse
766 2396 1063 2460 temporibus,
1094 2395 1190 2459 quis
1210 2395 1292 2440 11111
1311 2393 1418 2439 dixit
1437 2431 1447 2447 ‚
1472 2394 1553 2439 nisi
1577 2392 1752 2439 haeresis

358 2470 527 2516 vestra?
549 2466 673 2512 Absit
693 2466 807 2511 enirn
824 2504 834 2522 ‚
855 2477 904 2512 ut
926 2465 1162 2529 Apostolus
1188 2465 1319 2510 etiam
1346 2464 1424 2510 illo
1447 2475 1642 2528 tempore
1664 2463 1751 2508 ho-

360 2540 530 2587 minum
559 2536 754 2582 crederet
790 2535 1045 2601 pudendam
1077 2535 1263 2597 viguisse
1285 2534 1517 2582 libidinem
1535 2572 1546 2593 ,
1575 2533 1752 2598 quando

397 2631 407 2647 ’-
424 2622 490 2656 Cie.
504 2621 561 2656 1111,
582 2631 613 2655 2.
632 2619 672 2653 de
692 2619 801 2653 Divin.
