1863 3262
337 311 422 345 102
751 306 785 335 S·
829 304 1073 335 AUGUSTINI
1109 305 1310 338 EPISCOPI

330 376 557 425 convictus
579 389 621 418 es
641 381 688 417 tu
706 370 901 434 publicae
922 369 1130 425 falsitatis,
1149 371 1223 433 qui
1245 372 1396 418 scribis
1412 371 1519 418 adeo
1537 390 1561 419 a
1579 372 1705 419 nobis

329 450 491 494 bonam
514 442 688 490 defendi
713 441 943 487 hominum
969 450 1167 485 naturam
1194 452 1241 486 ut
1261 459 1376 488 sanae
1395 442 1441 489 in
1464 443 1705 490 infantibus

326 531 530 578 negemus
544 512 711 558 Christi
738 511 1018 556 necessariam
1043 510 1317 559 medicinam.
1341 534 1362 555 ›>

395 591 513 632 AUG.
538 584 697 630 Verum
716 581 803 626 dixi
825 599 834 625 :
860 581 1120 626 medicinam
1139 582 1304 645 quippe
1322 583 1576 630 christianae
1603 603 1704 645 gra-

329 658 421 712 tiae,
449 672 550 721 quae
570 672 659 700 non
672 651 894 698 confertur
918 651 999 697 nisi
1026 651 1301 710 Christianis,
1325 671 1412 699 non
1441 666 1586 701 autem
1608 672 1706 701 om-

325 728 458 774 nibus
489 724 745 772 hominibus
777 722 908 767 etiam
934 721 1213 778 infidelibus,
1250 734 1291 768 et
1331 725 1508 788 insuper
1544 725 1708 772 catellis

328 809 456 862 atque
478 794 698 860 porcellis,
725 792 948 856 pisciculis
969 804 1098 857 atque
1123 793 1388 851 vermiculis,
1413 796 1618 860 omnique
1643 813 1709 856 ge-

326 869 417 915 neri
441 866 828 931 qualiumcumque
851 863 1140 910 animantium
1159 901 1170 920 ‚
1215 866 1306 910 sine
1344 865 1482 912 dubio
1513 866 1710 930 parvulis

327 938 564 998 denegatis,
594 953 703 1000 quos
728 934 877 997 utique
895 935 984 980 sine
1009 934 1098 981 ullo
1122 935 1297 995 originis
1322 947 1460 993 reatu,
1486 937 1563 1001 qui
1585 954 1709 997 rege-

329 1010 549 1056 neratione
574 1018 778 1062 sanatur,
813 1017 1035 1065 generatos
1064 1023 1151 1052 esse
1189 1007 1464 1054 contenditis.
1508 1007 1632 1053 Unde
1664 1018 1709 1054 tu

329 1080 462 1126 modo
495 1094 670 1138 magnas
694 1093 843 1143 passus
867 1077 1105 1136 angustias,
1130 1076 1350 1123 detraxisti
1374 1078 1607 1125 medicinae
1625 1096 1710 1124 no-

327 1168 446 1206 men,
478 1160 520 1195 et
540 1147 807 1213 supposuisti
831 1147 979 1206 gratiae
1007 1165 1018 1192 :
1044 1148 1147 1210 quia
1170 1148 1351 1208 gratiam
1372 1159 1553 1212 propter
1573 1149 1711 1213 adop-

334 1222 497 1266 tionem
522 1217 718 1285 parvulis
743 1217 1023 1262 necessariam
1049 1217 1192 1263 dicere
1217 1219 1425 1282 potestis;
1452 1219 1713 1265 medicinam

333 1307 434 1337 vero
456 1290 516 1334 eis
540 1287 702 1351 quibus
723 1297 929 1331 aeternam
947 1286 1147 1343 salutem,
1174 1288 1341 1335 etiamsi
1365 1289 1604 1334 Christiani
1624 1307 1712 1336 non

335 1363 461 1417 fiant,
482 1359 737 1424 promittere
761 1357 928 1402 audetis
944 1395 954 1413 ‚
976 1375 1055 1421 per
1076 1370 1344 1404 sacramenta
1374 1359 1539 1405 Christi
1563 1377 1712 1405 neces-

333 1432 489 1478 sariam
515 1430 658 1476 dicere
694 1445 783 1474 non
813 1428 1007 1491 potestis.
1055 1428 1283 1474 Christum
1316 1429 1485 1492 quippe
1517 1429 1601 1475 illis
1625 1447 1714 1475 non

333 1501 467 1550 vultis
491 1516 577 1547 esse
599 1500 746 1545 Jesum
771 1515 781 1542 ε
809 1497 929 1560 quod
953 1498 1050 1544 ideo
1076 1509 1274 1555 vocatur,
1291 1509 1395 1544 teste
1408 1499 1589 1559 Angelo,
1610 1510 1716 1547 teste

337 1571 573 1632 Evangelio
594 1607 605 1627 ‚
643 1568 747 1633 quia
781 1568 948 1617 salvum
983 1569 1088 1614 facit
1128 1570 1346 1633 populum
1373 1587 1500 1616 suum
1523 1606 1534 1624 ,
1571 1588 1660 1616 non
1691 1589 1714 1616 a

336 1642 503 1689 morbis
524 1652 654 1704 atque
680 1639 934 1686 vulneribus
962 1640 1122 1697 carnis,
1147 1657 1169 1685 a
1197 1640 1359 1704 quibus
1385 1640 1605 1703 quoslibet
1630 1642 1714 1687 ho-

335 1714 472 1760 mines
506 1723 549 1758 et
582 1711 794 1776 quaelibet
829 1710 1022 1758 volatilia
1057 1722 1186 1775 atque
1209 1711 1379 1775 reptilia
1409 1722 1558 1768 sanat,
1586 1711 1660 1758 sed
1691 1729 1715 1758 a

336 1784 527 1849 peccatis
553 1780 781 1828 eorum1.»

403 1856 518 1902 CLI.
549 1854 652 1900 JUL.
684 1852 838 1909 «Quae
862 1862 1007 1898 tamen
1033 1851 1168 1912 gratia
1185 1889 1196 1908 ‚
1224 1852 1433 1917 quoniam
1467 1853 1596 1899 etiam
1620 1871 1716 1900 me-

334 1926 482 1975 dicina
505 1924 686 1979 dicitur,
709 1923 824 1969 salva
843 1923 934 1983 lege
955 1924 1138 1982 justitiae
1155 1923 1261 1969 facit
1286 1923 1390 1969 alios
1407 1941 1454 1969 ex
1479 1923 1603 1970 malis
1628 1924 1717 1970 bo·-

333 2013 441 2051 nos;
465 1994 670 2059 parvulos
689 2005 832 2040 autem
852 2010 963 2058 quos
991 2004 1107 2040 creat
1124 1993 1354 2041 condendo
1378 1995 1546 2053 bonos,
1574 1994 1718 2041 reddit

332 2066 584 2113 innovando
614 2065 956 2128 adoptandoque
974 2065 1184 2112 meliores.
1207 2087 1227 2107 n

402 2138 521 2183 AUG.
554 2137 669 2195 Ergo
696 2134 817 2198 quod
837 2135 895 2179 ait
922 2134 1014 2197 ipse
1038 2135 1160 2181 Jesus
1179 2172 1190 2192 ,
1220 2136 1355 2181 «Non
1379 2145 1441 2181 est
1469 2151 1580 2198 opus
1607 2136 1718 2182 sanis

334 2229 356 2250 »
378 2206 593 2262 medicus,
620 2204 694 2251 sed
719 2204 1058 2264 aegrotantibus2
1076 2241 1086 2261 ‚
1107 2227 1128 2247 »
1144 2216 1359 2269 quantum
1380 2206 1531 2251 attinet
1558 2204 1613 2250 ad
1630 2223 1717 2252 mc-

330 2278 525 2324 dicinam
548 2314 559 2333 ‚
594 2292 694 2339 quae
727 2274 826 2321 solis
851 2274 1111 2321 Christianis
1135 2276 1360 2338 praebetur
1389 2293 1412 2321 a
1446 2276 1622 2322 Christo
1640 2314 1651 2332 ‚
1672 2277 1716 2322 in

327 2346 525 2413 parvulis
543 2346 702 2392 falsum
727 2356 805 2402 est,
835 2362 944 2409 quos
968 2356 1010 2391 et
1033 2362 1156 2392 sanos
1183 2363 1287 2402 esse,
1316 2356 1357 2392 et
1381 2347 1439 2392 eis
1455 2384 1465 2402 ‚
1489 2357 1537 2392 ut
1557 2346 1718 2393 devite-

324 2419 379 2464 tis
401 2418 632 2471 invidiam,
652 2415 916 2462 medicinam
946 2416 1232 2463 christianam
1254 2416 1398 2463 dicitis
1414 2417 1710 2464 necessariam.

329 2488 568 2547 Quomodo
595 2499 739 2534 autem
758 2487 938 2533 innovat
963 2488 1164 2534 Christus
1183 2527 1193 2545 ‚
1222 2505 1334 2552 quos
1359 2506 1490 2534 novos
1512 2525 1523 2544 ,
1549 2506 1570 2533 a
1600 2488 1717 2533 nati-

332 2560 464 2606 vitate
491 2558 822 2613 recentissimos,
848 2558 1030 2615 invenit,
1053 2559 1086 2604 si
1100 2559 1213 2606 nihil
1227 2560 1411 2605 trahunt
1432 2558 1486 2605 de
1506 2569 1717 2607 vetustate

375 2644 384 2664 ¹
409 2641 523 2674 Mauh.
550 2653 577 2683 ι,
603 2653 656 2674 21.
679 2659 723 2663 —
745 2640 759 2662 ‘²
779 2643 876 2673 Marc.
898 2652 933 2678 η,
959 2653 1007 2680 17.
