1863 3262
216 295 374 327 OPERIS
409 291 670 326 IMPERFECTI
707 290 880 321 CONTRA
916 290 1161 328 JULiANUM,
1202 289 1287 319 Lm.
1332 289 1392 318 IV·
1444 261 1521 318 151

163 360 282 425 quod
306 379 353 408 ex
378 377 465 407 uno
497 357 719 406 Abraham
745 354 961 416 generatio
980 355 1235 400 «ludaeorum
1266 351 1533 398 descendisse

162 430 474 496 perhibeam-1,
499 428 613 475 nihil
637 426 704 473 vel
735 426 874 486 exigui
894 425 1088 470 intulisse
1107 440 1352 469 concussus.
1385 423 1434 468 ld
1453 439 1533 467 au-

162 512 251 548 tem
277 511 402 566 'putet
417 500 552 546 lector
573 499 668 554 iste,
692 496 762 543 cui
786 511 904 541 nune
927 494 1166 539 satisfacere
1181 494 1378 548 instituo,
1405 493 1448 537 in
1463 510 1532 536 se-

161 571 309 620 cundo
334 570 532 617 debuisse
557 567 775 615 volumine
801 564 1018 612 collocari.
1073 564 1197 609 Norit
1235 563 1385 621 igitur,
1414 562 1532 606 lianc

160 641 447 711 responsionis
490 639 641 695 fidem,
668 653 754 701 qua
790 636 917 682 etiam
943 634 1016 680 illa
1039 651 1138 697 quae
1161 643 1374 696 putantur
1398 632 1533 676 inter-

157 714 303 770 missa,
331 711 400 760 vel
432 712 477 758 in
511 710 628 757 libro
654 706 849 771 sequenti
872 705 1162 768 supplentur,
1190 719 1269 747 nee
1292 700 1536 765 quidquam

157 782 483 830 incommodare
508 779 750 836 certamini,
778 794 856 823 nec
873 776 928 822 de
954 775 1041 820 ulla
1066 773 1350 819 festinationis
1365 781 1535 834 pertur-

157 853 352 908 batione,
380 852 453 899 sed
476 862 564 897 tam
592 850 645 896 de
665 863 893 895 causarum
916 844 1182 900 necessitate,
1201 860 1332 906 quam
1355 842 1407 886 de
1425 857 1536 885 con—

161 923 244 970 silii
267 923 433 970 ratione
471 921 734 981 contingere.
760 917 969 981 Suppetit
1012 931 1112 961 vero
1134 929 1391 974 magnorum
1413 911 1536 970 inge-

157 994 330 1045 niorum
351 993 496 1057 copia,
530 1007 718 1055 quorum
742 988 947 1054 exemplis
980 986 1076 1032 talis
1104 985 1205 1049 styli
1228 982 1537 1046 consequentia

156 1063 403 1115 Vindicetur
425 1080 437 1108 ε
465 1062 538 1109 sed
555 1062 705 1124 inepta
727 1059 912 1121 jactatio
937 1068 1015 1112 est,
1043 1055 1097 1101 ad
1118 1054 1407 1100 defensionem
1428 1051 1535 1099 sim-

155 1134 283 1202 plicis
300 1134 460 1195 negotii
477 1132 674 1179 sonantia
698 1131 943 1194 priscorum
966 1127 1194 1172 nominum
1217 1124 1429 1170 advocare
1443 1122 1537 1167 suf—

155 1203 311 1264 fragia,
333 1214 375 1251 et
397 1203 670 1250 securitatem
683 1200 787 1246 facti
803 1198 982 1245 reddere
1011 1196 1254 1242 defensione
1271 1203 1530 1257 suspectam.

157 1273 411 1326 Secundum
435 1289 534 1334 ergo
550 1271 736 1326 librum,
759 1285 887 1333 quem
906 1265 1141 1313 asserendis
1162 1263 1357 1327 Apostoli
1371 1271 1538 1308 senten-

155 1344 226 1390 t‘iis
250 1343 530 1399 destinaram,
550 1359 604 1388 ne
617 1342 663 1387 in
674 1340 855 1386 nimiam
873 1336 1192 1397 longitudinem
1213 1334 1374 1379 levium
1392 1348 1534 1396 quaes-

153 1416 324 1462 tionum
346 1413 559 1479 proferret
582 1411 787 1473 adjectio,
816 1409 1110 1472 disputatione
1129 1405 1366 1450 necessaria
1394 1402 1538 1447 termi-

155 1486 270 1539 navi.
299 1486 462 1531 Verum
504 1484 607 1547 quia
630 1498 808 1528 munere
851 1480 971 1525 seriae
997 1475 1307 1524 dissertationis
1330 1473 1530 1536 impleto,

154 1555 288 1608 libuit
311 1556 439 1601 etiam
463 1553 623 1617 ineptis
644 1549 960 1616 quaestionibus
984 1548 1178 1602 obviare,
1205 1557 1246 1591 et
1268 1544 1535 1590 tardissimo-

156 1643 254 1672 rum
279 1641 573 1693 quorumque,
621 1623 699 1687 qui
733 1633 775 1667 et
796 1619 962 1680 frigidis
999 1628 1181 1682 possunt
1211 1614 1534 1676 objectionibus

155 1692 418 1766 permoveri,
442 1693 615 1759 placuit
640 1692 804 1738 habere
826 1701 1093 1754 respectum,
1115 1688 1241 1734 tertio
1259 1687 1375 1732 libro
1397 1683 1535 1748 quali-

154 1769 221 1812 ter
242 1783 289 1812 ex
313 1782 400 1812 uno
418 1764 547 1811 multi
568 1764 659 1809 nati
672 1762 921 1808 dicerentur
940 1759 1123 1805 ostendi.
1150 1759 1224 1802 Est
1245 1768 1386 1801 tamen
1406 1755 1533 1799 etiam

155 1836 504 1888 decentissimum
524 1872 535 1891 ,
555 1834 590 1880 si
606 1833 811 1881 volumen
831 1847 1010 1894 sequens
1026 1829 1185 1893 prioris
1204 1828 1402 1873 debitum
1423 1825 1530 1875 luat,

157 1917 206 1952 ut
234 1917 275 1952 et
298 1922 454 1966 magna
486 1906 600 1951 inter
625 1904 760 1949 libros
785 1902 985 1947 videatur
1014 1917 1101 1945 esse
1130 1896 1392 1953 concordia,
1415 1905 1455 1940 et
1481 1894 1535 1939 ad

156 1977 445 2036 cognitionem
481 1975 611 2020 totius
644 1973 787 2036 operis
813 1972 1053 2017 invitentur
1075 1969 1284 2031 legente53
1310 1983 1411 2011 cum
1436 1977 1478 2011 et
1500 1965 1533 2010 si

154 2045 288 2098 dilata
309 2045 356 2092 in
377 2045 532 2109 primis
558 2044 703 2107 aliqua
727 2040 1060 2096 aestimaverint,
1087 2037 1333 2097 intelligunt
1360 2045 1536 2099 praeter-

152 2116 280 2168 missa
304 2113 394 2162 non
421 2133 523 2162 esse.
553 2115 736 2162 Ostenso
770 2113 903 2172 igitur
927 2111 1029 2156 fidei
1065 2119 1108 2154 et
1141 2107 1368 2154 industriae
1393 2105 1536 2169 operis

155 2186 387 2234 convenire
410 2185 530 2250 quod
557 2185 763 2241 fecimus,
792 2182 1126 2243 congrediamur
1150 2196 1250 2226 cum
1280 2177 1536 2223 Maiiichaeis

189 2275 237 2304 ro
261 2258 342 2304 Dei
365 2257 573 2321 operibus
596 2266 639 2301 et
664 2255 861 2315 legibus,
888 2253 944 2299 ab
974 2253 1058 2298 illis
1084 2250 1292 2296 naturalis
1320 2248 1422 2294 mali
1458 2246 1531 2292 de-

154 2275 439 2384 armitatem,
467 2326 524 2373 ab
546 2327 636 2374 istis
662 2325 935 2389 iniquitatem
955 2322 1226 2384 judiciorum
1250 2318 1445 2365 feralium
1471 2334 1535 2363 re-

154 2397 388 2466 pellentem
413 2398 616 2451 docentes
648 2397 694 2442 in
725 2397 905 2442 istarum
928 2393 1160 2456 praeceptis
1191 2391 1304 2436 nihil
1338 2389 1394 2435 de
1415 2389 1534 2433 bono

154 2474 233 2522 suo
264 2466 503 2540 perdidisse
531 2466 764 2529 justitiam,
802 2465 849 2511 in
884 2464 1061 2511 illorum
1083 2462 1322 2508 seminibus
1344 2458 1457 2505 nihil
1479 2457 1534 2503 de

205 2585 216 2609 ¹
240 2583 343 2618 Hebr.
364 2596 412 2623 xx,
430 2596 481 2616 η.
