1863 3262
177 296 334 328 OPERIS
370 292 629 326 IMPERFECTI
665 289 840 322 CONTRA
875 287 1125 330 JULIANUM,
1164 288 1252 319 [AB.
1294 288 1355 319 lv.
1404 270 1491 318 153

128 373 374 416 coaetern03
409 358 736 419 pelagianorum
763 367 904 402 autem
925 392 936 411 ‚
975 355 1077 418 quia
1100 354 1255 399 nolunt
1280 354 1497 416 imputare

127 443 322 497 peccato.

193 503 278 550 III.
308 502 406 547 Jur„
450 521 470 541 α
492 500 589 544 Jam
616 515 716 558 ergo
741 514 787 543 ea
812 513 913 560 quae
946 494 1165 541 contexuit
1186 494 1393 539 laceratos
1417 509 1500 538 na-

127 572 352 626 turalium,
380 569 699 633 ponderemus:
727 567 799 613 sed
819 578 867 612 ut
895 582 1068 621 rerum,
1096 581 1196 627 quae
1224 573 1373 608 mutua
1399 572 1500 607 sunt

124 641 399 706 responsione
440 639 645 703 perplexe
663 676 673 695 ,
714 638 864 685 lectori
908 648 1054 682 nostro
1090 646 1178 680 tam
1220 633 1500 692 intelligentia

125 729 260 776 quam
279 711 480 757 discretio
513 721 789 770 suggeratur,
826 725 913 771 quo
937 724 1088 768 genere
1119 706 1395 759 obluctetur,
1421 702 1502 747 ad-

123 799 311 828 monere.
358 782 591 826 Profitetur
617 780 791 843 scriptis
826 779 1002 824 obviare
1036 776 1190 822 nostris
1209 812 1219 830 ,
1249 790 1350 838 quae
1383 771 1435 816 ad
1461 788 1503 817 se

126 853 184 897 ait
206 852 249 897 in
269 851 392 896 brevi
417 850 617 896 chartula
653 849 865 895 destinata
888 885 899 903 ,
923 858 965 892 et
987 846 1112 910 ponit
1139 845 1302 908 aliquas
1331 852 1503 888 senten-

125 923 281 968 tiarum
306 938 499 966 mearum
530 920 767 984 particulas
796 929 923 982 atque
950 917 1177 977 suggillat,
1209 931 1309 978 quae
1338 913 1382 958 in
1409 928 1503 957 meo

126 1009 256 1056 opere
277 1008 364 1036 non
391 1001 604 1037 tenentur.
626 1012 644 1032 υ

191 1063 305 1107 Aue.
334 1062 424 1106 Deo
443 1060 618 1120 gratias,
643 1059 764 1124 quod
787 1059 892 1122 ipsis
908 1068 1096 1122 quatuor
1112 1057 1235 1102 libris
1261 1054 1364 1109 tuis,
1389 1052 1505 1098 unde

124 1132 196 1178 ille
225 1131 344 1195 quod
372 1132 543 1187 voluit,
573 1132 684 1177 sicut
723 1131 863 1176 voluit
885 1167 895 1182 ,
932 1128 1171 1191 excerpsit,
1210 1129 1335 1186 cujus
1359 1124 1414 1169 ad
1440 1141 1508 1169 me

126 1201 327 1248 chartula
361 1202 487 1247 missa
519 1201 741 1265 pervenit,
772 1218 840 1246 sex
871 1199 995 1245 libris
1021 1198 1124 1243 meis
1155 1197 1209 1243 ad
1237 1207 1395 1242 cuncta
1414 1211 1506 1239 res-

128 1271 281 1335 pondi.
307 1275 419 1316 Puto
446 1271 642 1334 quodibi
670 1289 758 1316 non
780 1288 821 1316 es
842 1270 1039 1315 dicturus
1057 1305 1068 1323 ,
1096 1267 1240 1330 aliqua
1264 1283 1331 1310 me
1354 1264 1508 1309 redar-

132 1358 260 1401 guere
283 1341 483 1398 voluisse,
510 1357 610 1404 quae
631 1341 675 1385 in
698 1350 772 1385 tuo
790 1356 919 1403 opere
944 1356 1031 1383 non
1056 1348 1253 1382 tenentur
1277 1353 1287 1380 :
1324 1333 1442 1398 quod
1468 1343 1510 1378 et

128 1412 163 1457 si
180 1411 337 1458 dixeris
355 1449 366 1468 ,
390 1410 524 1475 idque
543 1411 797 1474 probaveris
818 1431 829 1465 3
858 1410 986 1456 etiam
1007 1408 1212 1470 gratulari
1232 1407 1370 1453 debeo
1389 1442 1399 1461 ,
1422 1421 1510 1450 non

129 1491 169 1527 te
186 1480 355 1534 dixisse,
383 1497 484 1544 quae
508 1480 651 1527 dicere
676 1498 763 1527 non
795 1480 974 1526 deberes
1001 1497 1012 1524 z
1047 1490 1175 1542 atque
1197 1478 1362 1524 utinam
1390 1492 1510 1539 quae-

127 1568 317 1614 eumque
335 1551 468 1597 verba
496 1562 568 1597 tua
588 1551 820 1597 rectissime
846 1549 1246 1615 reprehenduntur,
1270 1548 1391 1593 nulla
1409 1563 1508 1593 om-

129 1620 234 1666 nino
258 1620 444 1667 dixisses.

195 1691 270 1736 lV.
301 1690 325 1734 J
333 1707 399 1738 UL.
427 1713 447 1732 «
462 1692 679 1756 Loquitur
702 1708 802 1752 ergo
822 1691 875 1737 ad
893 1691 1112 1737 Valerium
1133 1709 1143 1736 :
1167 1712 1188 1732 >2
1212 1688 1395 1735 Attende
1415 1687 1511 1751 qui-

130 1760 215 1805 bus
251 1777 293 1806 se
333 1761 548 1807 existimat
590 1762 819 1808 adversum
861 1779 938 1807 nos
976 1761 1084 1806 huic
1123 1760 1348 1824 praemisso
1386 1757 1513 1803 titulo

131 1830 407 1876 consonare1
435 1849 445 1876 :
476 1832 621 1887 Deus,
659 1832 832 1895 inquit,
871 1832 946 1895 qui
978 1831 1117 1876 Adam
1151 1849 1197 1876 ex
1233 1830 1338 1875 limo
1373 1828 1515 1874 fuerat

130 1899 370 1946 fabricatus
388 1938 398 1958 ,
419 1903 555 1949 Evam
573 1903 812 1948 construxit
836 1920 858 1948 e
875 1913 992 1948 costa
1012 1939 1022 1955 ,
1045 1913 1087 1946 et
1104 1901 1234 1955 dixit,
1254 1901 1361 1946 Haec
1386 1916 1514 1944 voca-

131 1969 254 2015 bitur
277 1971 375 2016 Vita
393 2008 403 2028 ‚
420 1973 631 2035 quoniam
664 1983 800 2018 mater
823 1983 885 2017 est
909 1973 1105 2017 omnium
1130 1970 1388 2018 viventium.
1414 1970 1515 2014 Non

136 2039 315 2103 quidem
340 2041 399 2087 ita
438 2044 653 2106 scriptum
676 2054 739 2088 est
755 2081 766 2099 ,
790 2042 863 2088 sed
884 2041 991 2105 quid
1008 2040 1062 2087 ad
1090 2044 1196 2086 nos?
1221 2040 1327 2086 solet
1345 2055 1515 2084 memo-

134 2111 198 2155 ria
220 2109 313 2155 falli
346 2112 392 2157 in
414 2113 559 2158 verbis
581 2151 592 2170 ,
626 2113 734 2158 dum
765 2124 909 2158 tamen
940 2113 1149 2158 sententia
1176 2121 1384 2157 teneatur.
1426 2109 1516 2154 Nec

136 2182 241 2256 Ffvae
256 2198 413 2226 nomen
429 2192 478 2228 ut
492 2183 788 2246 appellaretur
803 2183 919 2237 Vita,
938 2183 1052 2227 Deus
1075 2182 1283 2244 imposuit
1302 2218 1312 2236 ,
1333 2180 1405 2227 sed
1425 2197 1515 2225 ma-

135 2258 244 2294 ntus
276 2267 286 2294 :
313 2250 374 2296 sic
388 2251 503 2297 enim
528 2252 772 2317 loquitur2,
791 2274 811 2294 «
829 2254 883 2298 Et
904 2252 1077 2298 vocavit
1094 2252 1232 2297 Adam
1249 2269 1407 2297 nomen
1421 2267 1518 2296 uxo·

137 2338 159 2359 >2
176 2318 233 2363 ris
247 2336 337 2365 suae
349 2321 512 2379 Vitam,
527 2323 733 2386 quoniam
751 2334 886 2369 mater
903 2334 964 2369 est
982 2324 1177 2368 omnium
1192 2322 1430 2369 viventium
1442 2321 1474 2368 ³.
1497 2343 1516 2362 ι)

138 2408 158 2428 «
179 2388 403 2452 Stupenda
428 2390 620 2438 doctoris
642 2392 829 2438 eruditio
850 2431 859 2449 ,
895 2393 971 2456 qui
998 2411 1050 2438 ne
1078 2393 1307 2456 paululum
1341 2392 1519 2455 quidem

139 2475 164 2504 a
182 2459 512 2524 Scripturarum
542 2463 644 2508 sinit
675 2480 872 2510 sermone
894 2463 1081 2511 deflecti.
1110 2463 1381 2528 Imperitiam
1413 2480 1519 2510 nos-

190 2557 199 2580 ¹
217 2561 352 2602 August.
373 2561 432 2596 lib.
457 2573 488 2596 2.
512 2562 552 2596 de
577 2565 681 2607 Nupt.
700 2568 733 2596 et
760 2565 858 2598 Cone.
881 2575 911 2599 e.
934 2572 967 2604 4.
983 2582 1027 2588 —
1042 2562 1058 2585 ²
1084 2566 1179 2596 Forte
1194 2563 1319 2606 legitur.
1336 2560 1411 2595 ..-,3
1429 2564 1514 2598 Gen.

140 2625 179 2647 ιιι
196 2640 205 2658 ,
232 2626 286 2649 20.
1237 2615 1240 2618 ’
