1824 3236
325 252 416 306 3²18
750 264 783 293 s.
829 263 1076 292 AUGUSTINI
1113 261 1317 292 EPISCOPI

325 335 441 385 teris,
463 332 602 396 qualis
617 332 669 377 de
687 331 948 390 conJ'ugibus
966 330 1174 385 nascitur,
1197 328 1250 374 de
1268 327 1463 373 bonitate
1481 344 1557 373 nos
1580 339 1709 390 putas

324 403 539 463 urgendos
580 419 666 447 esse
697 401 972 464 nuptiarum,
1017 416 1214 462 quaerens
1237 398 1344 461 quid
1364 408 1491 456 agant
1515 398 1560 442 in
1578 399 1709 442 rebus

323 475 548 522 humanis„
571 473 759 535 sineque
789 471 951 516 malum
997 471 1101 534 ipsis
1132 468 1441 533 imputandum
1467 478 1545 523 cst,
1590 468 1710 531 quod

324 564 412 591 non
431 545 484 590 de
503 544 605 599 illis,
626 543 699 588 sed
718 543 771 588 de
790 542 940 587 vitiata
967 560 1045 605 per
1060 551 1291 605 peccatum
1308 540 1471 598 origine
1492 538 1709 591 trahitur3

324 633 463 679 neque
494 616 678 669 bonum,
708 613 811 677 quia
852 614 986 658 homo
1019 613 1146 657 etiam
1188 612 1241 656 de
1269 610 1476 656 adulteris
1500 609 1706 656 nascitur.

327 688 382 731 lit
406 687 508 750 quia
534 685 803 730 honestatem
825 683 1037 729 connubii
1062 701 1083 727 a
1108 681 1370 726 concubitus
1402 680 1540 725 illiciti
1568 680 1716 743 turpi-

324 756 476 802 tudine
500 755 745 801 invenimus
768 771 855 799 esse
882 754 1137 807 discretam,
1164 752 1268 796 hinc
1295 751 1508 795 existimas
1532 751 1711 806 confici,

325 827 496 872 nullum
535 825 742 885 originale
779 824 939 869 malum
966 823 1079 867 trabi
1105 822 1157 867 de
1181 821 1399 881 conjugali
1443 821 1713 874 concubitu3

327 914 412 942 non
453 898 639 949 intuens,
673 894 788 957 quod
824 895 855 939 si
889 893 1103 939 connubii
1148 892 1313 936 bonum
1351 908 1479 936 causa
1511 901 1633 945 esset,
1666 908 1718 936 ne

325 968 488 1012 malum
508 966 727 1011 traherent
747 965 821 1027 qui
841 964 894 1009 de
912 963 1176 1023 conjugibus
1198 973 1503 1015 nascerentur3
1522 961 1718 1024 profecto

328 1037 529 1084 adulterii
553 1036 713 1081 malum
738 1052 867 1080 causa
891 1046 1019 1087 esset,
1048 1046 1095 1079 ut
1112 1033 1274 1079 malum
1298 1034 1537 1087 traherent,
1566 1034 1641 1095 qui
1665 1032 1719 1077 de

329 1107 534 1153 adulteris
572 1116 864 1151 nascerentur.
915 1105 1093 1150 Habent
1121 1105 1254 1164 igitur
1277 1105 1322 1149 in
1359 1105 1488 1149 rebus
1512 1103 1716 1148 humanis

326 1180 558 1224 honestum
579 1177 723 1222 locum
745 1193 869 1221 suum
911 1176 1097 1238 nuptiae,
1130 1192 1218 1220 non
1241 1185 1291 1219 ut
1314 1174 1512 1219 homines
1536 1190 1722 1218 nascan-

330 1261 417 1304 tur,
447 1249 524 1312 qui
546 1247 623 1294 etsi
658 1246 778 1292 nulla
817 1247 1076 1310 nuptiarum
1110 1245 1218 1305 lege,
1245 1244 1432 1291 naturali
1460 1261 1537 1289 usu
1562 1243 1722 1307 passim

329 1338 446 1366 sexus
485 1330 669 1382 uterque
708 1318 1049 1372 concumberet,
1082 1317 1234 1379 utique
1258 1326 1562 1367 nascerentur;
1585 1314 1658 1360 sed
1676 1325 1723 1359 ut

331 1391 532 1436 ordinata
587 1388 905 1452 propagatione
956 1398 1222 1441 nascanturg
1266 1398 1308 1432 et
1349 1385 1724 1450 quemadmodum

330 1473 462 1526 partu
481 1471 611 1506 certae
632 1469 733 1505 sunt
757 1469 928 1515 inatres,
954 1459 1012 1504 ita
1032 1458 1116 1503 fide
1135 1458 1327 1517 conjugii
1346 1458 1595 1502 habeantur
1617 1456 1725 1501 certi

330 1545 372 1579 ct
397 1544 539 1596 patres
571 1550 580 1576 :
612 1542 653 1577 et
683 1548 735 1576 ne
753 1541 824 1575 tua
844 1529 1051 1593 pudenda
1077 1540 1275 1593 suscepta
1292 1546 1370 1592 per
1392 1527 1608 1591 quaslibet
1632 1526 1719 1572 foe-

331 1604 467 1649 minas
490 1613 610 1647 tanto
642 1600 837 1664 turpius,
875 1611 1040 1663 quanto
1064 1600 1244 1645 liberius
1268 1610 1486 1659 evagetur.
1521 1597 1603 1643 Sed
1626 1614 1716 1642 non

330 1675 431 1738 quia
451 1673 504 1719 de
529 1672 697 1735 nuptiis
729 1682 847 1717 certo
885 1671 1076 1730 genitore
1101 1671 1235 1715 homo
1261 1670 1472 1724 nascitur,
1512 1669 1609 1714 ideo
1635 1685 1725 1713 non

330 1745 495 1804 indiget
534 1743 762 1788 Salvatore
803 1759 880 1805 per
919 1758 1049 1804 quem
1080 1751 1329 1786 renascatur
1362 1750 1408 1785 ut
1434 1757 1455 1784 a
1488 1739 1603 1784 malo
1627 1755 1727 1783 cum

332 1833 420 1880 quo
456 1816 666 1867 nascitur,
706 1813 929 1858 liberetur.
958 1813 1054 1857 Non
1072 1823 1132 1857 est
1154 1812 1301 1875 itaque
1327 1813 1371 1856 in
1391 1810 1642 1863 connubiis,
1681 1820 1730 1854 ut

333 1905 410 1932 nos
430 1887 572 1932 dicere
600 1884 895 1939 calumniaris,
931 1883 1165 1928 criminosa
1191 1882 1442 1928 commixtio
1467 1899 1477 1925 z
1525 1880 1596 1924 scd
1632 1880 1728 1925 ideo

335 1957 554 2003 laudanda
570 1967 632 2001 est
654 1958 888 2014 conjugum
913 1955 1103 2000 castitas.
1138 1954 1242 2017 quia
1257 1953 1346 1998 sola
1362 1962 1505 2016 potest
1527 1951 1636 1996 bene
1666 1950 1730 1996 uti

335 2029 470 2083 malo,
500 2026 620 2091 quod
649 2037 695 2071 tu
714 2026 964 2070 deformiter
989 2024 1157 2071 laudas.

399 2100 560 2146 XXIV.
586 2099 689 2143 JUL.
718 2119 737 2137 (ι
757 2097 832 2141 His
871 2097 1003 2155 igitur
1031 2095 1241 2140 absolutis
1272 2094 1337 2138 vel
1363 2092 1556 2138 breviter
1577 2103 1727 2138 osten-

337 2171 437 2217 dam
463 2208 473 2223 ,
500 2171 785 2233 quamjaceas
805 2167 849 2211 in
872 2167 1095 2229 profundo
1115 2165 1391 2226 ignorantiae,
1420 2165 1495 2226 qui
1517 2165 1732 2210 hactenus

345 2242 652 2289 subtilissimus
694 2249 735 2285 et
760 2238 1031 2284 acutissimus
1058 2238 1294 2283 habebare.
1338 2235 1459 2281 Dicis
1491 2247 1531 2280 te
1563 2246 1732 2282 naturae

339 2314 555 2360 ascribere
585 2311 766 2365 crimen,
795 2309 914 2373 quod
953 2308 1103 2354 transit
1138 2310 1183 2354 in
1217 2306 1411 2352 sobolem
1430 2344 1439 2362 ,
1474 2324 1560 2351 non
1585 2317 1731 2352 tamen

337 2387 383 2430 in
408 2384 572 2447 nuptiis
601 2401 610 2427 :
639 2383 751 2428 sicut
777 2398 798 2426 e
819 2381 1017 2440 regione,
1051 2380 1282 2425 hominum
1311 2388 1478 2424 naturae
1516 2377 1727 2440 applicas,

340 2473 427 2500 non
443 2454 626 2514 flagitio,
652 2455 705 2498 Et
726 2452 822 2498 ideo
844 2452 968 2511 fingis
990 2461 1028 2496 te
1044 2450 1222 2514 quidem
1242 2449 1420 2495 laudare
1437 2448 1729 2497 connubium,

342 2542 395 2570 ne
419 2535 566 2588 aperte
586 2522 907 2587 deprhendaris
937 2522 1241 2573 Manicliaeus3
1270 2520 1342 2566 sed
1362 2520 1580 2583 vituperas
1613 2529 1736 2564 natu-

344 2613 452 2652 ram,
477 2595 547 2641 cui
563 2604 605 2640 et
623 2594 787 2640 malum
809 2593 959 2650 inesse,
984 2604 1025 2639 et
1043 2593 1095 2639 de
1108 2609 1193 2656 qua
1212 2591 1443 2656 propagari
1460 2589 1621 2636 malum
1634 2588 1740 2636 fate-
