1824 3236
201 286 358 321 omanis
395 287 653 317 lMPERFEc'n
689 286 865 316 CONTRA
902 287 1147 330 summum,
1187 291 1273 321 tin.
1317 293 1376 323 vi.
1426 278 1521 332 435

147 354 377 400 hominnm
410 353 455 398 in
478 368 709 398 commune
731 350 969 400 damnavit.
1001 355 1117 401 Audi
1142 357 1273 403 etiam
1296 359 1342 404 in
1371 360 1521 406 Lazari

145 424 469 470 resuscitatione
490 422 599 486 quid
628 421 775 478 dicat,
825 433 871 468 ut
907 423 1119 485 intelligas
1146 428 1276 473 etiarn
1326 430 1520 494 corporis

144 505 327 540 mortem
351 493 404 539 de
418 493 491 539 illo
521 492 672 551 grandi
692 492 855 538 venisse
876 506 1058 556 peccato
1075 496 1108 543 1.
1153 496 1316 555 Flebat,
1357 501 1518 564 inquit,

145 565 348 610 Christus
361 562 482 627 quod.
501 579 572 608 eos
590 563 667 625 qui
691 563 957 609 immortales
980 582 1066 611 esse
1085 577 1342 629 potuerunt,
1361 569 1521 616 diabo-

142 633 209 680 lus
231 634 333 680 fecit
357 650 445 679 esse
468 632 686 680 mortales.
718 633 824 690 Ubi,
855 633 1036 688 obsecro
1060 647 1117 692 te,
1152 637 1354 685 diabolus
1372 648 1519 686 omnes

141 703 340 749 homines
358 702 459 749 fecit
482 720 568 748 esse
596 702 814 757 mortaleS‚
835 704 915 749 nisi
943 704 988 750 in
1011 705 1085 751 illo
1104 708 1174 752 cui
1192 709 1516 771 praevaricatio-

141 774 208 820 nis
251 774 405 820 inflixit
429 785 514 819 tam
533 774 698 833 grande
718 786 966 837 peccatum,
996 792 1084 840 quo
1098 794 1146 822 ex
1161 779 1350 841 paradisi
1373 781 1517 826 beati·-

140 845 345 891 tudinein
361 856 524 890 tantam
540 845 773 901 miseriam,
791 862 921 908 quam
937 846 1134 893 videmus
1154 860 1283 912 atque
1295 851 1519 905 sentimus.

139 933 272 976 genus
309 916 595 978 projiceretur
633 915 908 963 humanum?
953 917 1086 974 Quod
1133 933 1221 964 non
1268 920 1358 966 sola
1403 934 1520 968 mors

140 987 334 1050 corporis
350 1023 360 1042 ,
405 985 478 1031 sed
512 985 649 1048 ipsius
672 1002 847 1050 quoque
872 988 1045 1043 animae,
1070 1003 1204 1052 quam
1230 992 1521 1056 corruptibile

142 1067 346 1116 aggravat
362 1072 539 1119 corpus,
562 1056 674 1102 mala
696 1068 759 1102 tot
780 1068 821 1102 et
836 1068 954 1104 tanta
980 1069 1207 1117 testantur,
1228 1070 1270 1107 et
1299 1067 1519 1123 graveju-

139 1143 241 1186 gum
258 1143 388 1190 super
407 1126 519 1172 filios
543 1125 682 1172 Adam
707 1144 730 1172 a
754 1127 824 1173 die
858 1129 992 1174 exitus
1020 1129 1073 1175 de
1103 1141 1250 1177 ventre
1276 1134 1424 1179 matris
1442 1151 1519 1179 eo-

137 1213 236 1243 rum
261 1215 272 1243 :
293 1197 374 1244 sub
397 1213 486 1261 quo
502 1200 610 1257 Jugo
644 1207 708 1242 est
738 1199 867 1243 etiam
892 1199 1012 1263 quod
1047 1200 1092 1246 in
1128 1202 1300 1248 Psalmo
1341 1204 1515 1264 legitur,

137 1290 155 1309 ι(
176 1269 382 1314 Universa
402 1269 568 1314 vanitas
599 1268 738 1313 omnis
772 1270 905 1316 homo
932 1272 1079 1318 vivens
1098 1273 1131 1319 ².
1155 1295 1175 1315 >2
1197 1275 1309 1331 Quae
1345 1286 1390 1321 tu
1412 1275 1522 1322 malti

134 1339 284 1384 nolens
321 1339 510 1384 tribuere
544 1338 608 1384 illi
630 1338 787 1398 grandi
811 1351 991 1403 peccato
1014 1343 1146 1405 primi
1170 1344 1378 1402 hominis,
1408 1345 1517 1410 quid

137 1411 242 1468 agis,
270 1409 350 1455 nisi
378 1420 426 1455 ut
447 1426 518 1465 ea,
547 1419 596 1455 tu
621 1409 800 1472 quidem
836 1412 1037 1474 paradiso
1072 1413 1190 1462 illius
1229 1426 1316 1461 tam
1351 1426 1521 1478 magnae

134 1481 351 1526 felicitatis
369 1480 600 1543 importeS‚
624 1491 833 1543 tanquam
853 1493 896 1527 et
912 1482 1000 1528 illic
1014 1482 1161 1530 futura
1172 1497 1327 1543 essent,
1350 1489 1523 1534 sinemo

133 1561 379 1614 peccasset3
405 1550 640 1596 Manichaei
664 1568 765 1596 vei-o
790 1569 836 1597 ea
854 1553 1051 1599 tribuant
1075 1557 1190 1615 genti
1216 1558 1519 1616 tenebrarum.

133 1637 222 1667 non
248 1632 289 1667 te
313 1632 545 1668 accusante
574 1620 762 1677 confusi,
796 1623 869 1667 sed
909 1623 1144 1683 adjuvante
1161 1627 1332 1684 confisi,
1356 1629 1435 1675 nisi
1454 1639 1520 1676 te-

132 1709 234 1738 cum
252 1692 360 1738 fiant
377 1703 586 1755 tanquam
605 1691 890 1738 invictissimo
906 1693 1052 1753 gladio
1082 1696 1302 1743 catholica
1334 1703 1514 1747 veritate

130 1761 342 1817 confossi?
370 1764 468 1809 Non
496 1773 655 1817 autem,
694 1764 1009 1822 utinsimulas‚
1034 1764 1223 1812 dicimus
1251 1785 1261 1812 ε
1297 1789 1317 1809 «
1340 1769 1511 1817 Nemini

129 1833 183 1879 de
215 1835 461 1898 primorum
504 1833 734 1879 hominum
758 1834 892 1897 stirpe
912 1836 1103 1881 nascenti
1127 1854 1213 1883 esse
1243 1840 1510 1901 possibilein

128 1905 338 1951 virtutum
365 1905 522 1950 decora
555 1904 718 1950 conari.
744 1926 764 1946 »
786 1906 1015 1950 Conantur
1034 1907 1146 1952 enim
1172 1908 1315 1965 multi,
1338 1910 1384 1955 in
1409 1912 1509 1975 qui-

126 1976 209 2022 bus
230 1977 341 2022 Deus
354 1985 560 2038 operatur
587 1985 629 2019 et
651 1974 760 2021 velle
786 1975 803 2004 3
833 1993 843 2021 :
872 1993 951 2022 nec
976 1977 1065 2022 sine
1085 1977 1234 2025 fructu
1254 1984 1506 2043 perventio-³

123 2047 296 2110 nisipso
321 2046 555 2106 adjuvante
581 2057 808 2093 conantur.
838 2047 923 2092 Sed
944 2048 978 2092 si
993 2048 1183 2095 animam
1209 2068 1371 2115 corpus
1394 2070 1498 2099 cor-

123 2117 335 2181 ruptibile
359 2134 446 2162 non
484 2127 699 2176 gravaret,
726 2134 813 2162 non
839 2118 990 2181 utique
1028 2132 1305 2169 conarentur.
1337 2124 1400 2168 Ac
1425 2141 1503 2186 per

121 2187 208 2234 hoc
228 2190 272 2234 in
287 2185 509 2251 paradiSO.
536 2187 596 2248 (si
616 2204 742 2232 nemo
764 2198 1000 2250 peccasset,
1021 2199 1063 2234 et
1085 2206 1215 2253 super
1227 2191 1338 2237 filios
1359 2193 1498 2239 Adam

120 2274 249 2319 grave
256 2263 412 2318 jugum
436 2274 524 2302 non
547 2257 679 2319 esset)
705 2257 794 2303 sine
822 2269 983 2304 conatu
1021 2260 1109 2305 Deo
1129 2277 1205 2306 suo
1233 2261 1360 2307 facilc
1373 2273 1413 2308 ot
1429 2263 1496 2309 se-

117 2328 258 2375 liciter
280 2327 521 2373 obedirent.

183 2403 284 2451 Vll.
312 2403 414 2449 JUL.
441 2422 462 2443 «
482 2400 664 2447 Illorum
679 2418 779 2461 ergo
802 2402 1050 2465 primorum
1068 2403 1298 2451 hominum
1319 2443 1329 2461 ‚
1349 2407 1393 2452 id
1409 2420 1494 2465 est,

117 2485 288 2521 tantum
324 2473 542 2530 duorum,
578 2472 784 2536 opitulari
823 2473 906 2519 sibi
937 2473 1108 2520 laudern
1145 2475 1412 2535 arbitratur,
1442 2472 1495 2525 ad

167 2574 473 2617 ¹Joan.Chrys0st.
495 2572 587 2616 epist.
613 2572 654 2604 ad
677 2572 809 2615 Olymp.
840 2580 870 2604 et
899 2572 985 2605 hom.
1016 2574 1054 2605 de
1082 2576 1189 2607 Lizar.
1210 2577 1351 2610 ——Vide
1383 2571 1438 2613 lii»,
1465 2595 1492 2616 ι,

115 2632 231 2676 Operis
245 2631 361 2674 prioris
374 2635 485 2662 contra
498 2629 567 2662 Jut.
588 2639 617 2663 c.
637 2630 671 2663 6.
685 2645 731 2652 --
751 2626 766 2650 ²
788 2629 870 2661 Psal.
892 2640 1031 2668 xxxviii,
1054 2631 1088 2663 8,
1107 2646 1153 2652 -
1173 2628 1186 2652 4
1205 2627 1326 2674 pilipp·
1351 2645 1385 2670 H·
1410 2640 1460 2669 ιδ.

1289 2687 1362 2734 28.
