1824 3236
298 248 392 294 500
712 257 746 286 s.
793 250 1034 284 AUGUSTINI
1071 253 1272 283 EPISCOPJ

298 328 384 373 sint
404 323 569 384 exigua,
600 340 646 369 ex
672 322 834 386 quibus
854 319 1008 380 singuli
1036 320 1200 383 quique
1230 331 1492 376 nascuntur,
1517 321 1549 368 si
1576 339 1680 368 con-

297 406 411 458 gesta
428 405 566 441 esseut
586 411 632 440 ex
651 393 814 458 quibus
830 402 894 438 tot
907 391 1105 436 homines
1127 391 1217 436 nati
1236 402 1336 436 sunt
1355 403 1482 455 atque
1496 409 1681 438 nascun-

294 479 385 525 tur,
406 478 446 513 et
470 467 515 513 in
534 466 662 511 finem
691 481 826 528 usque
842 473 1091 518 nascentur,
1122 463 1362 526 potuissent
1382 461 1542 508 lumbis
1557 463 1683 509 unius

294 538 489 585 hominis
502 535 732 583 contineri.
751 535 825 581 Vis
837 552 936 594 ergo
950 534 1095 579 nescio
1110 550 1210 596 quae
1232 533 1464 580 invisibilis
1474 545 1515 578 et
1534 536 1683 579 incon·

294 608 535 655 trectabilis
552 607 724 653 secretis
740 605 1014 651 naturalibus
1033 604 1160 648 insita
1177 614 1254 660 est5
1272 604 1348 650 ubi
1363 608 1462 664 jura
1483 605 1685 669 propagi-

295 682 361 729 nis
382 680 599 727 naturalia
635 679 914 731 delitescunt,
955 686 1137 740 propter
1160 692 1292 739 quam
1316 677 1402 721 vim
1428 688 1570 722 tamen
1596 695 1684 722 non

293 755 446 818 utique
468 750 739 798 mendaciter
756 750 800 795 in
837 748 999 794 lumbis
1020 746 1136 792 illius
1154 747 1289 810 patris
1305 746 1433 793 fuisse
1457 748 1682 804 dicuntur,

290 835 508 890 quotquot
525 841 569 870 ex
591 822 665 868 illo
686 839 773 868 uno
794 829 1036 885 potuerunt
1062 818 1389 878 generationum
1416 820 1687 864 successibus

288 907 331 943 et
356 893 800 958 multiplicationibus
842 890 1091 954 propagari.
1134 890 1231 935 'Non
1272 890 1412 935 solum
1453 902 1597 935 autem
1624 890 1687 934 ibi

289 967 487 1022 fuerunt,
511 964 795 1010 verumetiam
821 962 895 1008 illo
922 961 1082 1006 sciente
1105 971 1147 1005 et
1177 960 1349 1006 volente
1387 960 1620 1016 decimato,
1648 971 1690 1005 et

291 1039 375 1103 ipsi
401 1048 501 1083 sunt
516 1035 721 1082 decimati
740 1051 879 1094 neque
895 1033 1075 1078 scientes
1094 1049 1234 1096 neque
1251 1032 1459 1085 volentes,
1482 1033 1687 1095 quoniam

291 1109 491 1156 nondum
514 1107 741 1153 extiterant
755 1105 831 1169 qui
844 1104 951 1150 scire
972 1121 1018 1149 ac
1042 1103 1149 1150 velle
1165 1104 1422 1166 potuissent.
1443 1104 1538 1148 Hoc
1556 1120 1689 1166 porro

289 1182 387 1228 ideo
418 1179 526 1226 dixit
558 1178 673 1224 illius
710 1193 846 1222 sacrae
886 1185 1039 1220 auctor
1066 1175 1293 1238 Epistolae‚
1318 1186 1367 1220 ut
1401 1174 1690 1220 sacerdotium

293 1252 478 1308 Christi,
503 1248 623 1315 quod
650 1248 871 1308 figurabat
895 1245 1093 1291 sacerdos
1117 1246 1467 1302 Pvlelchisedech‚
1510 1247 1585 1309 qui
1613 1245 1691 1290 de-

294 1324 476 1371 cimavit
498 1320 722 1369 Abraham
742 1356 752 1375 ,
782 1328 1060 1382 praeponeret
1085 1318 1285 1363 lssevitico
1318 1318 1585 1372 sacerdoti03
1607 1316 1691 1363 do-

292 1415 393 1447 cens
414 1398 545 1444 etiam
571 1396 717 1459 ipsum
752 1393 880 1448 Levi,
909 1392 985 1455 qui
1011 1391 1261 1437 decimabat
1281 1392 1434 1438 fratres
1457 1410 1554 1438 suos
1573 1430 1582 1447 ,
1605 1392 1692 1437 hoc

291 1482 370 1525 est,
403 1469 595 1515 decimas
621 1466 676 1510 ab
712 1464 770 1509 eis
796 1463 1058 1526 accipiebat,
1088 1462 1356 1509 decimatum
1376 1463 1507 1508 fuisse
1532 1482 1554 1508 a
1578 1463 1692 1509 Mel-

294 1538 531 1589 chisedech
551 1538 596 1583 iu
623 1534 877 1587 Abraham3
914 1534 1017 1597 quia
1041 1544 1082 1578 ct
1105 1533 1198 1596 ipse
1220 1534 1264 1579 in
1289 1535 1455 1580 lumbis
1499 1534 1691 1580 Abrahae

294 1623 400 1663 erat,
429 1607 607 1674 quando
633 1605 869 1652 decimavit
901 1621 1000 1649 eum
1026 1604 1372 1660 Melchisedech,
1396 1605 1441 1651 id
1466 1617 1542 1660 est,
1567 1606 1623 1651 ab
1645 1623 1694 1651 eo

297 1683 488 1730 decimas
515 1677 700 1741 accepit.
731 1677 792 1721 Ac
818 1692 896 1738 per
918 1675 1005 1720 hoc
1035 1675 1263 1720 Christum
1282 1714 1292 1729 ,
1318 1677 1387 1722 cui
1419 1677 1586 1723 dictum
1612 1690 1690 1735 est,

305 1777 325 1795 «
348 1756 417 1799 Tu
439 1770 480 1798 es
505 1748 703 1796 sacerdos
719 1747 764 1792 in
784 1756 993 1792 {eternum
1016 1747 1259 1792 secundum
1279 1747 1475 1793 ordinem
1504 1750 1696 1795 Melchi-

301 1849 322 1868 »
347 1824 506 1871 sedech
525 1822 558 1868 1,
589 1842 607 1863 1)
644 1837 730 1864 11011
762 1817 858 1864 vult
882 1817 1060 1877 intelligi
1103 1817 1393 1874 decimatum3
1423 1831 1471 1865 ut
1500 1821 1695 1867 Levitico

305 1893 546 1943 sacerdotio
563 1891 714 1937 merito
733 1888 1018 1953 praeieratur:
1038 1888 1361 1934 Melchisedech
1375 1890 1486 1935 enim
1504 1891 1642 1936 decim
1651 1909 1697 1937 a—

301 1969 365 2015 vit
389 1964 633 2012 Abraham.
660 1979 747 2006 non
763 1960 1002 2005 decimatus
1024 1970 1102 2014 est,
1133 1959 1244 2004 sicut
1260 1960 1364 2006 Levi
1384 1961 1427 2006 in
1450 1962 1689 2009 Abraham,

376 2037 422 2084 Si
450 2046 593 2082 autem
620 2032 849 2097 quaeritur,
887 2029 1110 2093 quomodo
1141 2030 1343 2076 Christus
1362 2050 1449 2077 non
1472 2033 1698 2079 fueritde-

308 2111 512 2156 cimatus.
531 2122 632 2150 cum
649 2104 774 2149 etiam
792 2103 900 2165 ipse,
919 2101 1037 2164 quod
1063 2101 1337 2148 manifestum
1355 2114 1431 2159 estfl
1458 2105 1698 2149 secundum

310 2179 518 2239 originem
539 2175 680 2221 carnis
700 2173 892 2219 fueritin
911 2173 1073 2217 lumbis
1108 2173 1320 2228 Abraha‘,
1340 2174 1518 2237 quando
1541 2193 1559 2220 a
1587 2175 1698 2219 Mel-

311 2248 546 2297 chisedech
574 2257 700 2309 pater
731 2244 802 2289 ille
831 2242 1072 2288 decimatus
1108 2255 1192 2295 (¹513
1236 2244 1347 2288 nihil
1379 2247 1586 2301 occurri1‚
1619 2247 1699 2292 uisi

311 2320 432 2387 quod
458 2319 599 2365 Maria
621 2315 797 2380 quidem
818 2325 955 2359 mater
979 2318 1087 2373 ejuS‚
1113 2314 1165 2359 de
1184 2333 1268 2378 qua
1292 2333 1463 2361 carnem
1494 2319 1695 2381 sumpsit„

311 2394 364 2440 de
389 2390 554 2438 carnali
578 2387 934 2450 concupiscentia
959 2397 1189 2449 parentum
1215 2398 1314 2432 nata
1335 2399 1423 2441 σείς
1453 2407 1540 2435 non
1556 2401 1699 2435 autem

313 2464 539 2510 Christum
563 2460 622 2505 sic
652 2459 744 2522 ipsa
766 2457 971 2520 concepit
998 2475 1126 2520 quem
1170 2476 1257 2503 nou
1292 2458 1344 2504 de
1368 2459 1480 2506 virili
1520 2461 1696 2514 semine,

311 2535 384 2583 sed
411 2534 464 2580 de
486 2532 642 2596 spiritu
663 2539 811 2575 sancto
837 2529 1101 2591 procreauit.
1151 2531 1249 2576 Non
1273 2547 1373 2590 eigo
1413 2532 1625 2594 pertinuit
1647 2530 1701 2577 ad

359 2622 367 2643 ¹
390 2618 467 2652 Psal.
486 2627 552 2653 cxx,
575 2622 606 2656 4,
626 2621 653 2646 el
678 2613 782 2644 llebt·⁹
805 2624 849 2650 iv,
869 2614 900 2643 6,
