1863 3262
175 268 332 300 omnus
367 266 627 300 IMPERFECTI
662 265 840 298 CONTRA
873 264 1118 307 JULIANUM,
1156 265 1245 298 mn.
1287 266 1357 298 111.
1432 250 1493 296 63

125 347 228 393 tem,
248 336 326 385 ubi
350 335 402 383 de
421 344 602 398 peccato
624 332 855 396 Apostolus
867 331 1080 395 loquitur,
1102 350 1182 395 per
1201 350 1338 380 unum
1355 333 1497 380 homi-

124 425 222 455 nem
244 409 303 457 ait
326 407 502 457 intrasse
521 416 778 469 peccatumg
806 421 895 468 quo
919 421 1099 450 numero
1125 405 1438 453 absolutissime
1452 423 1495 452 se

124 477 237 527 nihil
257 477 310 529 de
327 477 597 537 generatione
617 475 790 522 sensisse
814 474 1059 538 perdocuit.
1083 497 1099 516 »

188 550 305 596 Ano.
335 548 500 600 Contra
525 565 589 594 res
615 557 782 610 apertas
806 547 866 591 sic
890 545 1043 608 loqui,
1068 562 1155 596 non
1181 557 1242 591 est
1262 558 1310 593 ut
1336 559 1463 612 putas
1481 586 1492 606 ‚

122 618 366 682 eloquentia
390 617 649 674 laudabilis,
680 617 751 664 sed
774 615 1042 666 incredibilis
1075 616 1360 679 impudentia.

185 689 459 741 LXXXVII.
481 693 582 741 JUL.
607 711 626 731 α
645 689 732 741 Ubi
746 699 888 734 autem
909 687 962 732 de
976 687 1152 734 Christo
1169 687 1349 741 dicitur,
1373 690 1490 746 «Qui

120 780 144 803 2>
167 760 426 816 sanctificat,
451 770 494 805 et
516 759 862 814 sanctificantur,
892 775 940 804 ex
963 774 1050 803 uno
1075 758 1277 815 omnes13
1300 781 1319 801 »
1340 776 1428 805 non
1444 759 1497 805 de

120 829 282 886 Adam,
309 829 381 879 sed
402 829 456 882 de
482 833 575 876 Deo
602 830 742 893 accipi
767 839 934 894 potest,
961 831 1086 887 cujus
1109 828 1270 876 virtute
1295 829 1497 875 Christus

120 899 365 948 secundum
385 917 557 952 carnem
581 900 723 948 sactus
736 910 797 945 est
817 937 829 956 ,
845 910 887 945 et
909 916 1035 945 omne
1059 916 1191 959 genus
1220 899 1462 946 humanum
1485 919 1496 946 ε

118 981 160 1021 et
196 987 275 1034 per
307 971 395 1017 hoc
431 971 486 1022 ad
519 971 867 1017 labefactandam
900 970 1229 1030 intelligentiam
1261 971 1492 1034 Apostoli,

117 1057 205 1104 qua
229 1041 337 1094 dixit
354 1060 433 1106 per
454 1060 590 1094 unum
614 1042 840 1088 hominem
867 1052 1101 1105 peccatum
1124 1042 1357 1090 intrassein
1374 1060 1500 1090 mun-

118 1111 254 1170 dum,
292 1112 475 1162 aliorum
498 1112 739 1160 similitudo
770 1113 1005 1159 verborum
1033 1111 1146 1157 nihil
1172 1113 1315 1175 quivit
1351 1115 1499 1160 afferre

117 1185 342 1234 momenti.
372 1186 547 1232 Haereat
568 1195 711 1236 tamen
737 1183 781 1229 id
808 1183 928 1247 quod
957 1183 1151 1247 sequitur
1179 1184 1360 1229 maxime
1386 1202 1500 1248 pru-

117 1253 259 1304 dentis
282 1255 427 1300 animo
462 1255 663 1309 lectoris,
692 1264 738 1298 ut
762 1254 976 1313 intelligat
1009 1270 1077 1298 me
1113 1253 1325 1303 hactenus
1360 1255 1499 1301 multo

116 1325 333 1371 remissius
352 1342 486 1389 quam
509 1342 572 1370 res
586 1324 866 1402 postulabat,
894 1324 1038 1383 egisse.
1064 1323 1293 1369 Patiamur
1310 1325 1494 1388 quippe,

116 1404 165 1443 ut
185 1394 388 1457 plurimis
407 1395 663 1443 testimoniis
685 1394 794 1440 doce
783 1405 895 1440 atur
922 1393 1271 1454 generationem,
1294 1411 1394 1457 quae
1420 1394 1502 1440 nisi

114 1480 193 1527 per
221 1464 329 1510 duos
352 1465 445 1511 fieri
465 1483 553 1515 11011
578 1474 738 1528 potest,
768 1464 833 1523 agi
854 1474 998 1509 tamen
1023 1463 1154 1509 etiam
1177 1481 1257 1526 per
1286 1481 1419 1510 unum
1436 1482 1501 1510 so-

114 1533 200 1581 lere
222 1534 325 1582 dici.
344 1535 509 1581 Verum
534 1535 648 1583 nihil
670 1534 819 1598 opinio
839 1533 1032 1580 traducis
1051 1535 1331 1597 promovebit
1351 1553 1362 1580 z
1388 1538 1499 1582 cur?

114 1604 320 1657 videlicet
344 1607 446 1670 quia
470 1607 553 1653 alia
588 1617 690 1654 sunt
711 1623 812 1669 quae
837 1605 1014 1652 abusive
1031 1643 1042 1662 ,
1084 1605 1165 1651 alia
1195 1622 1294 1668 quae
1323 1606 1501 1669 proprie

115 1675 303 1727 dicimus
323 1694 334 1722 :
361 1694 461 1737 ergo
497 1694 546 1725 ea
579 1693 680 1740 quae
699 1687 800 1722 sunt
819 1677 1001 1740 propria
1023 1713 1034 1733 ‚
1068 1675 1378 1738 appellationes
1401 1694 1499 1724 suas

114 1746 205 1797 sine
222 1747 452 1811 dispendio
475 1748 744 1808 largiuntur3
770 1764 818 1793 ea
836 1765 937 1793 vero
955 1764 1055 1810 quae
1072 1763 1150 1810 per
1174 1747 1501 1810 usurpationem

119 1817 327 1870 dicuntur
344 1856 356 1875 ‚
382 1819 706 1883 principalibus
729 1819 859 1866 rebus
881 1857 891 1875 ‚
915 1818 1118 1865 videlicet
1143 1818 1333 1881 propriis
1349 1856 1360 1875 ‚
1387 1818 1500 1868 defi-·

118 1888 337 1935 nitionum
359 1907 535 1937 suarum
558 1889 819 1953 praejudicia
843 1907 932 1935 uon
950 1889 1365 1934 sinunturinvehere
1384 1908 1395 1946 3
1424 1890 1501 1935 fit-

121 1975 206 2022 que
223 1959 312 2004 hoc
333 1971 474 2008 totum
499 1959 829 2022 inculpabiliter
843 1996 853 2014 ‚
885 1976 986 2005 cum
1010 1960 1140 2004 rebus
1161 1958 1214 2003 de
1234 1959 1395 2020 quibus
1413 1976 1501 2004 non

125 2038 186 2075 est
209 2028 298 2080 ulla
327 2029 547 2081 dubitatio
565 2066 577 2086 ‚
604 2046 682 2092 per
708 2029 960 2075 abusionem
985 2028 1202 2078 vocabula
1226 2028 1503 2093 impertimur

128 2098 279 2151 aliena,
309 2121 331 2141 ›>

197 2171 313 2224 Ano.
345 2169 429 2221 Sed
461 2180 510 2216 111
540 2170 859 2217 dubitationem
882 2206 893 2226 ,
921 2169 1080 2233 apertis
1102 2168 1232 2215 etiam
1251 2170 1381 2217 rebus
1406 2188 1505 2234 quae

131 2251 280 2291 contra
298 2251 339 2286 te
360 2240 543 2297 fuerint,
562 2241 763 2290 illaturus
788 2258 844 2287 es.

197 2311 498 2363 LXXXVIII.
529 2312 632 2363 JUL,
663 2315 923 2360 «Caeterum
960 2327 1063 2356 cum
1099 2328 1163 2357 res
1188 2311 1332 2375 aliqua
1356 2325 1507 2361 contra

135 2381 385 2445 opinionem
403 2382 597 2433 omnium
623 2399 672 2427 eo
693 2399 887 2435 sermone
910 2380 1138 2443 inducitur
1154 2418 1166 2437 ,
1192 2382 1237 2427 111
1261 2387 1385 2443 cujus
1408 2402 1511 2432 sono

137 2452 274 2503 habet
306 2469 434 2500 omne
466 2452 744 2515 praesidium3
783 2451 970 2511 graviter
993 2461 1230 2514 peccatur,
1265 2456 1298 2498 si
1334 2459 1513 2518 proprio

139 2526 231 2584 ejus
246 2523 421 2573 nomine
444 2522 500 2570 ad
514 2539 695 2573 manum
708 2523 871 2588 posito,
884 2521 1155 2574 emendicata
1169 2523 1340 2573 abusivi
1354 2528 1512 2590 appel-

193 2605 204 2628 ¹
222 2604 324 2641 Hebr.
338 2615 383 2650 11,
408 2616 460 2640 11.
