1863 3262
147 299 304 330 OPERIS
343 294 606 328 IMPERFECTI
644 292 819 323 CONTRA
854 293 1099 334 JULIANUM,
1142 295 1227 325 LIB.
1270 294 1339 325 111.
1415 278 1477 341 89

167 363 370 410 CXXVI.
407 363 504 407 JDL.
537 359 712 416 «Quod
755 359 855 404 licet
887 359 932 404 in
971 360 1114 422 primo
1150 359 1266 405 libro
1303 358 1481 405 uberius

101 446 246 481 actum
273 435 354 488 sit,
381 443 524 477 tamen
548 441 589 476 et
611 430 685 475 1116
706 429 771 475 vel
798 429 987 474 breviter
1014 430 1122 492 qnid
1150 432 1304 476 sentias
1333 430 1480 493 expri-

102 522 282 553 mamus.
326 503 468 548 'l'imes
497 502 618 565 operi
646 500 811 546 diaboli
833 499 1024 563 aliquam
1051 501 1259 563 deputare
1277 502 1478 547 substan-

104 577 206 623 tiam
232 594 242 621 :
265 591 414 621 verum
437 590 521 618 non
545 573 667 618 times
690 572 780 617 Deo
797 609 806 624 ,
833 588 920 616 11011
944 571 1144 635 aliquod,
1171 572 1243 617 sed
1276 589 1482 631 magnum

103 647 267 693 crimen
289 644 542 707 impingere.
576 643 788 702 Majorem
823 642 942 705 apud
968 652 1007 687 te
1041 643 1176 687 habet
1199 643 1482 688 reverentiam

102 728 257 763 natura
291 716 432 762 carnis
455 715 661 760 humanae
680 751 691 769 ‚
730 731 862 777 quam
896 714 1066 772 justitia
1095 713 1169 759 Dei
1191 731 1200 758 :
1221 713 1342 776 quasi
1369 713 1484 758 enim

101 803 307 847 magnum
333 785 522 849 aliquid,
549 785 606 830 ita
625 785 911 830 substantiam
929 784 1120 829 hominis
1140 783 1317 829 diabolo
1342 782 1485 846 depu-

101 869 190 904 tare
212 857 428 910 metuisti,
451 867 492 902 et
509 856 633 919 quasi
655 857 712 901 rei
739 873 824 901 non
844 872 1038 914 magnae,
1065 855 1109 900 id
1135 866 1217 907 cstq
1241 855 1423 914 justitiae
1445 865 1486 899 et

102 930 181 974 Dei
215 928 456 984 sanctitati,
488 926 838 972 informationem
876 925 1046 971 sceleris
1084 924 1292 988 appulisti
1325 942 1336 968 ε
1364 923 1487 987 quasi

100 1015 187 1043 non
212 996 479 1042 tolerabilius
497 995 631 1041 fuerit
647 997 762 1042 inter
781 995 888 1041 duas
911 995 1160 1058 opiniones,
1188 994 1258 1040 sed
1281 1006 1486 1056 utrasque

98 1068 246 1123 falsas,
263 1067 429 1113 diaboli
448 1067 656 1130 operibus
676 1067 890 1130 deputare
908 1083 1079 1112 carnem
1095 1103 1106 1122 ,
1127 1083 1260 1129 quam
1282 1065 1358 1111 Dei
1374 1081 1483 1128 ope-

98 1139 220 1184 ribus
244 1137 532 1201 iniquitatem.
563 1159 583 1179 »

167 1211 280 1255 AUG.
323 1208 409 1253 Vos
426 1209 572 1271 potius
594 1209 666 1253 Dei
687 1209 898 1268 justitiam
925 1206 1241 1270 blasphematis
1259 1243 1270 1261 ‚
1299 1206 1380 1251 sub
1401 1221 1484 1251 cu-

94 1283 164 1340 jus
187 1277 503 1341 omnipotentia
524 1279 612 1324 sine
638 1279 736 1324 ullis
763 1279 884 1323 malis
909 1278 1069 1322 meritis
1092 1287 1210 1322 tanta
1238 1277 1351 1321 mala
1378 1292 1483 1338 per-

100 1349 189 1412 peti
217 1348 423 1411 parvulos
457 1348 617 1395 dicitis,
662 1348 747 1394 Sed
779 1353 870 1409 jam
903 1348 976 1393 dic
1013 1346 1389 1411 quemadmodum
1415 1363 1485 1391 eos

101 1419 307 1483 separatis
327 1418 382 1463 ab
403 1419 460 1464 eis
479 1436 589 1482 quos
613 1420 728 1464 Deus
750 1419 803 1464 de
820 1429 1032 1482 potestate
1051 1419 1163 1463 eruit
1183 1417 1481 1473 tenebrarum,

102 1500 151 1535 ut
173 1488 405 1534 transferat
427 1489 473 1534 in
490 1506 669 1549 regnum
695 1489 792 1535 Filii
814 1489 1041 1536 charitatis
1066 1487 1199 1534 suae‘l.

169 1559 392 1606 CXXVII.
419 1561 516 1606 JUL.
546 1581 566 1601 c<
588 1560 646 1605 Ut
664 1561 779 1606 enim
799 1560 875 1605 1116
895 1561 940 1605 111
965 1569 1177 1623 potestate
1197 1557 1363 1603 diaboli
1387 1575 1486 1620 par-

105 1629 228 1675 vulos
247 1648 266 1675 a
292 1631 382 1675 Deo
407 1646 500 1674 reos
517 1629 696 1676 formari
720 1630 892 1687 dixisti,
920 1631 979 1675 ita
1005 1631 1050 1675 in
1081 1629 1360 1675 inferioribus
1382 1628 1488 1674 libri

104 1700 169 1745 tui
185 1699 388 1763 partibus
407 1700 557 1745 tetrius
583 1701 746 1764 aliquid
765 1717 896 1765 quam
922 1711 1021 1746 sunt
1048 1700 1395 1745 Manichaeorum
1416 1716 1488 1744 sa-

105 1781 326 1816 cramenta
353 1771 582 1826 vomuisti,
621 1771 769 1817 dicens
800 1771 853 1818 de
883 1773 975 1817 Deo
1000 1789 1010 1816 :
1035 1793 1055 1811 >>
1086 1771 1158 1816 Sic
1182 1781 1300 1816 creat
1322 1769 1485 1828 malos,

105 1840 326 1904 quomodo
343 1841 484 1904 pascit
500 1851 541 1886 et
554 1842 693 1887 nutrit
710 1842 860 1888 malos.

173 1913 287 1958 AUG.
331 1912 445 1957 Cum
481 1913 646 1958 Veneris
680 1912 734 1957 ad
765 1912 936 1957 easdem
976 1921 1120 1974 partes
1154 1909 1258 1955 libri
1292 1910 1399 1966 mei,
1424 1910 1488 1955 ibi

108 1981 481 2044 quemadmodum
508 1981 678 2027 dictum
702 1982 858 2038 fuerit,
891 1981 1012 2045 quod
1037 1980 1112 2025 hie
1136 1980 1316 2039 oincis,
1345 1997 1488 2042 appa-

109 2052 237 2098 rebit.
273 2051 402 2097 Nunc
417 2055 509 2111 jam
534 2051 632 2107 dic,
656 2069 805 2116 quaeso
822 2090 832 2108 ‚
862 2050 1083 2115 quomodo
1106 2067 1207 2096 cum
1232 2067 1490 2110 regeneran-

112 2132 183 2166 tur
210 2121 381 2185 parvuli
403 2131 445 2166 et
465 2121 784 2167 transferuntur
808 2122 861 2167 ad
883 2138 1063 2181 regnum
1085 2120 1272 2177 Christi,
1300 2120 1353 2166 de
1370 2131 1489 2166 tene-

109 2192 289 2238 brarum
317 2203 527 2256 potestate
550 2209 639 2238 non
661 2203 884 2239 eruantur.

178 2264 425 2310 CXXVIII.
467 2264 565 2311 JUL.
609 2286 628 2306 (ι
658 2267 786 2310 Creat
810 2265 945 2324 igitur
975 2264 1139 2309 malum
1170 2264 1298 2309 Deus.
1326 2284 1346 2304 »

180 2336 292 2382 Aue.
335 2337 435 2381 Non
457 2335 658 2395 intelligis·
680 2336 1053 2400 quemadmodum
1086 2335 1208 2381 dicat
1233 2334 1351 2398 apud
1377 2335 1491 2380 Pro-

113 2406 296 2470 phetam
325 2423 335 2450 :
365 2427 386 2448 «
410 2407 502 2465 Ego
532 2422 630 2451 creo
654 2407 809 2454 mala2.
836 2427 856 2448 ›>

180 2476 383 2524 CXXIX.
425 2477 522 2522 JUL.
569 2498 589 2519 ε(
622 2478 677 2522 Et
709 2478 957 2541 puniuntur
989 2476 1267 2533 innoeentes,
1311 2485 1494 2539 propter

116 2547 235 2612 quod
253 2547 358 2593 facit
382 2548 511 2594 Deus
537 2567 557 2588 n

166 2631 176 2654 ¹
197 2630 317 2664 Coloss.
340 2641 371 2673 1,
395 2630 446 2661 13.
463 2647 508 2654 —-
526 2627 541 2652 ²
561 2631 636 2662 Isai'.
655 2641 728 2668 xxv,
748 2643 781 2671 7.
