1863 3262
170 279 328 313 OPERIS
363 274 627 310 IMPERFECTI
662 274 838 306 CONTRA
873 275 1118 320 JULIANUM,
1157 278 1245 313 ΠΒ.
1288 281 1359 315 ΙΙΙ.
1436 269 1495 332 37

119 344 398 410 corruptibili
417 358 601 406 corpore
630 341 771 401 imago
799 341 879 387 Dei
905 345 1108 390 meruerit
1132 347 1378 406 aggravari,
1418 351 1496 413 qui

117 436 207 465 non
222 416 349 463 vultis
363 430 465 460 curn
483 412 704 458 catholica
723 412 914 457 Ecclesia
934 415 1105 476 peccati
1123 417 1329 476 originem
1350 420 1494 465 confi-

117 489 211 536 teri.

183 558 340 604 XLVI.
361 556 460 602 JUL.
489 552 769 613 «Indignaris
791 552 937 616 itaque
951 554 1059 599 mihi
1084 559 1341 615 curjuranti
1363 560 1498 620 magis

119 629 210 674 Deo
223 627 417 682 credam,
432 642 565 690 quam
583 622 830 668 Manichaeo
845 623 1078 669 somnianti
1095 626 1173 688 qui
1185 627 1301 672 nulla
1319 646 1499 691 praeser-

117 699 212 752 tim,
231 699 269 744 si
284 715 373 743 non
398 713 512 743 sanae
544 694 646 741 fidei
681 694 943 750 testimonia,
971 695 1036 740 vel
1055 709 1305 756 argumenta
1334 702 1498 763 promit

115 769 335 830 vigilantis
366 768 523 828 ingenii
543 784 554 812 ε
593 782 693 829 quae
737 765 838 811 licet
882 783 1109 829 nunquam
1149 779 1266 814 tanta
1307 770 1494 818 inveniri

114 850 294 904 queant,
315 838 564 885 utveritatis
579 836 749 882 valeant
762 836 1045 882 fundamenta
1060 839 1323 893 convellere3
1348 852 1491 888 tamen

115 927 216 974 quae
235 911 297 955 vel
313 908 705 973 impraesentiarum
724 917 873 953 contra
890 907 1136 954 stoliditatis
1149 911 1361 973 pudorem
1388 913 1496 958 sola-

118 981 166 1026 tii
184 980 289 1044 quid
300 981 414 1038 piam
429 1016 440 1030 ,
471 978 505 1024 si
524 988 624 1041 apte
635 977 900 1033 dicerentur,
917 980 1129 1026 afferrent.
1153 982 1345 1028 Persistit
1362 986 1495 1040 Deus,

112 1051 156 1098 id
175 1051 293 1116 quod
307 1067 476 1097 sacrum
491 1048 650 1095 fecerat
663 1048 981 1111 praecipiendo,
1000 1052 1488 1113 communirejurando.

112 1123 260 1183 Pergit
279 1122 462 1186 planum
488 1121 626 1166 faeere
643 1119 771 1164 etiam
802 1136 880 1181 per
904 1120 1095 1183 exempla
1115 1122 1235 1184 quod
1271 1124 1427 1179 sancit,
1455 1135 1496 1170 et

113 1193 221 1240 dicit
241 1193 345 1257 quia
370 1194 405 1239 si
428 1191 559 1238 fuerit
592 1191 728 1236 homo
753 1207 901 1236 omnes
939 1192 1120 1250 justitiae
1140 1193 1302 1255 species
1324 1195 1492 1257 impol-

111 1264 203 1311 luta
228 1263 458 1309 devotione
481 1261 744 1314 custodiens,
770 1261 903 1306 ethic
923 1263 1116 1320 genuerit
1144 1264 1283 1308 filium
1300 1265 1492 1327 quipes-

112 1333 336 1380 tilentibus
369 1332 566 1377 moribus
589 1330 878 1385 adhaerescat,
926 1342 1054 1395 atque
1081 1333 1136 1377 ab
1160 1334 1386 1380 itineribus
1412 1335 1492 1381 de-

110 1404 260 1450 flectat
278 1403 489 1467 paternis,
522 1401 634 1446 nibil
664 1401 700 1446 ei
723 1401 862 1464 prosit
890 1411 1009 1454 tanta
1027 1403 1162 1466 patris
1186 1421 1290 1449 cura
1315 1407 1498 1465 justitiae

111 1485 363 1540 comparata
384 1473 601 1520 nobilitas.
642 1474 785 1537 Atque
808 1473 909 1519 item
936 1491 958 1519 e
978 1476 1149 1535 regione
1174 1476 1305 1535 hujus
1332 1495 1492 1540 pecca-

111 1546 215 1593 toris
232 1546 372 1592 filium
397 1544 566 1600 statuit,
593 1545 727 1607 patris
741 1543 806 1589 sui
824 1544 912 1589 vias
930 1545 1110 1591 consilio
1135 1546 1310 1592 meliore
1328 1547 1495 1608 fugien-

110 1628 225 1670 tem,
267 1615 542 1679 ostenditque
580 1615 693 1660 nihil
716 1615 754 1660 ei
793 1632 898 1660 noc‹
905 1633 948 1661 re
982 1616 1256 1680 iniquitatem
1289 1620 1492 1697 parentis.

109 1688 356 1751 Paremque
375 1686 671 1733 conditionem
692 1686 876 1746 justitiae
893 1686 998 1732 ficit
1018 1699 1159 1766 atque·
1168 1690 1359 1752 peccati,
1380 1708 1496 1736 asse-

110 1776 205 1804 rens
228 1759 329 1805 vitia
361 1756 656 1818 generantium
678 1757 736 1802 ita
761 1773 848 1802 non
867 1757 927 1802 ire
945 1775 1022 1821 per
1058 1759 1239 1812 semina
1269 1762 1383 1806 sicut
1406 1778 1494 1807 non

108 1840 276 1894 queunt
298 1830 360 1876 ire
389 1830 595 1881 virtutes3
627 1827 698 1873 sed
720 1827 858 1888 adjus
877 1845 1003 1874 suum
1034 1847 1181 1876 omnes
1202 1831 1367 1878 animas
1389 1850 1494 1895 per-

109 1901 243 1946 tinere
268 1918 280 1945 ε
303 1917 383 1964 per
407 1899 525 1963 quod
547 1909 588 1944 et
607 1897 716 1944 illud
736 1899 979 1945 ostenditur
1000 1900 1235 1963 profanum
1252 1939 1263 1957 ‚
1284 1903 1405 1966 quod
1421 1903 1494 1949 di-

111 1972 172 2017 cis
190 1970 460 2016 nascentium
488 1980 529 2015 et
559 1974 723 2015 animas
736 1979 777 2013 et
795 1985 982 2032 corpora
1000 1989 1023 2016 a
1038 1974 1136 2030 jure
1159 1971 1325 2017 diaboli
1351 1974 1493 2035 possi-

114 2041 221 2089 deri.
246 2063 267 2084 v

181 2114 295 2158 Auo.
320 2111 419 2156 Jam
457 2110 537 2156 tibi
576 2126 831 2174 responsum
869 2121 928 2156 est
949 2128 959 2156 :
1000 2111 1186 2158 inaniter
1228 2115 1485 2164 verbosaris,

113 2182 251 2228 Totus
272 2181 424 2233 homo,
446 2180 533 2226 hoc
546 2191 624 2235 est,
644 2180 838 2225 etanima
852 2191 894 2226 et
915 2198 1091 2245 corpus,
1114 2200 1191 2246 per
1207 2185 1494 2232 substantiam

110 2268 234 2298 suam
272 2251 324 2297 ad
356 2253 428 2310 jus
460 2250 646 2314 pertinet
672 2251 889 2297 Creatoris
912 2269 923 2297 ε
946 2270 1026 2315 per
1050 2253 1205 2299 vitium
1231 2272 1349 2311 vero,
1371 2258 1492 2320 quod

114 2321 235 2369 nulla
257 2322 501 2368 substantia
528 2332 608 2374 est,
630 2321 807 2368 diabolo
832 2333 894 2368 est
919 2324 1218 2388 mancipatus3
1244 2327 1325 2372 sub
1345 2327 1496 2374 eadem

115 2405 260 2440 tamen
291 2403 501 2457 potestate
540 2393 755 2439 Creatoris
773 2429 784 2449 ‚
809 2394 891 2439 sub
911 2412 996 2458 qua
1017 2406 1057 2440 et
1080 2395 1172 2459 ipse
1206 2407 1268 2442 est
1296 2397 1500 2445 diabolus

118 2474 392 2511 constitutus,

180 2534 361 2582 XLVll.
384 2538 479 2582 Jut..
511 2555 532 2577 «
554 2536 723 2583 Asserta
764 2535 967 2583 examinis
1009 2537 1073 2583 sui
1111 2536 1244 2594 libra,
1271 2542 1361 2599 jam
1396 2550 1498 2587 tunc

114 2605 366 2672 opinionem
383 2616 569 2654 vestram
588 2606 634 2654 in
650 2606 719 2655 his
737 2608 814 2672 qui
831 2607 987 2655 similia
1003 2608 1348 2668 arbitrabantur,
1373 2628 1499 2658 accu-
