1863 3262
315 267 404 313 232
718 283 752 313 s.
799 283 1040 315 Aucusriui
1078 285 1279 315 izviscori

310 348 500 393 laniatur
519 385 529 405 ,
560 350 713 412 exponi
734 371 745 404 3
775 351 886 397 adsit
910 351 1094 412 dignitas
1119 352 1368 398 Mediatoris
1388 352 1582 416 exemplo
1610 369 1687 399 sno

310 429 352 464 et
389 419 510 482 operi
534 457 544 474 ,
573 437 621 465 ac
649 431 808 467 nostrae
849 422 949 468 fidei
969 460 979 477 ‚
1007 439 1105 485 quae
1137 423 1356 468 veritatem
1397 433 1481 468 tam
1515 424 1650 486 ipsius
1673 461 1683 479 ‚

311 507 443 553 quam
468 491 661 553 Apostoli
682 496 773 554 ejus
793 494 1063 539 sermonibus
1082 493 1308 538 vindicans
1326 531 1336 549 ,
1366 511 1590 556 nunquam
1617 494 1688 539 de-

307 561 410 607 sinit
429 562 685 625 praedicare,
709 565 933 611 Christum
961 581 1109 611 verum
1141 565 1382 620 hominem,
1405 564 1596 624 ejusdem
1613 583 1689 610 na-

308 642 420 678 turae
441 636 511 693 cuj
521 650 566 678 us
590 645 631 679 et
647 652 724 680 nos
740 652 910 681 carnem
928 635 981 681 de
1001 635 1151 680 Mariae
1174 636 1406 698 suscepisse
1429 635 1685 688 visceribus,

308 719 458 748 verum
477 720 552 765 per
572 705 719 750 omnia
741 705 962 751 hominem
984 743 994 761 ‚
1016 705 1187 750 nullum
1204 705 1404 750 habuisse
1421 716 1649 768 peccatum
1674 722 1684 749 :

308 773 363 818 ad
381 772 500 837 quod
522 774 809 821 indicandum
834 776 992 821 sufficit
1020 774 1216 838 apostolo
1245 776 1374 819 Petro
1395 775 1537 822 dicere
1554 813 1564 829 ‚
1587 776 1690 822 nul-

307 843 398 889 lum
419 861 518 890 eum
541 844 687 893 fecisse
707 857 936 911 peccatum
959 867 970 899 ς
998 846 1157 892 docens
1182 845 1281 908 quia
1305 846 1381 908 qui
1401 862 1487 891 non
1512 845 1687 903 fecerat,

311 914 475 960 habere
527 934 614 962 non
651 928 837 981 poterat.
888 917 1042 965 Nullus
1073 928 1134 963 cst
1159 916 1284 962 dolus
1315 918 1515 962 iuventus
1552 919 1597 962 in
1620 935 1693 963 ore

310 984 423 1043 ejus1
444 1002 453 1029 :
481 997 677 1032 sanctum
699 989 975 1033 consortibus
996 1000 1163 1033 naturae
1185 1004 1290 1036 suae.
1314 1004 1443 1049 quam
1463 987 1506 1031 in
1522 989 1692 1034 cunctis

309 1054 401 1117 ipse
426 1054 614 1111 fecerat,
643 1057 838 1121 praebuit
861 1059 1120 1120 exemplum.
1164 1062 1212 1102 tit
1244 1056 1340 1102 ideo
1365 1067 1533 1102 constat
1562 1058 1690 1103 inna-

312 1135 405 1169 tum
431 1143 518 1171 non
541 1144 627 1172 esse
655 1138 906 1190 peccatum,
933 1127 1110 1190 quando
1137 1128 1247 1173 iliud
1271 1127 1470 1171 Christus
1490 1144 1577 1172 non
1603 1128 1690 1173 ba-

311 1195 412 1240 buit
431 1233 441 1251 ,
466 1196 540 1259 qui
563 1197 680 1242 salvo
702 1214 877 1261 quoque
900 1198 1067 1243 honore
1089 1198 1259 1243 deitatis
1281 1214 1387 1252 suae,
1405 1198 1463 1242 ob
1485 1197 1571 1242 hoc
1596 1196 1692 1243 sac-

313 1276 380 1311 tus
406 1278 469 1312 est
488 1268 674 1313 carnalis
689 1306 700 1325 ‚
725 1279 771 1313 ut
789 1269 915 1314 nobis
937 1280 1042 1314 esset
1060 1269 1299 1315 imitabilis.
1327 1289 1345 1308 >³

381 1340 494 1384 Auo.
529 1339 648 1394 Quid
676 1340 788 1384 enim
813 1377 823 1395 ‚
862 1340 996 1385 homo
1031 1339 1219 1384 multum
1259 1338 1438 1401 loquens
1461 1348 1502 1383 et
1534 1355 1691 1401 parum

312 1407 482 1470 sapiens
498 1445 509 1463 ‚
531 1408 563 1453 si
591 1408 783 1454 dicerent
800 1409 1000 1455 homines
1025 1410 1202 1455 Christo
1217 1446 1227 1464 ‚
1253 1409 1400 1464 Quare
1422 1409 1548 1453 nobis
1566 1409 1693 1467 jube-

314 1487 387 1523 tur
405 1515 414 1532 ‚
451 1489 499 1523 ut
533 1479 752 1525 imitemur
780 1483 855 1525 te?
898 1480 1122 1543 Numquid
1151 1497 1227 1525 nos
1255 1479 1308 1524 de
1339 1478 1507 1541 Spiritu
1545 1489 1693 1524 sancto

315 1559 356 1593 et
384 1549 524 1594 Maria
561 1549 726 1610 virgine
748 1550 837 1595 nati
872 1554 1049 1597 sumus?
1078 1552 1302 1596 Postremo
1326 1549 1542 1612 numquid
1577 1559 1693 1596 tanta

315 1622 443 1667 nobis
464 1640 550 1668 esse
569 1623 708 1669 virtus
736 1634 876 1687 potest
895 1635 1058 1688 quanta
1081 1624 1161 1669 tibi
1180 1634 1241 1668 est
1256 1660 1265 1678 ‚
1288 1623 1362 1686 qui
1381 1623 1438 1668 ita
1464 1622 1597 1668 homo
1626 1639 1690 1676 es,

315 1704 364 1739 ut
382 1694 510 1739 etiam
539 1695 653 1740 Deus
677 1695 748 1751 sis,
773 1706 814 1741 et
836 1695 922 1741 hoc
944 1695 1063 1740 Patri
1083 1707 1324 1740 coaeternus
1346 1704 1388 1738 et
1407 1693 1694 1757 omnipotenti

316 1765 494 1828 aequalis
531 1766 838 1829 omnipotens?
866 1766 1045 1811 Ideo-ne
1081 1783 1167 1811 non
1199 1765 1352 1810 debuit
1376 1765 1435 1810 sic
1458 1765 1602 1820 nasci,
1627 1764 1694 1810 vel

315 1836 440 1881 sicin
461 1836 668 1882 unitatem
696 1854 892 1900 personae
914 1855 938 1881 a
962 1837 1107 1882 Verbo
1138 1837 1217 1881 Dei
1249 1835 1436 1898 suscipi,
1468 1845 1516 1880 ut
1543 1834 1694 1880 homi-

315 1906 446 1952 nibus
465 1923 564 1952 eum
591 1907 842 1952 nolentibus
872 1907 1060 1962 imitari,
1097 1908 1192 1952 talis
1217 1907 1432 1951 excusatio
1457 1922 1545 1950 non
1569 1905 1692 1950 dare-

315 1979 418 2022 tur?
435 1976 559 2022 Sicut
579 1988 722 2022 autem
734 1978 858 2023 nobis
874 1977 963 2040 ipse
984 1979 1158 2023 Patrem
1170 1975 1691 2040 proposuitimitandum,

313 2048 389 2111 qui
414 2059 528 2093 certe
558 2048 691 2093 homo
725 2065 952 2110 nunquam
987 2047 1071 2093 fuit
1090 2085 1101 2103 ‚
1138 2064 1324 2109 eumque
1348 2047 1436 2091 sine
1464 2045 1694 2108 dispendio

314 2118 383 2162 vel
416 2118 707 2164 infirmatione
743 2117 981 2163 divinitatis
1009 2122 1100 2177 ejus
1135 2118 1392 2166 imitantur,
1430 2116 1694 2178 quicumque

313 2206 393 2252 per
415 2191 505 2247 ejlls
528 2188 710 2247 gratiam
732 2198 774 2234 et
792 2188 945 2233 volunt
968 2199 1009 2234 et
1035 2198 1240 2251 possunt,
1273 2197 1321 2232 ut
1345 2186 1527 2245 diligant
1543 2186 1694 2231 inimi-

315 2276 389 2304 cos
409 2276 505 2304 suos
524 2297 534 2314 ,
558 2259 832 2305 benefaciant
856 2259 912 2304 eis
937 2259 1011 2322 qui
1034 2259 1217 2304 oderunt
1240 2276 1308 2303 eos
1327 2279 1337 2310 3
1359 2275 1439 2302 nec
1461 2258 1617 2302 dicunt
1629 2257 1691 2312 ei,

318 2330 385 2374 Tu
402 2341 634 2392 propterea
655 2329 741 2375 hoc
767 2340 912 2392 potes,
946 2330 1048 2392 quia
1078 2333 1192 2374 Deus
1226 2346 1267 2374 es
1288 2366 1297 2380 ,
1334 2339 1373 2373 et
1399 2328 1503 2390 quia
1530 2327 1695 2372 inimici

317 2401 378 2445 tui
400 2400 511 2445 nihil
534 2400 614 2445 tibi
639 2411 821 2463 possunt
845 2418 1019 2449 nocere.
1049 2418 1126 2446 nos
1161 2411 1302 2445 autem
1329 2400 1526 2444 homines
1548 2415 1694 2443 sumus

315 2471 504 2525 infirmi,
532 2481 573 2514 et
597 2471 890 2529 eosjubemur
911 2471 1086 2530 diligere
1104 2508 1114 2518 .
1151 2471 1226 2534 qui
1257 2471 1383 2516 nobis
1417 2479 1479 2514 tot
1502 2479 1543 2513 et
1577 2479 1693 2513 tanta

314 2539 427 2584 inala
450 2540 654 2599 ingerunt
677 2541 761 2587 suis
784 2542 1159 2604 persecutionibus
1183 2559 1192 2585 :
1223 2542 1281 2587 ita
1314 2541 1491 2586 Christo
1516 2556 1602 2584 non
1621 2539 1693 2584 di-

363 2623 370 2642 ¹
400 2634 408 2652 1
436 2622 523 2654 Petr.
543 2634 581 2660 Π,
597 2635 649 2654 21.
