1863 3262
323 257 408 315 148
738 272 773 301 s.
815 269 1060 300 Aucusnm
1095 269 1299 301 Erlscom

311 338 489 399 insuper
520 335 750 391 collocare,
785 334 1114 381 evidentissimis
1145 334 1435 391 documentis,
1466 343 1508 380 et
1532 333 1693 382 divinae

313 406 580 452 auctoritatis
599 416 640 450 et
654 405 812 451 sobtiae
831 404 1010 450 rationis
1029 404 1312 451 ostendimus.

379 477 582 523 CCXIII.
612 477 711 522 JUL.
743 496 763 515 «
780 475 870 520 Nec
892 475 973 520 alia
993 474 1111 537 apud
1139 491 1214 521 vos
1239 486 1490 535 argumenta
1514 491 1693 538 essepro

314 546 510 603 traduce,
535 563 667 610 quam
688 562 787 608 quae
812 545 1083 591 Manichaeus
1103 545 1321 591 tribuisset
1338 546 1518 592 ostendi.
1545 567 1565 587 »

381 619 492 664 Auo.
527 617 626 661 Non
656 633 742 661 esse
769 615 1050 661 Ambrosium
1073 615 1371 661 Manichaeum
1392 617 1468 679 qui
1493 614 1596 661 fidei
1625 631 1690 660 ca·

311 688 490 734 tholicae
525 686 832 732 invictissimus
867 696 907 731 et
932 685 1231 731 Manichaeos1
1269 686 1505 748 prostravit
1532 696 1574 730 et
1597 701 1690 740 VOS,

311 759 389 822 qui
426 757 533 803 dixit
558 755 822 801 discordiam
859 756 1000 801 carnis
1027 766 1067 801 et
1091 756 1267 819 spiritus
1293 756 1329 810 ²,
1362 755 1438 801 ubi
1462 773 1541 819 per
1573 766 1694 800 tuam

311 838 556 891 susceptam
577 844 678 872 caro
693 826 968 889 concupiscit
987 826 1188 871 adversus
1214 825 1416 888 spiritum
1435 862 1445 881 ,
1470 843 1548 888 per
1564 824 1696 888 primi

310 898 503 944 hominis
521 896 928 960 praevaricationem
973 896 1017 940 in
1052 907 1244 941 nostram
1271 895 1442 941 vertisse
1470 906 1690 949 naturam,

310 969 439 1014 etiam
466 967 711 1013 testimonio
735 967 797 1011 tui
824 965 1038 1030 principis
1063 966 1264 1011 eumdem
1282 965 1500 1011 laudantis
1523 965 1697 1028 episco-

309 1055 419 1102 pum
439 1039 473 1093 ³,
496 1038 723 1084 convictus
749 1047 877 1098 atque
904 1046 1128 1081 contortus
1149 1035 1314 1097 cogeris
1344 1036 1557 1081 confiteri.

373 1109 473 1154 JuL.
505 1107 702 1153 CCXIV.
732 1127 752 1147 «
769 1107 830 1151 Te
852 1116 996 1150 autem
1020 1105 1146 1152 liberi
1167 1106 1339 1151 arbitrii
1362 1117 1627 1165 negatorem,
1656 1114 1697 1149 et

309 1178 389 1224 Dei
422 1177 693 1223 nascentium
728 1175 995 1232 conditoris,
1041 1175 1264 1222 sententiae
1301 1186 1389 1221 tuae
1430 1175 1695 1221 discussione

310 1247 514 1312 patefaci.
546 1269 567 1289 ›>

377 1320 491 1365 AUG.
523 1319 594 1363 Me
613 1334 700 1362 non
719 1333 807 1361 esse
844 1315 972 1362 liberi
1009 1316 1175 1372 abitrii‚
1219 1316 1342 1380 quod
1373 1326 1421 1362 tu
1451 1314 1693 1361 extollendo

311 1389 581 1453 praecipitas‚
618 1397 885 1447 negatorem,
911 1386 983 1432 sed
1024 1387 1168 1449 potius
1196 1386 1461 1432 defensorem
1487 1385 1568 1431 Dei
1595 1402 1696 1444 gra-

305 1460 410 1505 tiam
435 1457 685 1505 confitendo
702 1493 713 1513 ‚
740 1456 860 1519 quod
893 1456 1125 1502 arbitrium
1154 1467 1201 1502 tu
1221 1456 1416 1519 decipis!⁸
1440 1456 1485 1500 in
1509 1465 1582 1500 tua
1606 1454 1698 1500 vir—

309 1540 401 1575 tute
414 1527 609 1583 fidendo,
631 1526 966 1572 innumerabilia
982 1543 1101 1572 sacra
1113 1526 1360 1572 testimonia
1379 1524 1658 1589 proclamant
1681 1542 1692 1568 τ

309 1617 474 1663 nosque
494 1615 582 1644 non
605 1614 760 1657 negare
776 1598 914 1643 Deum
934 1598 1204 1643 nascentium
1220 1596 1512 1651 conditorem,
1531 1594 1601 1641 sed
1623 1611 1699 1641 vos

311 1687 466 1731 negare
497 1671 636 1715 Deum
673 1667 945 1714 nascentium
984 1667 1267 1724 salvatorem,
1303 1684 1352 1713 ea
1387 1682 1489 1731 quae
1524 1665 1699 1727 utrique

312 1740 515 1795 diximus,
538 1739 783 1799 legentibus
797 1738 1076 1785 indicabunt.

379 1811 552 1858 CCXV.
585 1812 684 1856 JUL.
715 1809 913 1855 «Malam
954 1820 1096 1855 autem
1134 1827 1157 1854 a
1180 1808 1306 1855 vobis
1325 1805 1599 1871 pronuntiari
1617 1823 1698 1852 na-

312 1892 473 1937 turam,
495 1883 585 1940 ejus
608 1880 831 1925 sententiae
850 1915 861 1935 ,
890 1896 1022 1942 quam
1046 1890 1091 1925 tu
1115 1896 1201 1925 uno
1220 1879 1356 1925 verbo
1385 1876 1697 1922 conclusurum

313 1963 355 1997 te
377 1952 655 2016 promiseras,
674 1950 959 2013 explicatione
979 1949 1166 1997 convici.
1192 1970 1213 1991 >2

383 2024 497 2069 AUG.
530 2022 742 2066 Naturam
766 2020 1010 2065 humanam
1029 2037 1118 2065 non
1140 2019 1303 2064 malum
1326 2035 1430 2073 esse,
1454 2015 1529 2062 sed
1545 2015 1584 2061 ei
1602 2032 1692 2060 ma·-

315 2092 409 2138 lum
431 2093 563 2136 inesse
588 2091 850 2144 monstravi3
878 2107 1015 2135 unum
1049 2091 1209 2135 horum
1231 2089 1390 2134 docens
1412 2103 1490 2150 per
1507 2085 1698 2145 ejusdem

316 2173 484 2208 naturae
498 2161 786 2206 substantiam
804 2170 845 2204 et
862 2164 952 2218 ejus
971 2160 1227 2205 substantiae
1248 2158 1520 2204 conditorem
1537 2156 1694 2210 Deum,

317 2232 500 2278 alterum
524 2248 603 2293 per
627 2229 816 2290 ejusdem
857 2240 1026 2275 naturae
1049 2230 1262 2275 miseriam
1287 2239 1329 2274 et
1358 2228 1413 2273 ab
1438 2225 1588 2271 eadem
1613 2225 1699 2270 mi-

318 2303 425 2349 seria
445 2301 701 2347 salvatorem
727 2302 881 2346 Deum.
901 2302 963 2346 'l'e
984 2311 1123 2346 autem
1150 2299 1528 2345 ratiocinationem
1558 2313 1697 2341 meam

317 2390 406 2419 non
426 2372 614 2436 potuisse
629 2371 877 2421 dissolvere,
901 2371 977 2415 etsi
998 2388 1085 2416 non
1109 2371 1190 2416 tibi
1210 2368 1545 2434 respondissem,
1564 2366 1699 2411 lector

317 2453 463 2506 posset
483 2441 665 2501 diligens
687 2451 729 2486 et
756 2439 997 2500 intelligens
1030 2440 1236 2487 invenire.

368 2544 379 2567 ¹
401 2546 494 2575 Forte
511 2543 648 2575 addend.
676 2542 804 2574 vindex.
830 2560 872 2566 -—
901 2540 917 2563 2
936 2541 1083 2573 Ambros.
1104 2541 1162 2575 lib.
1192 2553 1221 2581 7.
1243 2540 1277 2572 in
1305 2542 1381 2573 Luc.
1405 2549 1459 2570 12.
1480 2534 1556 2562 ...3
1580 2534 1699 2577 Pelagii

316 2597 377 2631 lib.
394 2600 424 2631 3.
443 2598 483 2630 de
502 2597 618 2630 Libero
634 2598 740 2632 Arbit.
757 2615 801 2623 —-
819 2595 832 2621 ⁴
852 2604 942 2631 Forte
961 2596 1081 2639 dejicis.
