1824 3236
318 231 411 279 510
735 241 769 273 s,
813 241 1057 273 AUGUSTINI
1092 239 1298 272 Emscorl

316 310 514 360 naturale
531 307 762 365 credatur5
791 310 917 370 cujus
942 308 1095 354 merito
1119 324 1198 372 per
1226 317 1292 353 tot
1322 306 1602 355 incommoda
1625 326 1701 371 ge-

315 401 397 430 nus
431 390 676 429 exerceatur
698 378 943 426 humanum
967 397 977 425 z
1002 379 1123 444 quod
1155 377 1338 443 quidam
1362 396 1440 444 per
1465 379 1572 426 Adae
1591 398 1700 444 pec-

314 466 489 510 catum,
520 448 701 498 mortale
739 451 977 515 opinantur
1010 452 1227 497 effectum.
1262 450 1366 496 Ideo
1403 461 1544 497 autem
1581 452 1697 509 dixi,

317 525 524 591 quidam,
563 522 666 586 quia
698 522 905 586 princeps
937 539 1087 569 eorum
1116 522 1386 582 Augustinus
1410 521 1497 568 hoc
1522 514 1702 587 quidem

316 597 494 646 erubuit
517 593 674 640 dicere.
708 593 907 657 Denique
932 593 1085 640 scribit
1100 592 1155 639 ad
1173 593 1475 639 Marcellinum
1491 631 1502 650 ‚
1532 604 1702 640 morta-

314 672 398 717 lem
434 667 575 715 Adam
602 664 767 711 factum
802 665 975 711 videri:
1004 664 1079 710 sed
1116 664 1326 724 elegantia
1360 665 1487 711 solita
1517 665 1698 722 subdit,

312 751 496 788 mortem
527 736 797 801 stipendium
831 735 1078 799 iniquitatis
1113 735 1244 781 fuisse
1274 754 1285 781 ι
1325 746 1367 781 et
1387 754 1516 799 quem
1540 737 1702 784 fatetur

314 810 553 860 mortaliter
574 809 823 855 institutum
842 807 1088 853 secundum
1114 818 1343 865 naturam,
1368 808 1480 853 mori
1503 826 1588 854 non
1614 827 1700 873 po-

313 884 442 930 tuisse
460 878 732 947 pronuntiat.
764 878 858 924 Illae
887 895 987 939 ergo
1009 878 1214 925 adversus
1247 896 1323 924 nos
1340 916 1351 935 ‚
1377 895 1478 943 quae
1494 879 1702 940 leguntur

311 957 358 1002 in
379 952 552 1006 Genesi,
583 949 808 1011 sententias
834 949 1021 1013 proferri
1046 949 1201 1006 solent,
1222 950 1389 1014 quibus
1406 949 1548 997 Adam
1567 962 1698 1016 atque

314 1027 406 1073 Eva
432 1032 672 1077 vexantur,
717 1020 771 1066 de
808 1021 974 1085 quibus
1013 1020 1250 1067 disserendi
1276 1024 1368 1080 jam
1405 1031 1467 1067 est
1502 1033 1690 1086 tempus,

315 1121 336 1142 «
362 1096 507 1153 Dixit,
546 1092 723 1157 inquit,
763 1092 980 1139 Dominus
1013 1093 1128 1138 Deus
1159 1092 1370 1155 serpenti,
1413 1092 1528 1149 Quia
1561 1092 1700 1140 fecisti

314 1193 334 1213 »
357 1170 463 1225 hoc,
484 1164 744 1213 maledictus
770 1175 814 1210 tu
840 1164 895 1210 ab
921 1165 1128 1210 omnibus
1150 1163 1405 1228 pecoribUS,
1423 1174 1466 1209 et
1486 1164 1542 1209 ab
1561 1164 1698 1210 omni-

314 1264 336 1284 ³>
354 1241 439 1287 bus
466 1237 615 1284 bestiis
648 1251 748 1298 quae
786 1245 891 1281 eunt
928 1252 1059 1299 super
1091 1245 1276 1290 terram3
1313 1251 1443 1299 super
1474 1246 1628 1299 pectus
1660 1247 1702 1282 et

313 1321 554 1360 »ventrem
591 1305 867 1363 ambulabis,
906 1316 948 1352 et
980 1317 1140 1352 terram
1175 1305 1466 1352 manducabis
1495 1307 1701 1354 omnibus

314 1407 334 1427 η
355 1383 511 1430 diebus
528 1380 633 1427 vitae
655 1388 761 1434 tuae,
779 1388 821 1423 et
841 1377 1092 1424 inimicitias
1111 1395 1277 1442 ponam
1300 1378 1413 1423 inter
1433 1388 1473 1423 te
1487 1389 1529 1424 et
1546 1379 1697 1425 mulie-

315 1478 336 1500 »
356 1472 470 1511 rem,
507 1462 550 1497 et
584 1451 697 1496 inter
731 1466 874 1494 semen
910 1460 1037 1495 tuum
1072 1460 1114 1495 et
1137 1466 1281 1495 semen
1306 1452 1410 1508 ers.
1439 1451 1541 1513 Ipsa
1574 1462 1698 1498 tuum

313 1550 335 1571 »
359 1523 562 1590 captabit
577 1531 731 1586 caput,
753 1531 794 1567 et
808 1531 857 1566 tu
875 1520 991 1566 illins
1008 1520 1210 1584 captabis
1228 1519 1495 1568 calcaneum.
1520 1523 1698 1570 Mulieri

314 1623 335 1644 »
359 1614 459 1646 vero
485 1594 622 1649 dixit,
661 1591 963 1655 Multiplicans
989 1590 1299 1656 multiplicabo
1327 1591 1522 1638 tristitias
1541 1604 1636 1640 tuas
1657 1606 1700 1641 et

314 1695 335 1715 2>
355 1669 564 1732 gemitum
599 1676 725 1710 tuum
745 1702 755 1721 ‚
793 1665 840 1710 in
869 1665 1040 1711 tristitia
1065 1664 1208 1729 paries
1236 1663 1371 1720 filiOS‚
1403 1677 1446 1711 et
1470 1666 1526 1712 ad
1555 1668 1699 1714 virum

314 1766 334 1786 ›>
354 1755 476 1790 tuum
504 1736 728 1785 conversio
753 1746 828 1782 tua
846 1774 856 1793 ,
885 1747 926 1782 et
948 1736 1040 1800 ipse
1064 1736 1130 1782 tui
1154 1735 1471 1784 dominabitur.
1498 1738 1606 1785 Adae
1626 1757 1699 1786 au-

314 1826 441 1861 »tem
468 1811 600 1866 dixit,
644 1808 868 1864 Quoniam
894 1808 1056 1854 audisti
1091 1825 1245 1855 vocem
1279 1807 1471 1854 mulieris
1507 1821 1593 1856 tuas
1617 1848 1627 1867 ,
1657 1822 1699 1857 et

310 1910 331 1930 ))
357 1879 633 1932 manducasti
656 1879 710 1925 de
726 1879 859 1939 ligno,
886 1879 939 1925 de
954 1896 1041 1943 quo
1061 1895 1361 1944 praeceperam
1380 1879 1461 1926 tibi
1481 1880 1594 1927 deeo
1608 1882 1697 1928 solo

311 1981 331 2002 n
359 1975 410 2004 ne
435 1952 720 2001 manducares
743 1968 790 1996 ex
809 1967 877 2008 eo,
904 1950 1136 1997 maledicta
1154 1961 1268 1996 terra
1290 1949 1337 1996 in
1356 1952 1562 2015 operibus
1582 1954 1695 2008 tuis;
1730 1949 1736 1955 ’

310 2053 331 2073 »
355 2030 403 2076 in
422 2024 593 2073 tristitia
613 2021 902 2069 manducabis
919 2039 1012 2067 eam
1038 2021 1245 2068 omnibus
1269 2020 1424 2068 diebus
1450 2023 1552 2070 vitae
1572 2035 1660 2070 tuae
1684 2063 1694 2082 ‚

312 2124 332 2143 »
352 2100 497 2164 spinas
521 2106 563 2142 et
582 2093 767 2140 tribulos
786 2092 884 2139 edet
905 2093 1005 2149 tibi,
1028 2105 1069 2140 et
1087 2093 1185 2140 edes
1209 2092 1380 2139 foenum
1407 2095 1498 2155 agri
1527 2097 1589 2142 tui
1614 2115 1624 2142 ε
1652 2097 1697 2143 in

311 2168 507 2216 »sudore
530 2164 656 2212 facici
675 2174 761 2209 tuae
787 2162 884 2209 edes
912 2181 1071 2226 panem
1097 2174 1242 2220 tuum,
1267 2162 1406 2209 donec
1431 2168 1696 2213 convertaris

313 2266 332 2286 υ
355 2242 400 2288 in
426 2251 581 2285 terram
606 2235 659 2280 de
689 2251 776 2297 qua
807 2245 1007 2297 sumptus
1034 2253 1092 2291 es,
1118 2234 1328 2297 quoniam
1352 2245 1465 2281 terra
1496 2254 1538 2283 es
1557 2275 1567 2293 ‚
1593 2240 1696 2284 etin

314 2337 334 2357 ‚,
355 2325 513 2359 terram
538 2305 666 2354 ibisl.
693 2327 712 2347 »
733 2306 821 2351 Has
845 2322 945 2365 ergo
970 2305 1200 2351 sententias
1225 2305 1280 2350 ad
1305 2306 1596 2354 testimonium
1622 2310 1695 2355 in—

312 2384 467 2447 genitae
492 2377 735 2442 iniquitatis
761 2376 974 2422 assumitis
991 2413 1001 2431 ,
1029 2375 1440 2441 concionaminique
1457 2396 1544 2424 non
1566 2379 1695 2426 fnisse

310 2459 356 2504 in
381 2450 594 2520 pariendo
617 2448 820 2496 foeminas
844 2446 1055 2492 dolituras
1071 2485 1080 2503 ‚
1111 2447 1196 2492 nisi
1217 2447 1271 2492 ad
1298 2464 1366 2494 eas
1397 2467 1496 2495 cum
1512 2463 1694 2514 peccato

310 2530 416 2576 Evae
452 2519 752 2571 foecunditatis
786 2517 903 2566 illius
928 2535 1129 2565 aerumna
1157 2518 1386 2567 transisset.
1409 2521 1561 2584 Ipsum
1593 2539 1694 2583 ergo

359 2611 370 2633 1
390 2611 474 2642 Gen.
491 2618 540 2640 111.
560 2611 611 2639 14.
