1824 3236
159 279 317 309 OPERIS
354 278 617 309 IMPERFECI'I
655 279 831 309 CONTRA
865 280 1112 318 numum,
1155 282 1242 310 ιιΒ.
1285 281 1346 310 vl,
1398 265 1490 320 ΑΔΒ

104 344 211 393 sima
235 354 297 389 est
314 344 430 389 facta
465 354 617 389 natura
637 380 647 398 ‚
673 360 772 406 quae
794 344 1018 390 voluntate
1044 347 1204 405 inJ'usta
1230 345 1417 392 incurrit
1447 345 1491 391 in

106 413 290 469 malum,
305 431 438 477 poena
451 430 551 458 vero
567 414 724 472 injusta
741 430 826 458 non
845 425 986 476 potest
1000 432 1220 461 recurrere
1236 416 1280 461 in
1300 415 1488 469 bonum3

105 502 191 531 non
211 485 449 531 humanam
473 501 602 546 quam
628 484 754 529 nobis
772 485 945 544 omittis,
973 485 1045 530 sed
1061 486 1298 545 angelicam
1317 502 1492 548 quoque

103 566 305 601 naturam
332 554 562 617 pessimam
586 553 780 599 factam?
808 554 900 599 Nisi
930 554 1042 600 forte
1063 555 1204 605 dices,
1231 555 1362 602 etiam
1391 555 1490 602 dia-

101 625 255 681 bolum
275 625 495 671 voluntate
516 642 538 669 a
555 624 674 669 bono
706 624 880 687 lapsum
906 662 916 679 ‚
944 625 978 670 si
1007 625 1223 680 voluerit,
1254 636 1294 670 et
1313 626 1490 688 quando

104 695 309 757 voluerit,
329 695 374 743 in
395 696 562 740 bonum
588 694 707 758 quod
733 694 920 740 deseruit
944 712 1238 749 reversurum,
1262 706 1304 741 et
1330 696 1490 755 Orige-

101 766 168 829 nis
191 765 316 818 nobis
339 764 604 811 instaurabis
620 781 824 811 errorem.
859 764 991 821 Quod
1016 765 1050 810 si
1075 782 1163 811 non
1184 765 1338 819 facies3
1369 765 1488 828 quod

102 836 244 881 dixisti
265 836 486 887 incautus,
509 837 674 894 corrige
698 835 948 884 admonitus
972 853 982 881 ε
1016 846 1058 881 et
1089 837 1299 900 confitere
1326 836 1486 881 bonam

102 906 327 953 conditam
349 924 436 952 esse
462 917 683 961 naturam,
700 923 800 969 quae
828 908 873 952 in
895 907 1059 952 malum
1085 901 1205 969 quod
1229 906 1350 958 fecit,
1368 906 1488 952 nulla

102 978 352 1025 necessitate
383 976 634 1040 compulsa,
669 977 741 1022 sed
767 994 842 1023 sua
867 978 1092 1024 voluntate
1118 977 1312 1040 collapsa
1336 987 1410 1024 est.
1436 978 1487 1022 ln

101 1049 268 1098 bonum
295 1058 439 1094 autem
473 1046 591 1110 quod
620 1047 797 1110 reliquit
821 1085 831 1102 ‚
873 1048 1002 1094 sollus
1030 1048 1105 1094 Dei
1135 1048 1271 1107 gratia
1293 1047 1487 1093 revocari

102 1128 259 1182 potest2
285 1135 372 1175 nou
395 1117 620 1170 voluntate
643 1117 857 1163 libertatis
876 1155 887 1173 ‚
910 1135 1040 1181 quam
1065 1118 1221 1165 merito
1247 1117 1488 1182 iniquitatis

101 1188 257 1235 amisit.
288 1189 435 1249 Potest
454 1187 622 1250 quippe
646 1198 686 1232 et
705 1187 842 1244 alius,
865 1188 1060 1234 similiter
1079 1199 1126 1234 ut
1146 1199 1191 1234 tu
1215 1206 1361 1237 errans
1382 1225 1392 1243 ,
1414 1187 1487 1233 di·
1533 1190 1537 1194 ’

101 1277 210 1311 cere.
237 1259 356 1318 Quid
374 1262 497 1322 pejus
519 1276 566 1304 ea
587 1269 741 1322 potero
763 1259 956 1325 invenire
975 1260 1236 1315 substantia,
1253 1277 1353 1324 quae
1373 1259 1487 1305 sacta

100 1340 235 1390 estut
257 1331 302 1375 in
326 1340 538 1375 aeternum
564 1329 835 1393 supplicium
862 1331 997 1394 possit
1022 1331 1082 1376 ire
1104 1369 1115 1387 ,
1149 1342 1191 1377 et
1222 1330 1323 1377 inde
1347 1329 1487 1375 redire

100 1417 187 1447 non
212 1399 376 1464 possit?
399 1400 454 1444 Et
479 1399 628 1464 utique
658 1402 770 1445 Deus
799 1400 1076 1464 omnipotens
1103 1420 1124 1446 a
1150 1418 1236 1465 quo
1258 1400 1353 1446 vult
1379 1417 1488 1463 sup-

99 1470 233 1535 plicio
255 1486 402 1522 eruere
416 1480 556 1533 potest
575 1489 586 1522 ;
610 1469 682 1515 secl
703 1471 876 1516 mentiri
901 1488 989 1518 non
1009 1482 1150 1534 potest
1171 1509 1180 1525 ,
1202 1472 1277 1534 qui
1299 1471 1488 1517 minatus

90 1551 163 1597 rest
187 1541 276 1586 hoc
299 1558 340 1586 se
361 1557 449 1586 non
466 1557 553 1585 esse
567 1539 806 1597 facturum,
826 1542 1005 1605 quando
1026 1542 1071 1588 id
1087 1542 1357 1606 supplicium
1380 1541 1488 1588 <lixit

101 1622 326 1672 &temtum

168 1682 254 1732 Sed
281 1693 328 1728 ut
353 1682 406 1728 de
439 1683 523 1729 hac
545 1699 590 1728 re
613 1700 724 1728 vana
750 1683 917 1747 sapias,
954 1682 1067 1733 fallit
1090 1693 1128 1728 te
1153 1682 1351 1728 definitio
1380 1693 1451 1727 tua
1473 1719 1484 1731 ,

101 1770 187 1816 qua
206 1753 251 1813 in
270 1753 482 1817 superiori
496 1754 817 1816 prosecutione,
835 1755 1008 1813 cuijam
1032 1753 1355 1817 respondimus,
1377 1752 1490 1798 sicut

101 1841 217 1887 saepe
250 1834 292 1883 et
318 1823 424 1877 alibi
448 1823 554 1876 facis
574 1861 584 1876 ,
622 1824 810 1869 liberum
846 1824 1077 1871 arbitrium
1102 1822 1307 1871 definisti.
1338 1821 1488 1882 Dixisti

100 1894 210 1945 enim
227 1931 238 1950 ,
267 1915 288 1936 c<
306 1894 517 1944 Liberum
546 1893 778 1939 arbitrium
798 1911 885 1939 non
905 1904 967 1939 est
988 1892 1105 1938 aliud
1130 1910 1262 1957 quam
1294 1891 1490 1955 possibi-

100 1964 197 2023 litas
211 1964 427 2027 peccandi
449 1974 490 2010 et
514 1981 602 2010 nou
620 1963 880 2025 peccandi.»
901 1964 1000 2019 Qua
1023 1962 1276 2009 definitione
1292 1962 1489 2025 primum

101 2034 185 2098 ipsi
218 2036 308 2080 Deo
334 2034 522 2080 liberum
551 2033 781 2079 arbitrium
805 2033 1044 2090 abstulisti,
1067 2049 1198 2096 quem
1224 2049 1311 2080 non
1332 2048 1458 2091 negas
1475 2068 1487 2085 ,

101 2105 205 2168 quia
227 2115 270 2166 et
297 2104 382 2151 hoc
400 2121 516 2167 saepe
535 2103 662 2158 dicis,
688 2114 731 2148 et
746 2120 896 2150 verum
915 2114 1004 2159 est,
1029 2120 1117 2153 non
1140 2119 1265 2166 posse
1285 2117 1482 2165 peccare.

103 2175 271 2226 Deinde
304 2175 387 2238 ipsi
411 2175 550 2229 sancti
573 2175 618 2220 in
644 2191 775 2234 regno
799 2178 891 2234 ejus
914 2174 1105 2219 liberum
1129 2173 1361 2221 arbitrium
1384 2189 1490 2235 per-

103 2246 240 2293 dituri
261 2257 378 2301 sunt,
403 2246 480 2292 ubi
500 2263 682 2309 peccare
699 2263 787 2295 non
805 2256 1029 2310 poterunt.
1061 2245 1222 2291 Verum
1247 2244 1321 2290 hic
1339 2244 1491 2291 admo÷

103 2316 272 2377 nendus
289 2333 350 2373 es,
374 2316 480 2379 quid
504 2316 557 2362 de
571 2316 657 2362 hoc
676 2316 792 2362 unde
813 2334 931 2362 nunc
947 2317 1132 2377 agimus,
1155 2331 1304 2379 sapere
1316 2313 1492 2375 debeas,¹

102 2404 286 2451 poenam
311 2386 475 2436 scilicet
498 2397 540 2432 et
561 2387 813 2449 praemium,
834 2386 1046 2433 intuenda
1069 2386 1183 2439 inter
1201 2402 1244 2431 se
1270 2401 1357 2435 esse
1380 2402 1488 2434 con-

104 2458 254 2514 traria,
274 2467 317 2502 et
342 2457 423 2514 alia
445 2457 534 2502 duo
551 2458 769 2504 contraria
800 2458 870 2512 his
893 2456 1123 2504 contrariis
1143 2455 1368 2509 adhaerere
1390 2472 1401 2500 :
1430 2454 1492 2506 sic

104 2547 206 2590 ergo
234 2530 279 2574 in
316 2545 449 2592 poena
482 2539 544 2574 est
582 2546 670 2574 non
696 2545 821 2592 posse
856 2539 972 2575 recte
999 2545 1154 2591 agere2
1190 2527 1303 2587 sicut
1335 2527 1422 2591 erit
1442 2526 1487 2572 in

105 2599 288 2663 praemio
309 2617 396 2644 non
414 2616 537 2662 posse
558 2616 755 2662 peccare.
787 2599 974 2652 Attende
992 2600 1260 2663 Scripturas,
1284 2616 1307 2649 a
1327 2597 1494 2661 quibus
