1863 3262
178 311 333 340 OPERIS
369 307 629 340 IMPERFECTI
667 307 841 338 CONTRA
877 307 1122 350 JULIANmu,
1163 312 1248 343 [ΑΒ.
1292 313 1362 345 111.
1413 300 1491 346 131

131 372 356 434 adjungit1
381 391 392 418 ε
420 394 440 414 «
463 372 548 435 (Hi
569 381 708 417 autem
733 371 810 434 qui
834 371 1233 434 concupiscentiam
1250 375 1375 422 istam
1390 393 1502 423 con-

131 453 197 489 tra
216 443 479 504 evangelicos
493 454 535 488 et
554 441 812 506 apostolicos
830 441 963 486 libros
976 478 987 497 ,
1011 459 1119 505 quos
1134 461 1272 490 vacuo
1288 445 1501 504 lectitant,

131 514 298 560 bonum
325 514 417 560 ausi
437 523 537 559 sunt
564 512 734 565 diccrc;
760 510 930 568 videas,
957 512 1123 574 inquit,
1162 526 1330 562 sanctos
1353 534 1502 564 eorum

131 601 250 631 nunc
273 601 373 630 cum
392 584 564 631 filiabus
590 583 798 629 dormisse
814 619 824 639 ,
849 599 967 628 nunc
992 599 1091 629 cum
1112 584 1314 647 pluribus
1333 598 1375 633 ct
1396 606 1506 634 con-

133 655 306 702 cubinis
321 666 364 702 et
383 655 589 701 uxoribus
608 653 827 700 miscuisse
844 654 1079 713 negotium.
1102 655 1190 700 Nec
1209 656 1295 703 hoc
1310 658 1510 721 Apostoli

131 724 283 772 Vident
307 744 317 770 :
347 727 458 783 Quae
488 726 665 772 societas
684 724 774 770 luci
804 735 846 770 et
870 725 1080 782 tenebris,
1110 725 1229 772 fideli
1247 737 1288 772 et
1309 728 1475 774 infideli
1495 766 1507 782 ,

134 795 312 842 Christo
333 807 376 842 et
399 796 562 843 Belial?
588 798 746 842 Errant
770 794 995 855 glomerati
1019 795 1172 841 nubilo
1193 798 1516 862 concupiscen-

133 866 232 923 tiae,
258 871 384 928 cujus
405 884 570 915 veneno
591 867 651 913 ita
689 865 915 922 fruuntur,
949 876 997 910 ut
1021 867 1207 912 amentia
1237 869 1385 932 capti,
1413 885 1515 914 cum

134 936 222 983 hoc
245 949 423 998 gerunt,
457 956 479 984 a
504 940 595 984 Deo
613 937 658 983 id
685 954 935 983 concessum
961 947 1145 1000 putent3
1171 939 1294 1001 quasi
1317 940 1517 999 ignorent

137 1007 396 1071 Apostolum
435 1008 588 1055 dixisse
615 1026 626 1053 ι
659 1009 771 1065 Quae
808 1017 1018 1066 geruntur
1043 1008 1099 1052 ab
1125 1008 1183 1053 eis
1215 1009 1261 1054 in
1298 1010 1512 1066 tenebris,

137 1088 264 1142 turpe
295 1089 357 1125 est
381 1079 510 1125 etiam
535 1079 724 1140 dicere.)
749 1100 768 1119 >³
794 1078 923 1123 Vides
947 1095 1105 1140 nempe
1137 1079 1360 1141 quomodo
1382 1098 1519 1141 nego-

137 1148 247 1195 tium
271 1160 393 1196 vexat
411 1149 615 1214 pudoris,
638 1160 766 1212 atquc
785 1158 937 1193 contra
958 1164 1035 1192 nos
1053 1147 1098 1191 id
1117 1147 1257 1194 valere
1277 1149 1521 1212 plurimum

137 1230 293 1283 putat,
313 1221 390 1283 qui
409 1236 494 1265 non
519 1219 682 1264 malum
702 1219 844 1264 dicere
865 1217 1100 1263 audeamus
1117 1255 1128 1274 ,
1154 1219 1273 1282 quod
1288 1220 1521 1266 velandum

140 1299 284 1335 tamen
331 1290 499 1353 pudore
541 1289 769 1335 fateamur.
824 1288 1005 1335 Nullum
1058 1288 1363 1335 vestimentum
1423 1307 1523 1351 ergo

142 1359 333 1416 texuisti,
367 1376 456 1424 quo
483 1358 803 1404 deformitatem
828 1358 894 1402 tui
918 1358 1133 1416 dogmatis
1162 1359 1376 1421 operires,
1405 1377 1524 1424 prae-

140 1439 205 1476 ter
230 1447 395 1494 pannos
428 1429 589 1493 quibus
616 1429 660 1474 in
685 1428 876 1492 parentis
901 1428 966 1473 tui
990 1438 1030 1473 et
1053 1428 1248 1488 magistri
1269 1430 1523 1477 haereditate

140 1501 330 1548 crevisti.
353 1500 549 1546 Persistit
568 1499 701 1559 igitur
725 1499 830 1559 erigi
855 1499 899 1544 in
922 1515 998 1543 nos
1017 1536 1027 1553 ‚
1048 1498 1295 1563 faciensque
1319 1512 1521 1566 apostro-

139 1571 261 1635 phen
290 1588 300 1616 ε
331 1592 352 1612 α
371 1571 506 1634 (Age,
533 1569 605 1616 tu1
625 1608 635 1626 ,
679 1571 849 1633 inquit,
892 1569 1088 1615 defensor
1126 1572 1522 1635 concupiscentiae,

142 1651 292 1705 aperto
328 1658 520 1686 sermone
559 1658 685 1686 narra
721 1640 890 1686 fructus
926 1650 967 1685 et
1006 1657 1136 1703 opera
1163 1644 1267 1700 ejus.
1301 1643 1414 1689 Ecce
1449 1660 1526 1703 ego

142 1723 295 1758 contra
321 1730 415 1758 eam
431 1749 442 1769 ,
470 1729 558 1758 non
575 1712 706 1757 timeo
720 1711 860 1757 lucem
878 1749 888 1768 ,
909 1728 1042 1775 quam
1061 1710 1135 1756 illa
1154 1712 1366 1776 trepidat,
1391 1730 1526 1778 quam

142 1781 216 1830 illa
237 1782 344 1829 odit.
368 1783 523 1829 Omnis
542 1783 655 1828 enim
681 1783 758 1846 qui
783 1781 894 1827 male
920 1782 1033 1842 agit,
1067 1781 1160 1827 odit
1183 1782 1353 1840 lucem,
1375 1794 1417 1830 et
1435 1802 1524 1830 non

142 1853 262 1898 venit
289 1852 342 1899 ad
375 1852 541 1909 lucem,
576 1869 629 1898 ne
664 1851 992 1898 manifestentur
1026 1869 1158 1915 opera
1186 1856 1291 1913 ejus.
1322 1854 1525 1901 Vides-ne

144 1923 544 1986 concupiscentiam
572 1923 674 1968 mali
700 1940 786 1968 esse
822 1923 1059 1982 originem,
1085 1940 1165 1985 per
1199 1941 1331 1986 quam
1357 1925 1525 1970 miserae

146 1994 302 2040 animae
319 1993 496 2039 libidini
518 1994 734 2048 serviunt,
764 2010 852 2037 non
875 2001 1028 2054 sponte
1043 2028 1053 2047 ,
1092 1991 1194 2054 quia
1214 1993 1305 2038 hoc
1326 2006 1387 2039 est
1406 1993 1526 2057 quod

145 2063 317 2110 nolente
347 2063 491 2108 animo
513 2063 700 2123 gerimus
719 2063 857 2108 solum
874 2062 916 2124 1³)
937 2084 956 2103 ›>
975 2062 1090 2107 Hinc
1114 2073 1175 2107 est
1199 2063 1319 2125 quod
1339 2074 1382 2109 et
1398 2075 1445 2110 tu
1471 2082 1481 2109 :
1504 2086 1525 2107 »

147 2134 259 2180 Nam
284 2133 392 2198 quid
412 2133 520 2187 est2‚
541 2133 686 2196 inquis
705 2170 715 2189 ,
743 2131 862 2196 quod
882 2131 998 2177 labie.
1015 2168 1026 2187 ,
1052 2130 1223 2192 lingua,
1250 2150 1402 2179 manus
1420 2171 1431 2191 ,
1452 2134 1525 2180 in-

146 2205 348 2252 flexiones
372 2204 517 2261 dorsi,
552 2204 754 2259 cervicis,
784 2214 825 2249 et
848 2202 1059 2258 laterum,
1093 2212 1142 2248 ut
1179 2203 1233 2248 ad
1263 2221 1394 2268 opera
1415 2222 1526 2250 con-

148 2292 254 2336 grua
276 2285 549 2330 moveantur,
571 2273 762 2337 positum
781 2275 826 2319 in
845 2282 1057 2336 potestate
1072 2283 1156 2326 est;
1177 2289 1279 2319 cum
1298 2291 1400 2321 Vero
1416 2291 1527 2322 ven-

148 2357 243 2392 tum
261 2345 391 2392 fuerit
408 2355 456 2391 ut
472 2345 551 2390 filii
569 2345 854 2400 seminentur,
877 2343 1072 2389 membra
1094 2344 1139 2388 in
1153 2344 1240 2390 hoc
1254 2362 1363 2408 opus
1383 2357 1527 2392 creata

148 2434 238 2463 non
260 2416 482 2470 serviunt;
509 2416 581 2461 sed
612 2426 860 2477 expectatur
881 2425 928 2460 ut
955 2431 1003 2460 ea
1029 2414 1148 2460 velut
1171 2416 1236 2461 sui
1249 2416 1360 2475 juris
1387 2416 1527 2462 libido

150 2497 448 2544 commoveat,
477 2497 518 2532 et
543 2485 776 2550 aliquando
800 2503 887 2531 non
910 2485 1013 2531 facit
1039 2485 1182 2531 animo
1209 2486 1402 2543 volente,
1424 2503 1526 2533 cum

152 2559 386 2624 aliquando
407 2557 539 2604 faciat
556 2568 597 2603 et
622 2556 825 2603 nolente?
854 2578 874 2599 «
893 2557 1167 2603 Enumerasti
1185 2567 1234 2603 tu
1254 2575 1412 2622 nempe
1431 2575 1530 2605 om·-

200 2643 211 2666 1
232 2641 373 2677 Manich.
390 2641 482 2686 epist.
495 2659 540 2666 —
556 2638 571 2663 ²
591 2639 674 2675 lbid.
696 2657 740 2664 -
754 2636 768 2662 3
787 2641 868 2682 Aug.
886 2639 944 2674 lib.
972 2651 1001 2674 1.
1022 2638 1061 2670 de
1074 2639 1174 2682 Nupt.
1191 2645 1222 2671 et
1239 2641 1336 2672 Cone.
1354 2650 1382 2673 c.
1403 2641 1435 2672 6.

1323 2711 1366 2754 9.
