1824 3236
166 305 322 336 OPERIS
356 307 618 336 IMPERFECTI
657 306 831 336 CONTRA
866 308 1112 349 JULIANUM,
1150 310 1237 340 Lm.
1282 311 1337 341 VI.
1397 296 1487 358 557

118 370 248 416 modo
270 388 293 416 a
314 381 459 416 nostra
480 387 610 416 carne
631 370 913 430 distinguant.
943 373 1123 418 Dimitte
1144 373 1237 419 illos
1261 376 1446 421 multum
1468 394 1489 422 a

117 441 245 486 nobis
263 477 275 497 ,
304 441 581 503 multumque
618 450 659 486 et
688 458 710 486 a
742 442 867 486 vobis
889 480 899 497 ,
926 442 970 487 in
996 443 1073 488 ista
1101 443 1153 489 de
1177 461 1305 490 carne
1329 445 1491 491 Christi

117 511 356 574 quaestione
380 511 584 556 distantes
614 528 624 555 :
653 510 881 557 nobiscum
907 529 981 571 age
1005 513 1120 575 quod
1145 514 1254 573 agi53
1281 515 1382 577 quia
1406 533 1488 561 no-

116 581 285 628 biscum
306 598 480 628 carnem
502 580 696 638 Christi,
724 585 801 627 etsi
819 581 1084 628 dissimiliter
1103 621 1113 639 ,
1141 586 1373 631 confiteris.
1403 587 1491 631 Nec

116 654 193 697 nos
212 652 325 697 enim
345 669 438 697 eam
458 670 480 697 a
504 662 672 698 naturae
696 663 825 716 atque
849 653 1105 700 substantiae
1137 656 1277 717 carnis
1300 667 1458 702 nostrae
1476 694 1487 713 ,

116 721 190 767 sed
209 740 233 767 a
256 722 350 769 vitii
373 723 681 769 communione
704 722 1023 783 distinguimus
1050 727 1161 769 Caro
1180 735 1241 769 est
1264 726 1375 770 enim
1395 743 1489 771 nos-

117 801 183 837 tra
200 793 373 855 peccati
401 810 411 837 :
442 804 624 857 propter
648 793 769 857 quod
794 793 868 839 ssla
894 792 1012 839 dicta
1030 804 1118 849 est,
1143 812 1230 840 non
1253 796 1492 842 similitudo

116 862 278 919 carnis,
306 863 409 927 quia
423 880 522 909 vera
540 881 641 909 caro
666 874 727 909 est
746 884 757 918 ;
784 863 857 909 sed
881 863 1124 909 similitudo
1147 865 1285 910 carnis
1304 869 1490 928 peccati,

115 933 219 997 quia
238 935 409 998 peccati
426 952 528 980 caro
548 953 635 981 non
652 945 726 982 est.
759 935 801 981 Si
831 952 931 995 ergo
953 936 1123 998 peccati
1144 953 1244 981 caro
1265 953 1366 982 caro
1394 954 1494 982 nos-

118 1014 184 1050 tra
207 1022 297 1050 non
321 1016 425 1051 esset
444 1024 454 1063 ;
483 1006 723 1070 quomodo,
752 1024 855 1067 rogo
877 1017 916 1052 te
934 1044 945 1063 ,
970 1006 1210 1052 similitudo
1231 1007 1372 1052 carnis
1387 1024 1494 1070 pec-

118 1075 202 1121 cati
231 1093 334 1122 caro
361 1077 525 1123 Christi
545 1080 686 1123 esset?
715 1079 782 1123 An
809 1094 944 1140 usque
966 1076 1070 1122 adeo
1095 1076 1254 1141 desipis
1272 1115 1282 1134 ,
1306 1088 1352 1123 ut
1377 1077 1495 1123 dicas

119 1145 286 1210 aliquid
310 1147 447 1194 simile
460 1165 563 1205 esse,
591 1148 663 1194 sed
688 1149 760 1194 cui
781 1148 918 1194 simile
943 1149 997 1193 sit
1020 1165 1108 1194 non
1132 1165 1217 1194 esse
1236 1153 1254 1193 ἶ)
1278 1149 1492 1194 Hilarium

120 1218 223 1264 audi
248 1219 521 1265 catholicum
560 1220 794 1266 antistitem
830 1257 841 1276 ,
879 1236 1009 1283 quem
1048 1230 1162 1265 certe
1196 1218 1411 1283 quidquid
1441 1218 1494 1264 de

117 1287 194 1335 illo
218 1291 374 1336 sentias
390 1328 401 1346 ,
429 1290 728 1336 Manichaeum
753 1308 841 1336 non
866 1301 989 1353 potes
1019 1290 1161 1336 dicere
1183 1308 1193 1335 :
1221 1291 1298 1354 qui
1319 1307 1418 1336 cum
1444 1289 1497 1335 de

117 1359 284 1406 Christi
300 1377 429 1406 carne
448 1360 713 1424 loqueretur,
737 1382 757 1403 c<
781 1362 892 1421 Ergo
920 1376 1018 1406 cum
1046 1362 1196 1406 missus
1220 1372 1299 1414 est,
1320 1360 1491 1423 inquit,

118 1450 139 1472 >2
159 1431 205 1476 in
228 1431 513 1478 similitudine
537 1432 679 1478 carnis
703 1432 875 1495 peccati
893 1469 904 1488 ,
938 1448 1026 1477 non
1062 1431 1174 1477 sicut
1214 1448 1387 1477 carnem
1411 1430 1496 1475 ha-

119 1521 140 1542 »
163 1500 264 1547 buit
284 1539 294 1557 ,
334 1502 393 1548 ita
427 1502 588 1548 habuit
612 1513 653 1548 et
680 1512 941 1565 peccatum3
985 1501 1057 1547 sed
1089 1502 1192 1565 quia
1229 1519 1279 1548 ex
1312 1511 1496 1565 peccato

120 1593 140 1613 >2
165 1573 304 1618 omnis
326 1590 428 1618 caro
461 1585 552 1627 est,
588 1591 611 1618 a
645 1583 827 1636 peccato
855 1572 1020 1618 scilicet
1048 1572 1186 1618 Adam
1214 1583 1390 1635 parente
1423 1571 1495 1616 de-

120 1661 141 1684 »
162 1641 296 1688 ducta
317 1680 329 1699 ,
358 1643 403 1689 in
427 1643 711 1689 similitudine
734 1642 906 1705 peccati
926 1642 1066 1687 carnis
1093 1653 1155 1687 est
1179 1644 1331 1688 missus
1350 1679 1360 1697 ,
1385 1641 1496 1686 exis—-

119 1733 140 1754 >2
164 1723 280 1758 tente
298 1715 344 1758 in
363 1730 412 1759 eo
432 1750 443 1769 ,
467 1730 556 1759 non
580 1722 763 1776 peccato
786 1749 797 1767 ,
836 1711 908 1757 sed
931 1713 1102 1775 peccati
1131 1714 1272 1758 carnis
1294 1712 1496 1757 similitu-

120 1783 307 1831 ›>dine4.
335 1806 355 1826 ³>
394 1784 514 1841 Quid
565 1784 621 1830 ad
659 1784 739 1829 ista
787 1783 988 1829 dicturus
1020 1801 1062 1829 es
1085 1821 1096 1840 ,
1141 1783 1493 1847 improbissime,

119 1854 436 1918 loquacissime,
458 1854 903 1909 contumeliosissime,
926 1853 1340 1899 calumniosissime?
1361 1854 1497 1898 Num-

119 1925 230 1989 quid
255 1936 296 1971 et
322 1925 516 1971 Hilarius
554 1925 828 1970 Manichaeus
851 1927 952 1970 est?
983 1923 1067 1969 Sed
1092 1924 1204 1970 absit
1238 1934 1286 1969 ut
1311 1934 1404 1969 tuas
1427 1940 1497 1968 ac-

121 1997 266 2059 cipere
291 1996 499 2056 dedigner
523 1996 707 2056 injurias
725 2033 735 2050 ,
763 2012 851 2040 non
869 1995 1007 2040 solum
1031 2012 1133 2040 cum
1167 1995 1332 2040 Hilario
1363 2004 1495 2039 caete-

120 2073 484 2137 risquessministris
502 2073 686 2130 Christi3
705 2072 776 2118 sed
792 2072 917 2117 etiam
939 2089 1039 2117 cum
1052 2072 1144 2135 ipsa
1163 2089 1291 2118 carne
1309 2071 1491 2126 Christi,

121 2144 191 2189 cui
223 2154 387 2189 tantam
423 2143 564 2189 facere
582 2161 669 2189 non
705 2143 949 2206 expavescis
982 2143 1185 2204 injuriam
1206 2180 1215 2197 ,
1260 2153 1309 2187 ut
1344 2141 1501 2187 audeas

121 2230 215 2259 eam
246 2231 476 2277 coaequare
511 2225 681 2260 caeterae
722 2213 951 2258 hominum
977 2213 1122 2269 carni,
1155 2230 1284 2275 quam
1323 2228 1495 2257 carnem

121 2295 289 2330 constat
328 2302 414 2330 esse
463 2286 663 2348 peccati3
701 2284 733 2329 si
767 2302 852 2329 non
888 2283 1153 2328 mendaciter
1189 2283 1356 2328 dictum
1402 2292 1497 2338 est,

124 2355 350 2401 Christum
372 2356 417 2401 in
441 2355 722 2401 similitudine
744 2355 883 2400 carnis
909 2354 1070 2400 venisse
1096 2353 1280 2416 pcccati.

189 2426 394 2473 XXXIV.
426 2430 525 2472 JUL.
566 2425 795 2488 Numquid
818 2425 985 2488 quippe
1011 2424 1172 2469 diceret
1195 2461 1205 2479 ‚
1230 2446 1248 2465 «
1273 2423 1316 2468 Si
1337 2421 1499 2468 mortui

123 2517 145 2539 »
168 2513 255 2542 non
279 2507 524 2555 resurgunt,
554 2513 633 2541 nec
652 2496 852 2542 Christus
874 2495 1126 2540 resurrexit2
1147 2512 1156 2539 :
1180 2516 1199 2535 n
1233 2494 1303 2539 cui
1328 2503 1500 2556 poterat

123 2566 270 2613 referri
290 2604 300 2620 ,
327 2566 400 2612 sed
420 2567 647 2623 Christus,
674 2566 883 2629 quoniam
905 2565 958 2611 de
979 2565 1142 2624 virgine
1171 2571 1297 2609 natus
1315 2574 1393 2619 est,
1421 2579 1500 2625 pe-

171 2652 180 2674 ¹
199 2654 293 2690 Rom.
317 2661 390 2692 viti,
414 2651 442 2681 3.
462 2667 503 2673 —
524 2648 539 2671 ²
562 2661 573 2680 1
598 2651 670 2681 Cor.
690 2660 741 2685 xv,
762 2650 814 2679 13.
