1863 3262
164 298 319 330 omarus
357 295 617 330 rumaren
652 295 825 327 CONTRA
861 297 1105 340 JULIANUM,
1146 300 1233 332 me.
1278 300 1348 333 111.
1397 286 1483 333 103

112 364 308 428 peccati?
338 366 404 410 An
428 361 624 408 dicturus
653 377 695 405 es
728 361 857 406 etiam
891 378 977 407 non
1009 372 1128 410 vetus
1161 364 1329 428 aliquid
1353 365 1486 412 inno-

111 434 221 489 vari,
242 451 343 480 cum
361 433 475 492 legas
493 431 545 477 ad
565 431 775 477 Hebraeos
790 430 826 487 1,
857 431 1047 488 Quando
1066 433 1152 479 hoc
1172 434 1280 480 dicit
1298 452 1480 494 novum,

111 514 232 550 vetus
263 504 365 550 fecit
395 503 622 566 primum?
660 502 741 547 Dic
776 518 876 561 ergo
905 502 1021 548 unde
1055 503 1140 548 sint
1172 514 1331 551 veteres
1353 507 1486 553 modo

111 575 229 631 nati,
254 591 362 638 quos
394 573 502 619 dicis
531 589 654 619 sanos
680 590 703 617 a
736 583 946 618 vetustate
968 574 1152 636 peccati.
1181 575 1236 623 Et
1259 586 1404 622 tamen
1430 578 1487 625 ad

108 644 450 704 indignationem
500 658 706 690 verorum
753 642 1105 689 Christianorum
1153 644 1393 692 cavendam
1416 683 1428 703 ‚
1463 665 1487 693 a

111 714 288 761 Christo
329 732 398 761 eos
437 712 611 760 simulas
663 712 876 760 innovari.
914 713 1141 759 Postremo
1173 713 1292 760 aliud
1323 726 1385 761 est
1415 732 1488 762 sa·-

107 784 220 842 nari,
247 784 366 831 aliud
391 783 590 831 innovari
612 801 624 828 t
651 793 834 847 propter
859 782 1073 830 sanandos
1089 784 1284 842 curatio,
1305 797 1488 851 propter

105 855 377 902 innovandos
392 854 652 901 instauratio
673 853 911 900 necessaria
934 864 1009 900 est.
1034 853 1312 904 Manifestum
1327 866 1391 902 est
1412 855 1489 917 igi-

106 924 240 984 gitur,
256 924 458 971 haeresim
476 934 661 971 vestram
680 923 876 989 parvulis
906 940 1083 988 prorsus
1108 924 1390 972 christianam
1413 943 1488 973 ne·-

106 1011 204 1055 gare
227 995 504 1042 medicinam.

169 1067 309 1113 CLII.
339 1070 361 1112 J
367 1084 440 1114 uL.
474 1086 494 1108 α
516 1067 629 1112 Ecce
652 1082 754 1126 ergo
778 1065 963 1130 planum
981 1076 1045 1112 est
1066 1102 1078 1122 ‚
1100 1082 1178 1112 nos
1198 1065 1364 1113 Christi
1383 1083 1487 1128 gra-

103 1136 208 1182 tiam
231 1136 381 1183 utilem
402 1136 596 1200 parvulis
615 1153 704 1182 non
725 1153 881 1197 negare
903 1154 914 1182 2
938 1136 1047 1200 quid
1070 1136 1206 1196 igitur
1227 1147 1485 1184 controver-

103 1207 178 1252 siae
201 1208 422 1263 remansit,
448 1217 633 1270 propter
652 1206 771 1270 quod
799 1223 876 1252 nos
902 1206 1204 1253 Traducianus
1230 1208 1386 1255 erroris
1409 1207 1484 1256 in-

102 1276 293 1332 simulat,
316 1277 627 1340 videlicetquia
638 1294 727 1322 non
741 1277 975 1322 annuimus
986 1277 1094 1323 Adae
1105 1276 1284 1340 quidem
1298 1277 1482 1335 bonam,

101 1346 174 1392 sed
192 1347 389 1392 omnium
405 1347 638 1392 hominum
660 1346 819 1392 malam
838 1345 998 1392 factam
1025 1363 1112 1392 esse
1134 1350 1367 1394 naturam?
1385 1348 1483 1395 Hoc

101 1434 202 1463 sane
227 1435 315 1463 non
335 1417 474 1464 solum
493 1434 571 1463 nos
597 1434 686 1462 non
708 1433 913 1473 annuere,
933 1417 1218 1463 verumetiam
1242 1427 1284 1462 et
1304 1418 1484 1464 summis

101 1487 267 1534 viribus
283 1489 542 1552 impugnare
563 1488 786 1552 profiteor.
816 1486 1012 1533 Remotis
1035 1487 1170 1547 igitur
1190 1486 1274 1533 illis
1295 1488 1483 1547 figmen—

101 1567 244 1604 torum
274 1569 452 1605 tuorum
470 1558 661 1604 distortis
683 1557 909 1621 pueriliter
936 1557 1102 1604 retibus
1120 1594 1132 1613 ,
1159 1566 1202 1602 et
1227 1557 1484 1618 vulgaribus

99 1629 271 1686 maniis,
298 1630 460 1694 quibus
479 1630 734 1676 susurrabas
756 1646 834 1675 nos
850 1628 1014 1675 Christi
1032 1628 1214 1690 gratiam
1232 1645 1387 1688 negare
1403 1644 1480 1675 cu-

97 1699 273 1746 nabulis
296 1738 307 1757 ‚
338 1718 469 1764 super
497 1701 585 1746 hoc
618 1701 954 1760 congrediamur
974 1737 986 1758 ,
1021 1700 1067 1746 in.
1097 1716 1188 1763 quo
1221 1710 1281 1745 est
1312 1716 1482 1746 summa

97 1771 356 1818 certaminis.
386 1773 450 1817 Eo
475 1772 608 1832 igitur
631 1771 784 1817 ordine
813 1788 944 1836 quem
976 1770 1188 1835 promisi,
1229 1770 1244 1832 (
1264 1770 1367 1834 quia
1386 1774 1480 1831 jam

96 1851 242 1886 nostra
261 1840 476 1904 defendi,)
507 1842 744 1888 Manichaei
752 1879 764 1900 ,
784 1842 857 1888 cui
875 1852 916 1887 te
930 1840 1146 1890 adversari
1163 1839 1417 1896 simulabas,
1437 1850 1480 1887 et

95 1921 235 1957 vestra
254 1904 374 1958 sensa
395 1929 637 1976 pensemus,
656 1933 676 1954 ›>

162 1982 281 2028 Auo.
309 1982 459 2029 Vestra
497 1999 584 2028 non
627 1981 886 2038 defendisti,
928 1981 1002 2027 sed
1037 1980 1211 2027 defendi
1239 1997 1328 2027 non
1350 1996 1475 2044 posse

94 2053 358 2099 monstrasti.

159 2121 322 2169 CLIII.
352 2122 376 2167 J
385 2140 455 2170 UL.
483 2143 505 2166 «
529 2122 606 2168 Ille
628 2138 729 2183 ergo
752 2122 888 2179 dicit,
916 2140 941 2169 a
956 2121 1160 2186 principe
1170 2121 1468 2179 tenebrarum,

91 2191 139 2237 id
159 2203 220 2238 est
241 2230 252 2249 ,
285 2203 459 2239 auctore
483 2193 617 2250 mali,
647 2211 700 2238 ne
723 2192 913 2239 duarum
944 2192 1251 2238 commixtione
1283 2201 1470 2237 natura·-

93 2278 191 2307 rum
213 2263 344 2309 bonae
377 2274 419 2310 et
441 2264 568 2309 malae
586 2300 597 2320 ,
633 2263 857 2310 hominem
885 2273 1079 2310 creatum
1108 2262 1237 2308 fuisse
1259 2279 1270 2307 t
1295 2272 1343 2308 tu
1365 2260 1474 2325 quid

93 2332 235 2378 dicis?
265 2335 301 2380 A
331 2335 424 2380 Deo
449 2333 629 2398 quidem
657 2334 776 2380 bono
794 2371 806 2391 ,
840 2333 914 2380 sed
943 2350 1090 2380 omnes
1113 2332 1313 2379 homines
1339 2332 1474 2379 malos

93 2418 243 2450 Crearl.
270 2425 291 2447 ›>

159 2476 277 2522 Ano.
310 2475 363 2520 In
385 2473 565 2520 homine
587 2485 691 2520 nato
718 2486 760 2521 et
779 2485 935 2521 natura
958 2483 1049 2530 est,
1075 2488 1207 2536 quam
1227 2489 1315 2519 non
1345 2488 1475 2533 negas

92 2545 277 2602 bonum,
308 2545 362 2591 de
385 2562 472 2608 quo
502 2544 730 2592 laudamus
757 2546 994 2592 creatorem
1023 2546 1164 2591 Deum
1184 2563 1195 2597 ς
1218 2553 1260 2589 et
1288 2542 1467 2601 vitium,

141 2629 153 2652 ¹
174 2627 276 2662 Hebr.
292 2639 363 2667 vm,
391 2629 443 2660 13.
