1863 3262
168 309 320 340 OPERIS
359 306 618 338 IMPERFMTI
658 307 831 337 CONTRA
867 309 1110 347 JULIANUM,
1152 313 1237 344 Lm.
1282 314 1350 344 111.
1400 315 1482 347 101

127 433 130 435 μ
184 377 301 421 Aeo.
326 375 376 419 ln
393 372 602 432 liisjustis
621 383 663 418 et
687 373 893 435 parvulos
917 375 1059 437 ponis,
1087 377 1163 438 qui
1179 378 1290 424 nihil
1312 392 1492 439 egerunt

117 445 298 509 propria
322 443 545 489 voluntate
572 443 658 488 sive
682 442 788 488 boni
821 443 907 489 sive
932 444 1033 490 mali
1060 463 1070 489 :
1100 463 1152 491 an
1180 465 1349 511 separas
1380 467 1450 496 eos
1475 468 1498 497 a

112 516 257 575 justis,
285 531 392 577 quos
418 524 560 559 tamen
586 531 605 558 a
634 513 774 558 carnis
791 515 1102 561 resurrectione
1118 517 1234 564 felici
1255 537 1343 566 non
1366 537 1496 584 sepa-

118 589 216 632 ras?
242 585 388 641 Quare
408 601 506 644 ergo
541 588 762 644 justorum
787 601 972 648 corpora
996 588 1231 650 excepisti,
1261 589 1307 635 in
1338 591 1500 654 quibus

117 656 216 702 haec
244 655 353 701 mala
379 654 704 701 resurrectionis
734 667 1005 702 evacuantur
1033 656 1257 705 adventu?
1290 660 1325 705 si
1357 671 1502 707 autem

116 725 290 790 parvuli
315 735 497 789 propter
514 725 728 784 justitiam
747 724 928 771 secundi
949 727 1157 782 hominis,
1183 730 1260 792 qui
1277 746 1504 789 regenera-

118 796 247 843 tionis
269 806 332 842 cst
353 807 522 852 auctor,
551 795 820 860 deputantur
839 797 969 856 justi3
992 814 1071 844 cur
1091 816 1179 845 non
1201 810 1384 863 propter
1400 818 1503 864 pec-

119 877 266 913 catum
290 867 424 930 primi
441 867 650 924 hominiS,
677 867 755 932 qui
780 868 1068 928 generationis
1089 880 1150 915 est
1175 881 1347 925 auctor,
1363 870 1502 936 depu-

120 948 268 984 tantur
289 938 441 997 injusti
459 941 478 983 ἶ)

183 1009 382 1055 CXLIX.
414 1011 436 1053 J
444 1025 512 1055 UL.
541 1008 688 1054 «Ecce
714 1024 814 1068 ergo
838 1008 883 1054 in
902 1009 1077 1072 quantis
1100 1009 1310 1058 humanae
1331 1023 1502 1059 naturae

117 1081 400 1128 necessariam
425 1081 590 1128 Christi
627 1081 887 1127 medicinam
911 1082 1114 1131 fatemur.
1146 1085 1202 1130 At
1225 1086 1314 1130 scio
1351 1096 1391 1132 te
1420 1103 1504 1133 vo-

118 1151 402 1198 ciferaturum
424 1188 435 1209 ‚
463 1152 619 1198 cavillo
654 1162 794 1197 tecum
823 1152 905 1212 agi.
935 1153 1034 1198 Non
1058 1153 1174 1199 enim
1200 1154 1318 1201 hanc
1345 1166 1386 1201 te
1412 1173 1500 1202 me-

119 1221 423 1285 dicinam,qua
437 1222 698 1285 corporibus
711 1222 984 1279 subvenitur,
997 1222 1070 1268 sed
1083 1224 1259 1270 nomine
1274 1225 1505 1273 medicinae

119 1291 379 1351 significasse
423 1292 589 1336 Christi
624 1291 807 1351 gratiam
829 1327 840 1347 ‚
868 1308 1002 1355 quam
1042 1310 1065 1338 a
1097 1293 1224 1338 nobis
1259 1293 1507 1340 affirmabas

119 1361 280 1421 negari.
311 1360 379 1407 Ad
398 1361 518 1424 quod
551 1360 808 1425 responderi
833 1372 1004 1424 potest,
1029 1362 1110 1408 tibi
1132 1362 1220 1408 hoc
1251 1380 1337 1409 esse
1370 1364 1508 1411 ascri-

119 1431 315 1478 bendum
333 1470 345 1490 ‚
370 1433 446 1497 qui
473 1450 562 1478 rem
599 1449 731 1496 quam
757 1431 934 1479 volebas
968 1433 1177 1494 intelligi,
1200 1435 1393 1498 propriis
1421 1453 1507 1482 no-

120 1501 268 1548 luisses
290 1503 457 1563 signare
480 1502 746 1549 nominibus.
771 1502 856 1548 Sed
880 1503 984 1566 quia
1002 1503 1069 1550 vel
1090 1503 1211 1550 tarde
1234 1504 1508 1551 intellectum

121 1584 200 1629 est,
233 1590 364 1636 quam
383 1573 546 1619 diceres
569 1573 832 1619 medicinam
852 1610 864 1630 ,
891 1590 1027 1637 quam
1048 1573 1225 1621 confuse
1244 1592 1323 1621 nos
1355 1592 1512 1635 negare

122 1644 328 1690 mentitus
365 1662 483 1699 eras3
508 1643 849 1708 respondeamus
882 1654 923 1690 et
961 1645 1015 1691 ad
1050 1645 1137 1691 hoc
1163 1645 1285 1710 quod
1318 1645 1509 1692 secundo

119 1714 330 1772 intulisti,
375 1716 486 1761 sicut
512 1726 554 1761 et
596 1715 742 1778 primo
782 1732 911 1778 opere
951 1717 1179 1779 protestati
1213 1733 1361 1763 sumus
1390 1734 1401 1761 z
1430 1733 1509 1762 nos

123 1785 304 1843 gratiam
332 1785 528 1841 Christi,
568 1785 609 1830 id
650 1796 712 1831 est
732 1822 743 1841 ‚
773 1785 994 1848 baptisma
1014 1822 1024 1842 ,
1059 1804 1105 1832 ex
1135 1803 1224 1850 quo
1255 1787 1389 1832 ritum
1415 1790 1510 1846 eJus

125 1855 326 1900 Christus
350 1855 538 1902 instituit
558 1893 568 1912 ,
595 1856 655 1901 ita
676 1856 960 1901 necessariam
979 1857 1184 1902 omnibus
1207 1857 1253 1902 in
1274 1873 1508 1902 commune

124 1926 325 1971 aetatibus
347 1926 570 1982 confiteri,
592 1936 641 1971 ut
664 1926 934 1989 quicumque
953 1942 1046 1971 eam
1078 1926 1228 1973 utilem
1256 1927 1384 1972 etiam
1405 1943 1508 1990 par-

124 1995 236 2041 vulis
255 2006 394 2056 negat,
415 2007 576 2042 aeterno
604 1995 808 2041 feriamus
831 1996 1119 2042 anathemate.
1138 2018 1159 2038 >³

191 2067 309 2112 Auo.
339 2068 400 2111 De
416 2066 631 2112 medicina
656 2065 843 2125 agimus,
871 2083 958 2130 quo
984 2066 1161 2113 nomine
1186 2065 1390 2112 Christus
1407 2083 1503 2126 gra-

126 2135 232 2182 tiam
255 2153 378 2182 suam
395 2137 542 2183 vocari
569 2135 710 2181 voluit
729 2172 740 2192 ‚
777 2135 855 2181 ubi
881 2137 942 2181 ait
969 2135 1023 2181 de
1050 2153 1092 2182 se
1120 2136 1240 2199 ipso,
1276 2156 1297 2177 <c
1323 2136 1421 2182 Non
1446 2145 1509 2181 est

126 2227 147 2247 »
168 2223 279 2270 opus
295 2207 407 2252 sanis
421 2206 635 2264 medicus,
655 2205 726 2252 sed
749 2205 860 2252 male
878 2205 1193 2253 habentibus1.
1221 2226 1242 2247 >2
1260 2205 1346 2251 Vos
1366 2216 1512 2252 autem

125 2277 307 2336 gratiam
347 2277 512 2323 Christi
550 2294 638 2323 non
675 2287 858 2341 propter
897 2276 1110 2323 sanandos
1146 2275 1388 2340 parvulos,
1435 2277 1511 2323 sed

127 2358 307 2411 propter
329 2348 601 2412 adoptandos
633 2348 679 2394 in
709 2363 893 2407 regnum
919 2347 997 2393 Dei
1030 2346 1336 2393 tantummodo
1357 2347 1414 2393 eis
1441 2347 1510 2393 di-

127 2419 223 2464 citis
248 2421 544 2465 necessariam.
576 2418 678 2465 Noli
695 2435 795 2479 ergo
813 2429 854 2465 te
882 2418 1218 2483 respondentem
1246 2417 1404 2475 facere,
1431 2417 1513 2466 ubi

127 2489 247 2535 vides
265 2500 304 2535 te
326 2489 584 2553 respondere
606 2506 693 2536 non
719 2506 857 2553 posse.

195 2560 284 2606 CL.
310 2564 332 2606 J
341 2577 410 2606 UL.
440 2560 603 2618 «Quod
629 2577 726 2606 cum
751 2558 900 2607 lueida
926 2559 1194 2623 professione
1218 2557 1508 2613 inculcemu5‚

179 2643 190 2664 ¹
211 2645 310 2674 Marc.
332 2654 370 2681 ιι,
393 2654 446 2682 ¹7-
