1824 3236
137 247 292 277 OPERIS
328 244 591 276 memnon
629 242 804 274 CONTRA
839 228 1086 283 JULIANUM,
1127 245 1213 274 Lm.
1255 243 1297 273 v.
1373 226 1466 289 305

89 311 175 358 Sed
198 310 319 375 quod
342 311 388 356 in
411 313 502 370 ejus
531 308 738 372 progenie
764 308 875 354 mala
904 319 1021 354 tauta
1051 320 1094 354 et
1121 319 1208 354 tam
1245 307 1470 355 manifesta

89 382 409 446 conspicimus,
438 397 526 426 non
546 378 792 426 voluntaria
811 379 1061 434 hominum,
1088 380 1160 425 scd
1186 397 1286 425 cum
1310 379 1473 442 quibus

89 454 179 501 nati
197 465 320 510 sunt,
349 469 449 499 cum
473 469 520 496 ea
544 451 690 511 venire
714 449 766 495 do
790 450 939 495 vitiata
959 468 1036 513 per
1054 462 1283 513 peccatum
1308 450 1472 509 origine

90 542 166 571 vos
197 524 384 584 negatis,
412 520 610 585 profecto
639 520 693 566 ad
725 531 924 566 naturam
954 521 1052 566 mali
1077 520 1441 566 introducendam
1461 557 1471 574 ,

91 599 215 655 cujus
233 593 538 640 commixtione
570 591 648 636 Dei
676 602 831 636 natura
855 602 1062 654 corrupta
1096 591 1176 647 sit,
1202 601 1411 654 tanquam
1430 590 1475 635 in

93 683 187 714 arce
223 664 522 711 Manichae‘um
560 662 736 708 haeresis
768 672 908 708 vestra
945 662 1173 707 constituit
1191 698 1201 718 ‚
1239 679 1285 706 ex
1311 678 1397 725 qua
1436 671 1478 706 et

91 736 217 783 illum
245 735 375 781 simul
395 745 437 780 et
455 751 530 780 vos
553 733 710 779 veritas
733 732 896 793 dejicit.

146 806 236 852 LV.
253 806 352 852 JUL.
374 826 393 847 α
410 805 646 851 Patiuntur
669 803 785 849 hanc
810 819 957 848 omnes
979 802 1282 862 ignominiam,
1305 801 1383 864 qui
1403 801 1476 846 in-

94 878 249 924 dicunt
262 876 435 924 veritati
455 875 635 922 bellum.
660 875 747 920 Nos
767 892 867 934 crgo
883 873 1004 938 quod
1021 873 1185 933 egimus
1201 872 1472 932 colligamus,

95 949 323 1006 Quaeritur
343 947 459 993 unde
484 947 556 992 illa
579 946 722 1010 prima
737 946 938 992 voluntas
959 944 1070 990 mala
1086 945 1131 990 in
1153 944 1330 989 homine
1350 942 1480 988 fuerit

95 1021 269 1065 exorta?
295 1017 630 1081 Respondemus
655 1035 678 1061 a
705 1027 826 1062 motu
849 1015 997 1070 animi,
1021 1025 1201 1074 cogente
1226 1013 1360 1059 nullo.
1388 1013 1482 1058 Ob-

89 1091 243 1152 jicitur
256 1127 267 1146 ,
288 1090 333 1136 Si
352 1091 397 1135 in
416 1106 545 1152 opere
571 1088 644 1133 Dei
664 1088 899 1151 apparuit?
922 1086 1191 1132 Assentimur
1207 1101 1359 1132 verum
1375 1101 1475 1130 esse.

97 1163 295 1221 Rogatus
311 1159 534 1224 quomodo
568 1158 615 1204 id
649 1176 735 1204 non
763 1159 1034 1212 abnuamus,
1063 1157 1138 1220 qui
1174 1172 1378 1215 negamus
1402 1171 1485 1199 na-

102 1232 238 1278 turale
278 1233 540 1295 peccatum?
576 1230 938 1293 Respondemus,
968 1227 1072 1291 quia
1105 1228 1152 1273 in
1190 1243 1319 1289 opere
1355 1226 1431 1270 Dei
1461 1243 1484 1269 a

98 1303 295 1367 possibili
325 1302 464 1347 existit
490 1311 722 1364 peccatum
740 1299 858 1346 istud
878 1336 888 1355 ,
913 1317 1000 1344 non
1021 1317 1044 1344 a
1067 1297 1320 1343 necessario.
1341 1296 1485 1340 Natu-

100 1374 209 1421 ralia
236 1390 337 1433 ergo
360 1369 597 1418 necessaria
622 1381 750 1428 sunt,
780 1370 1006 1434 possibilia
1028 1379 1171 1414 autem
1195 1366 1453 1413 voluntaria.

168 1447 282 1491 Aue.
317 1445 431 1490 Sunt
464 1454 506 1490 et
532 1443 776 1490 voluntaria
810 1442 1074 1496 necessaria,
1110 1440 1223 1485 sicut
1248 1438 1362 1484 beati
1401 1454 1487 1481 csse

103 1516 303 1562 volumus
320 1553 331 1571 ,
361 1526 402 1561 et
425 1532 594 1560 necesse
611 1525 674 1559 cst
694 1525 741 1559 ut
761 1513 969 1560 velimus:
992 1522 1094 1558 sunt
1108 1521 1149 1555 et
1162 1509 1385 1574 possibilia
1407 1526 1459 1552 na.
1480 1536 1486 1539 -

103 1587 288 1641 turalia3
325 1587 386 1633 sic
411 1585 617 1650 possibile
640 1596 702 1630 est
732 1584 846 1630 enim
872 1595 920 1629 ut
944 1582 1168 1645 concipiat
1190 1580 1369 1626 foemina
1390 1595 1489 1641 qua}

103 1658 363 1704 concumbit
387 1674 487 1702 cum
511 1656 604 1702 viro
639 1656 726 1702 suis
752 1666 794 1701 et
816 1654 932 1701 illius
958 1653 1222 1714 genitalibus
1252 1649 1457 1696 membris
1477 1686 1486 1701 ,

105 1729 138 1774 si
159 1745 238 1774 nec
257 1727 350 1791 ipsa
374 1727 528 1777 sterilis
552 1728 630 1778 sit„
657 1743 733 1772 nec
756 1725 853 1782 ille3
879 1725 953 1770 scd
977 1741 1066 1770 non
1089 1733 1151 1768 est
1175 1720 1487 1766 necessarium:

106 1799 198 1845 fieri
215 1798 381 1862 quippe
400 1808 562 1862 potest,
584 1797 657 1843 sed
681 1814 849 1842 necesse
866 1813 954 1841 non
972 1805 1058 1847 est;
1081 1805 1123 1839 et
1141 1803 1284 1838 tamen
1299 1789 1493 1836 naturale

107 1881 184 1918 est,
212 1870 346 1925 Tace,
369 1870 550 1915 obsecro
573 1887 581 1914 :
603 1884 729 1914 vanae
753 1877 856 1912 sunt
877 1865 1172 1921 definitiones3
1193 1879 1274 1908 nec
1292 1860 1487 1914 subtiles,

108 1940 181 1987 sed
200 1941 388 2004 pueriles
411 1940 644 1986 divisiones
667 1949 772 1985 tuae.

175 2011 290 2058 LVI.
323 2012 428 2058 JUL.
461 2032 481 2052 c<
501 2012 562 2056 Ac
582 2027 658 2074 per
673 2009 761 2055 hoc
779 2045 791 2065 ,
819 2019 867 2054 ut
887 2018 1069 2071 peccato
1095 2004 1232 2052 motui
1251 2003 1409 2056 libem,
1438 2001 1492 2045 ita

110 2092 312 2129 naturam
334 2085 429 2128 Deo
447 2082 708 2128 ascribimus
732 2078 965 2128 conditori.
994 2079 1070 2123 Est
1090 2077 1222 2137 igitur
1243 2083 1399 2120 natura
1412 2071 1496 2118 hu-

111 2171 240 2205 mana
264 2154 433 2203 bonum
453 2169 564 2217 opus
585 2152 664 2202 Dei
687 2172 698 2206 ;
725 2161 788 2196 est
814 2150 990 2196 libertas
1012 2147 1203 2202 arbitrii,
1230 2144 1276 2191 id
1296 2153 1375 2200 est,
1400 2157 1499 2205 pos-

113 2224 296 2271 sibilitas
311 2224 380 2270 vel
397 2222 709 2288 delenquendi,
732 2220 799 2268 vel
818 2231 932 2266 recte
952 2218 1159 2274 faciendi,
1182 2216 1352 2263 bonum
1377 2228 1499 2274 aequc

114 2311 225 2359 opus
237 2294 332 2342 Dei.
351 2295 599 2359 Utrumque
609 2294 697 2340 hoc
708 2292 919 2339 hominia
935 2288 1171 2337 necessario
1185 2285 1327 2335 venit:
1345 2293 1499 2329 neutra

114 2366 169 2416 de
191 2365 260 2412 his
285 2364 458 2418 duabus
469 2365 599 2411 rebus
619 2363 724 2411 mali
747 2373 963 2410 causaest.
985 2360 1072 2407 Sed
1082 2360 1174 2406 huc
1198 2372 1334 2420 usque
1351 2370 1502 2400 neces-

116 2437 226 2491 saria
249 2436 324 2490 illa
350 2447 587 2487 venerunt-t
605 2440 699 2497 jam
720 2434 921 2483 voluntas
944 2433 1125 2498 quidem
1142 2431 1188 2479 in
1204 2429 1275 2481 his
1291 2425 1498 2481 exoritur,

117 2507 191 2564 Sed
203 2525 291 2554 non
303 2507 358 2563 de
371 2508 454 2560 his,
479 2507 673 2572 Capacia
686 2506 922 2562 voluntatis
938 2515 1040 2552 sunt
1057 2502 1225 2568 quippe
1237 2515 1324 2545 non
1335 2496 1466 2562 plena
1483 2515 1494 2549 ;

118 2596 198 2626 nec
225 2578 421 2638 faciunt,
441 2579 514 2626 sed
538 2577 762 2644 accipiunt
789 2576 1082 2632 diversitatem
1111 2572 1382 2628 meritorum·
1408 2585 1433 2610 ’³
