1863 3262
192 296 349 325 ominis
387 291 647 325 mvi-zaram:
685 291 859 320 CONTRA
897 292 1141 324 smmum.
1184 293 1270 322 mn.
1319 293 1372 321 iv.
1429 276 1520 336 947

150 359 325 422 quidem
349 359 505 412 causis,
531 367 670 401 tamen
689 366 828 419 potest
850 365 1085 420 utrumque
1113 375 1122 402 :
1146 375 1242 402 uam
1264 356 1353 401 sine
1375 354 1527 402 voluu-

151 440 237 475 tate
261 446 347 475 non
368 438 508 492 potest
531 443 635 482 csse,
661 426 762 489 quia
786 426 874 472 sine
900 427 1124 473 voluntate
1151 445 1238 473 non
1264 436 1404 489 potest
1420 425 1531 471 exis-

150 510 235 545 tere
260 510 307 544 ut
327 499 408 552 sit3
447 497 537 542 sine
564 507 705 543 autem
737 496 960 542 voluntate
985 508 1127 560 potest
1151 515 1238 543 esse
1256 534 1266 553 ,
1305 497 1407 559 qnia
1444 495 1533 541 sine

150 570 374 617 voluntate
396 578 540 632 potest
566 584 738 613 manere
762 567 879 630 quod
899 568 1051 614 existit.

215 641 337 687 (2111.
365 640 463 686 JUL.
492 661 510 679 «ι
536 640 594 684 Ut
616 638 908 685 conditionem
931 656 1051 685 suam
1070 638 1322 684 conditione
1342 653 1417 683 sua
1429 655 1534 700 per-

150 710 252 766 dat,
281 720 324 755 et
346 710 400 755 sit
419 710 581 772 absque
599 708 703 764 hoc,
731 709 820 754 sine
844 725 930 772 quo
948 725 1035 755 non
1051 725 1175 771 posse
1196 725 1282 754 esse
1303 707 1535 753 definitum

150 791 228 828 est.
256 781 351 826 Hoc
391 790 454 826 est
490 779 678 825 inficiari
700 780 846 827 rebus,
880 779 1000 836 Quid
1028 779 1112 825 tale
1138 781 1407 838 Anaxagoras
1425 815 1435 834 ,
1461 778 1537 841 qui

151 851 296 898 nivem
341 851 507 911 nigram
544 867 631 895 esso
668 849 876 896 dicebat?
905 852 1226 896 Commentaris
1256 849 1315 894 rei
1353 847 1538 907 alicujus

151 932 351 967 naturam
375 921 462 967 suis
499 920 719 966 fructibus
742 922 887 981 negari
913 939 923 966 :
957 937 1147 984 cumque
1182 919 1236 965 sit
1265 919 1536 964 contrarium

152 991 377 1038 necessitas
405 1001 447 1036 et
468 989 670 1037 voluntas
691 1027 702 1047 ,
740 992 798 1037 ita
823 1001 872 1037 ut
889 1028 900 1040 .
937 992 1050 1037 sicut
1075 1007 1208 1054 supra
1234 989 1501 1035 ostendimus
1523 1025 1534 1043 ‚

153 1072 306 1108 mutua
323 1078 365 1106 se
402 1061 729 1125 impugnatione
747 1072 1034 1116 consumant;
1063 1073 1108 1108 tu
1134 1078 1248 1107 novo
1265 1059 1539 1123 inpossibili-

154 1150 240 1197 que
257 1131 422 1178 foedere
449 1150 498 1178 ac
524 1132 839 1178 necessitudine
860 1143 1130 1179 monstruosa
1160 1133 1340 1178 alterum
1366 1130 1541 1177 alterius

156 1203 307 1249 subdis
324 1203 494 1249 effectui
514 1240 524 1258 ,
551 1213 592 1248 et
611 1202 720 1249 dicis
739 1204 1031 1250 necessitatem
1060 1204 1114 1249 de
1136 1203 1355 1248 fructibus
1378 1201 1540 1247 volun-

156 1275 255 1322 tatis
274 1284 484 1329 exortam,
505 1285 552 1318 ut
568 1273 768 1319 voluntas
782 1291 857 1320 sua
878 1292 920 1320 se
939 1275 1302 1338 multiplicatione
1316 1272 1540 1329 deleverit,

155 1354 198 1390 et
223 1353 381 1389 statum
419 1343 649 1406 proprium
685 1355 864 1406 operata
896 1345 1160 1397 mutaverit3
1195 1354 1324 1407 atque
1342 1381 1353 1399 ,
1379 1352 1427 1388 ut
1451 1359 1542 1388 rem

155 1415 296 1478 ipsam
330 1414 418 1459 suis
444 1413 669 1460 vocabulis
693 1415 987 1477 exprimamus
1003 1452 1012 1467 ‚
1037 1426 1267 1478 postquam
1295 1414 1436 1477 coepit
1460 1430 1544 1458 vo·-

157 1485 302 1531 luntas
322 1500 410 1529 esse
427 1521 438 1541 ,
458 1483 655 1529 voluntas
673 1500 760 1529 6556
781 1484 967 1531 desierit.
997 1485 1098 1541 Quo
1116 1485 1223 1549 quid
1245 1495 1385 1548 potest
1406 1521 1416 1540 ,
1453 1500 1543 1528 non

157 1555 258 1601 dico
283 1555 531 1609 obtunsius‚
563 1554 635 1600 sed
671 1554 875 1601 furiosius
911 1557 1119 1616 cogitari?
1156 1557 1266 1601 Cum
1303 1572 1403 1615 ergo
1443 1554 1543 1599 haec

159 1625 248 1671 duo
273 1625 402 1671 simul
419 1642 503 1670 esse
523 1642 610 1670 non
630 1626 811 1688 possint,
842 1626 884 1672 id
911 1637 990 1683 est,
1017 1628 1243 1673 necessitas
1262 1626 1359 1672 haee
1383 1623 1568 1671 volun-'

158 1706 248 1752 tas,
272 1706 406 1759 tuque
430 1696 752 1741 confirmaveris
776 1696 895 1759 quod
923 1696 1108 1743 diximus
1127 1735 1137 1753 ,
1181 1715 1268 1742 non
1302 1713 1425 1759 posse
1457 1712 1544 1741 esse

159 1766 251 1812 sine
275 1765 500 1812 voluntate
525 1765 753 1822 delictum,
783 1768 1025 1813 assentiaris
1051 1785 1226 1831 quoque
1261 1784 1350 1812 non
1380 1783 1465 1811 esse
1500 1765 1544 1810 in

159 1836 355 1900 parvulis
379 1835 649 1882 voluntatem
683 1854 693 1882 :
727 1848 930 1884 contorto
961 1849 1137 1898 gutture
1160 1838 1325 1897 cogeris
1359 1852 1547 1882 annuere

161 1907 333 1953 nullum
353 1907 398 1952 in
431 1907 501 1952 his
534 1924 620 1952 esse
643 1919 902 1970 peccatum,
933 1909 1052 1971 quod
1088 1910 1177 1954 sine
1203 1908 1426 1955 voluntate
1459 1923 1548 1952 non

162 1993 287 2040 posse
310 1993 396 2022 esse
419 1976 634 2038 professus
658 1994 714 2023 es.
738 1999 758 2019 ›>

228 2047 342 2093 Aue.
375 2047 681 2092 Necessitatem
703 2058 746 2093 et
769 2047 1038 2094 voluntatem
1060 2048 1189 2094 simul
1218 2065 1405 2094 essenon
1425 2062 1549 2110 posse

163 2134 252 2165 non
277 2116 459 2172 diceres,
482 2117 515 2162 si
531 2117 610 2162 tibi
631 2117 810 2164 daretur
827 2135 949 2164 nosse
967 2119 1086 2182 quod
1106 2119 1284 2164 diceres.
1306 2123 1416 2163 (jum
1433 2117 1548 2162 enim

164 2188 219 2237 sit
241 2187 456 2234 moriendi
482 2189 725 2244 necessitas,
755 2188 852 2252 quis
869 2201 994 2250 neget
1014 2190 1135 2253 quod
1157 2190 1294 2252 possit
1314 2205 1399 2233 esse
1421 2199 1459 2232 et
1474 2204 1550 2232 vo-

165 2257 340 2304 luntas?
362 2257 487 2303 Unde
508 2257 566 2303 ait
593 2259 827 2322 Apostolus
846 2296 856 2313 ‚
883 2260 1282 2323 concupiscentiam
1311 2276 1354 2304 se
1387 2258 1550 2303 habere

166 2327 370 2383 dissolvi,
397 2337 438 2373 et
471 2344 558 2373 esse
591 2345 692 2374 cum
729 2328 907 2375 Christo
923 2328 954 2376 1.
990 2331 1103 2376 Cum
1140 2346 1240 2388 ergo
1274 2328 1368 2374 vult
1404 2327 1547 2383 mori,

167 2415 297 2462 quem
323 2413 491 2443 necesse
506 2409 568 2443 est
591 2399 719 2455 mori,
737 2399 864 2444 simul
889 2410 990 2445 sunt
1005 2400 1232 2445 necessitas
1252 2409 1294 2444 et
1310 2397 1510 2443 voluntas
1536 2414 1546 2441 ε

167 2467 289 2532 quod
313 2478 360 2513 tu
383 2468 475 2512 fieri
501 2485 624 2530 posse
649 2485 758 2514 vana
782 2469 1029 2526 voluntate,
1054 2469 1173 2515 nulla
1195 2468 1442 2514 necessitate
1471 2484 1550 2512 ne-

170 2555 358 2599 gaveras.
405 2536 536 2593 Quod
561 2548 706 2584 autem
740 2539 815 2584 fiat
842 2539 972 2585 etiam
1004 2558 1050 2586 ex
1077 2539 1301 2587 voluntate
1323 2538 1552 2584 necessitas

220 2620 230 2642 ¹
251 2619 364 2662 Philip.
391 2629 420 2658 1,
441 2621 496 2652 23.
