1863 3262
154 258 310 287 ovinus
348 257 609 287 JMPERFECTI
647 255 823 289 cossim
858 257 1105 296 summum,
1149 259 1233 287 mn.
1279 260 1337 289 iv.
1394 244 1484 305 239

109 333 157 367 ut
180 322 396 368 verissime
421 322 581 370 diceret
605 322 789 366 Sanctus
818 338 828 364 ε
858 341 876 360 α
902 321 951 364 ln
976 321 1280 384 iniquitatibus
1300 340 1486 387 concep-

109 413 124 432 n
141 402 208 437 tus
229 391 370 438 sum1.
391 414 408 433 ι»
427 393 481 436 Et
501 390 609 436 alius
637 389 788 435 itidem
821 396 1004 434 &anctus
1028 407 1037 434 :
1057 412 1069 428 ι-
1090 392 1198 446 Quis
1217 393 1330 438 enim
1352 410 1484 438 mun-

106 485 122 504 »
139 463 221 508 dus
239 473 301 511 est
323 480 344 508 a
365 462 517 507 sorde?
536 477 615 507 nec
628 460 769 505 infans
788 464 913 519 cujus
931 470 994 505 est
1009 461 1134 506 unius
1153 462 1238 507 diei
1256 464 1340 508 vita
1354 481 1485 527 super

108 555 123 583 ,n
140 544 296 588 terram
307 532 341 579 ².
371 554 385 569 ν
402 532 510 577 Haec
543 530 714 594 eloquia
738 530 930 577 veritatis
959 531 1229 578 subsannant
1253 534 1483 580 vanitatem

106 603 382 668 loquacitatis
408 613 511 652 tuae.

171 674 291 723 XCI.
318 673 417 719 JUL.
448 695 467 714 α
490 673 586 736 Qua
601 689 699 732 ergo
720 683 767 718 tu
787 671 1061 735 impudentia
1075 682 1116 718 et
1143 673 1362 737 approbas
1382 691 1476 720 sen-

108 743 284 794 teutiam
320 760 459 797 meam
477 780 487 799 ‚
524 753 564 788 et
603 753 723 793 tuum
751 742 908 802 dogma
934 760 1022 787 non
1047 742 1233 797 deseris3
1259 761 1359 789 cum
1384 763 1484 790 sen-

108 814 253 860 tentiae
275 815 499 878 utriusque
521 815 658 878 partis
680 815 740 860 ita
762 814 883 859 nullo
903 813 1243 877 possintsoedere
1263 817 1481 879 copulari,

109 896 157 931 ut
187 886 509 932 enuntiatorum
542 887 743 949 opposita
779 886 941 948 pariter
964 902 1050 930 non
1077 887 1347 950 participant
1370 889 1487 933 veri-

107 956 212 1002 tati?
226 956 458 1012 Quomodo
478 974 577 1016 ergo
592 974 667 1015 ego
683 957 716 1002 si
731 955 1014 1001 consentirem
1027 956 1223 1002 naturale
1238 974 1485 1021 cssepecca-

107 1021 220 1082 tum,
231 1043 398 1078 necesse
411 1037 498 1072 erat
512 1026 808 1073 utdeciderem
824 1025 984 1084 dejure
999 1028 1239 1082 sentcntiae,
1255 1045 1355 1090 quae
1373 1045 1487 1092 prae-

107 1099 276 1155 scribit,
295 1099 432 1145 nisiin
449 1099 672 1144 voluntate
686 1098 822 1144 libera
841 1109 1071 1161 peccatum
1093 1116 1178 1145 6556
1201 1117 1287 1145 non
1322 1118 1445 1164 posse
1471 1119 1480 1146 :

106 1170 167 1220 ita
181 1180 230 1215 tu
241 1187 263 1215 e
274 1174 444 1230 regione
460 1170 730 1216 consentiens
740 1169 922 1214 mehene
934 1169 1100 1224 dixisse,
1113 1171 1188 1233 qui
1207 1171 1487 1233 pronuntiavi

108 1241 282 1291 nullum
317 1258 404 1287 6556
419 1241 508 1287 sine
530 1241 753 1287 voluntate
773 1251 1028 1303 peccatum,
1058 1241 1232 1300 rejicere
1262 1242 1404 1287 statim
1436 1242 1489 1294 de

108 1311 244 1360 buisti
259 1311 374 1357 illam
384 1312 663 1375 opinionem,
678 1329 763 1375 qua
772 1322 1003 1374 peccatum
1020 1311 1214 1358 naturale
1229 1312 1448 1360 credebas,
1467 1336 1486 1354 »

174 1383 293 1439 ΑΗΕ.
337 1382 468 1438 Aliud
498 1393 559 1428 est
587 1383 676 1427 sine
704 1381 931 1428 voluntate
971 1380 1111 1426 libera
1140 1393 1370 1444 peccatum
1402 1399 1488 1428 6556

108 1470 194 1498 non
215 1470 365 1516 posse,
389 1453 507 1517 quod
543 1464 584 1498 et
609 1470 685 1498 nos
709 1452 922 1507 dicimus,
961 1452 1063 1515 quia
1094 1469 1171 1498 nec
1190 1453 1380 1513 orignalc
1401 1470 1488 1499 esse

108 1524 319 1587 potuisset
351 1524 441 1574 sine
469 1524 602 1587 primi
638 1523 828 1568 hominis
859 1522 994 1567 libera
1028 1522 1281 1577 voluntate;
1307 1533 1348 1568 et
1371 1523 1490 1569 aliud

109 1605 194 1650 est,
216 1594 438 1657 quomodo
463 1595 554 1657 ipse
574 1594 715 1639 dixisti
735 1631 744 1648 ‚
772 1615 791 1633 «
815 1593 904 1638 [sisi
926 1593 971 1638 in
990 1592 1212 1638 voluntate
1231 1593 1368 1647 libera
1386 1611 1489 1657 pec-

110 1675 257 1710 catum
289 1681 374 1717 6556
407 1681 497 1709 non
519 1681 667 1728 posse,
691 1686 710 1705 n
737 1663 857 1726 quod
891 1680 979 1708 non
1014 1663 1310 1711 concedimus.
1342 1665 1490 1724 Origi-

110 1734 207 1786 nale
249 1751 438 1797 namque
473 1745 701 1797 peccatum
757 1750 844 1778 non
880 1744 942 1780 (st
974 1733 1019 1778 in
1062 1733 1285 1779 xoluntate
1315 1752 1492 1781 nascen-

115 1805 195 1859 tis;
232 1804 305 1856 sed
346 1822 484 1883 neque
527 1805 573 1850 in
608 1805 702 1868 ipsa
736 1815 797 1849 est
837 1803 1060 1849 voluntate
1103 1804 1237 1866 primi
1280 1805 1488 1862 hominis,

112 1875 311 1939 quamvis
333 1875 422 1920 sine
446 1875 539 1938 ipsa
561 1892 646 1920 6556
670 1892 758 1920 nou
783 1885 941 1936 posset.
981 1872 1115 1918 Aliud
1147 1885 1209 1918 est
1242 1892 1365 1935 ergo,
1393 1877 1493 1921 Non

112 1954 255 2009 potest
277 1961 364 1990 6556
397 1947 486 1990 sine
519 1945 740 1990 voluntite
780 1953 1038 2007 peccatum3
1070 1953 1112 1987 et
1137 1942 1253 1988 aliud
1275 1957 1363 2000 est,
1396 1946 1493 1990 Non

111 2025 254 2079 potest
280 2031 366 2060 6556
397 2015 478 2061 nisi
508 2015 554 2065 in
581 2013 804 2060 voluntate
835 2022 1083 2076 peccatum.
1127 2013 1276 2076 'Neque
1313 1981 1426 2060 e1iim
1461 2017 1495 2061 si

112 2095 228 2141 recte
255 2084 473 2141 dicimus,
516 2085 616 2130 Sine
652 2093 869 2144 conceptu
907 2092 1059 2145 partus
1099 2099 1187 2127 non
1209 2095 1354 2146 potest
1375 2103 1489 2142 esse,

110 2155 210 2207 ideo
233 2156 362 2202 etiam
381 2167 496 2202 recte
514 2156 694 2211 dicitur,
721 2155 813 2200 Nisi
834 2154 879 2199 in
898 2164 1115 2217 conceptu
1134 2165 1285 2218 partus
1306 2173 1394 2202 non
1414 2174 1494 2220 po-

115 2236 194 2272 test
216 2243 315 2272 esse.
338 2226 423 2272 Sed
443 2227 529 2276 hoc
547 2226 605 2271 ita
630 2235 691 2270 est
710 2224 929 2270 diversum
945 2261 956 2280 ‚
986 2234 1034 2269 ut
1052 2241 1191 2288 neque
1208 2226 1253 2270 in
1277 2239 1494 2290 conceptu

112 2306 290 2361 partUS,
317 2314 458 2361 neque
481 2298 526 2342 in
543 2307 672 2361 partu
702 2295 839 2359 possit
861 2311 947 2341 6556
967 2305 1221 2359 conceptus.
1258 2298 1495 2352 Peccatum

113 2384 216 2423 vero
249 2366 294 2417 in
324 2366 547 2425 voluntate
581 2377 723 2430 potest
749 2383 864 2418 6556,
901 2365 1013 2411 sicut
1052 2364 1137 2416 fuit
1172 2366 1322 2427 primis
1351 2367 1495 2415 homi-

115 2437 207 2491 nis3
227 2447 370 2500 potest
392 2438 522 2483 etiam
545 2454 635 2486 non
656 2437 702 2481 in
726 2435 968 2491 voluntate,
990 2435 1102 2488 sicut
1122 2436 1331 2496 originale
1348 2444 1498 2500 cujus-

117 2524 304 2573 cumque
319 2508 555 2565 nascentis,
579 2505 698 2572 quod
723 2507 902 2551 omnino
921 2516 982 2558 est
1004 2505 1050 2551 in
1075 2505 1297 2564 voluntate
1316 2509 1495 2569 nullius;

140 2589 150 2610 ¹
183 2589 264 2622 Psat.
281 2600 312 2628 11,
335 2601 366 2629 7.
398 2588 558 2622 ——2Job.
584 2598 652 2631 xiv,
674 2596 705 2628 4,
724 2590 814 2631 juxta
833 2600 908 2621 Lxx.
