1863 3262
174 300 333 331 orlatus
369 297 632 330 mpnnrsscn
669 296 842 327 CONTRA
877 296 1121 339 summum,
1160 300 1246 330 ΜΒ.
1290 301 1360 332 111.
1410 288 1495 343 143

124 375 196 426 gat
226 364 432 428 parvulos
467 362 641 409 credere
675 379 753 424 per
781 378 852 406 ora
887 362 1144 420 gestantium
1164 401 1174 419 ,
1210 377 1333 425 neget
1356 383 1424 413 eos
1458 380 1501 414 et

125 436 323 498 accipere
343 433 611 497 baptismum
629 469 640 489 ,
664 433 767 496 quia
784 432 829 477 in
854 431 1056 477 manibus
1080 435 1339 493 gestantium
1360 439 1499 485 reluc-

125 516 291 553 tantur.

191 576 283 622 CC.
312 574 411 621 Jnr„
440 595 461 616 «
483 573 568 620 Sed
587 573 694 620 adeo
709 572 821 621 mala
840 590 930 619 non
950 583 1040 631 est,
1062 584 1111 620 ut
1129 575 1211 621 nisi
1231 576 1503 628 Manichaeus

125 663 221 692 eam
247 662 448 692 accusare
475 663 563 692 non
587 645 737 709 possit.
771 665 791 687 ›>

190 717 303 763 AUG.
348 716 623 762 Manichaeus
642 732 742 776 ergo
762 714 868 761 dixit
889 732 898 759 ε
925 714 1088 761 Omnes
1105 716 1187 763 sub
1211 730 1393 781 peccato
1412 738 1506 767 nas-

125 787 283 844 cimur,
318 803 507 850 quorum
545 787 637 850 ipse
670 798 787 832 ortus
826 786 872 831 in
904 785 1015 831 vitio
1041 790 1136 833 est?
1172 788 1255 834 Sed
1291 791 1505 854 quiahoc

127 856 235 903 dixit
259 825 416 903 doctus
448 867 489 902 et
513 857 669 902 doctor
698 855 968 912 catholicus,
996 856 1105 919 quid
1129 875 1171 904 es
1194 859 1275 905 nisi
1299 860 1508 926 deceptus

131 938 174 974 et
196 927 403 990 deceptor
422 926 709 973 hae1eticus1.
699 931 718 958 ὗ

194 997 310 1043 CCI.
342 998 442 1044 Jns„
470 1018 491 1039 «
509 999 619 1057 Ego,
641 997 810 1060 inquit,
831 1007 974 1042 tamen
992 1014 1080 1044 non
1100 1015 1195 1045 sum
1216 1001 1505 1061 Manichaeus‚

128 1067 312 1133 quieam
328 1066 506 1113 absolvo
521 1068 688 1124 verbis,
718 1079 760 1113 et
780 1068 1024 1113 condemno
1044 1069 1237 1128 J'udiciis.
1262 1094 1282 1114 ))

195 1141 310 1186 Aua.
336 1140 406 1184 Tu
420 1155 512 1184 eam
530 1138 991 1198 condemnasjudicio‚
1013 1150 1054 1184 et
1074 1140 1161 1187 hoc
1179 1141 1331 1206 iniquo
1345 1180 1357 1200 ,
1379 1162 1511 1208 quam

131 1209 246 1256 mala
274 1219 394 1254 tanta
411 1209 476 1254 vis
497 1210 667 1273 perpeti
687 1210 776 1255 sine
789 1209 944 1255 merito
957 1210 1084 1257 malo.

195 1281 334 1327 CCII.
366 1281 465 1326 Jnr„
491 1301 513 1322 «
542 1280 663 1337 Quid
688 1281 822 1340 igitur
849 1281 925 1325 hic
946 1281 1140 1343 primum
1168 1300 1363 1330 accusem
1382 1322 1391 1340 ‚
1422 1286 1510 1332 im-

130 1350 392 1416 pudentiam
415 1351 663 1395 mentientis
679 1387 689 1406 ,
717 1350 945 1396 libidinem
968 1350 1257 1414 disputantis,
1284 1372 1337 1400 an
1361 1356 1513 1419 profa-

131 1421 311 1470 nitatem
332 1431 421 1466 tam
441 1437 581 1484 *prava
603 1420 845 1467 credentis?
866 1421 1004 1467 Nobis
1022 1432 1163 1467 tamen
1184 1424 1375 1486 intelligo
1395 1438 1515 1473 uten-

133 1492 241 1540 dum
265 1491 505 1554 Prophetae
535 1509 621 1537 esse
649 1492 794 1539 verbis
816 1510 825 1537 :
852 1513 873 1533 «
893 1493 1014 1537 Beati
1050 1509 1198 1539 sumus
1223 1496 1383 1554 Israel,
1413 1499 1516 1561 quia

135 1584 162 1606 n
177 1579 280 1628 quae
297 1563 389 1607 Deo
408 1562 614 1625 placent,
637 1562 765 1608 nobis
787 1573 889 1608 nota
903 1562 1044 1609 sunt2.
1071 1584 1091 1604 ›>

202 1635 316 1680 Aue.
358 1634 500 1678 Ita-ne
520 1650 624 1679 vero
641 1671 652 1690 ,
672 1650 774 1698 quae
798 1634 890 1679 Deo
913 1633 1090 1697 placent
1113 1635 1240 1681 vobis
1262 1648 1365 1684 nota
1385 1643 1514 1686 sunt?

138 1703 303 1750 Insulse
317 1740 329 1759 ‚
347 1713 395 1749 ut
414 1703 504 1749 sine
519 1703 607 1749 ulla
624 1704 1061 1767 contagionepeccati
1080 1717 1335 1768 premantur
1344 1709 1518 1772 parvuli

141 1775 409 1836 gravnjugo,
438 1774 584 1837 placet
611 1778 736 1820 Deo?
754 1775 958 1820 Trahunt
981 1792 1081 1835 ergo
1099 1778 1349 1837 contagium
1375 1779 1428 1826 de
1444 1781 1518 1827 illo

139 1846 284 1909 primo
304 1861 549 1909 magnoque
567 1856 782 1909 peccato:
803 1845 923 1910 quod
948 1863 1022 1892 vos
1043 1846 1234 1894 nolentes
1248 1848 1370 1896 fateri
1383 1852 1522 1915 ‚quid

142 1915 226 1960 nisi
248 1915 458 1974 injustum
476 1914 694 1974 judicium
713 1916 824 1961 datis
852 1917 968 1962 Deo-‚³

208 1985 372 2032 CClll.
414 1985 514 2031 Jnr„
557 2006 578 2026 «
607 1986 692 2031 Sed
724 1986 1022 2032 invectionum
1057 1987 1248 2034 officium
1283 1989 1520 2051 legentium

144 2071 323 2102 censura
337 2055 564 2118 supplebit
590 2073 600 2100 :
631 2073 710 2102 nos
729 2074 959 2119 pergamus
985 2057 1040 2102 ad
1064 2058 1244 2121 reliqua.
1270 2060 1396 2106 Certe
1416 2063 1521 2108 nul-

144 2125 236 2171 lum
258 2125 382 2171 estin
400 2125 531 2172 rebus
550 2126 668 2172 aliud
690 2127 854 2173 malum
875 2164 886 2183 ,
909 2127 1028 2191 quod
1045 2145 1142 2175 vere
1162 2130 1327 2176 malum
1345 2131 1397 2178 sit
1410 2171 1421 2190 ,
1441 2134 1524 2180 nisi

144 2194 266 2260 quod
289 2205 520 2259 peccatum
541 2213 761 2243 vocamus.

214 2269 328 2314 AUG.
371 2268 416 2314 Si
445 2286 531 2314 non
558 2280 658 2314 sunt
683 2270 795 2315 mala
819 2270 947 2316 etiam
972 2270 1190 2334 supplicia
1211 2284 1489 2336 peccatorum
1510 2315 1521 2333 ‚

148 2354 237 2384 non
259 2348 322 2384 est
337 2339 560 2402 quomodo
577 2338 782 2385 defendas
806 2341 945 2386 Deum
962 2340 1112 2386 dixisse
1131 2359 1279 2388 verum
1298 2382 1308 2394 ‚
1325 2346 1402 2408 qui
1421 2346 1528 2393 dixit

153 2425 296 2456 creare
315 2426 358 2455 se
375 2409 490 2455 mala
506 2410 542 2466 ¹⁹³,
568 2427 656 2456 non
679 2411 793 2456 enim
817 2411 1027 2460 dicendus
1047 2423 1108 2457 est
1130 2430 1273 2460 creare
1294 2429 1488 2478 peccata.

217 2479 373 2527 CCIV.
404 2479 503 2527 JUL.
529 2501 550 2521 «
569 2482 629 2527 Ex
643 2498 731 2545 quo
750 2493 930 2545 peccato
949 2483 1140 2543 gignitur
1158 2484 1204 2530 in
1223 2502 1309 2532 uno
1330 2503 1524 2552 quoque,

201 2581 214 2615 4
241 2580 390 2615 Ambros.
419 2581 476 2614 tib.
513 2592 540 2614 1.
561 2581 601 2614 de
619 2582 734 2615 Poenit.
754 2593 780 2617 c.
803 2594 832 2615 2.
852 2583 900 2615 vel
928 2585 959 2617 3.
983 2600 1024 2607 -
1056 2581 1072 2605 ²
1100 2585 1215 2618 Barue.
1245 2596 1289 2627 tv,
1308 2592 1339 2622 4.
1358 2604 1402 2610 -
1420 2584 1525 2623 3Isa'1',

152 2648 226 2677 ην,
246 2649 276 2678 7.
