1824 3236
235 261 391 291 OPERIS
428 261 690 291 IMPERFECTI
728 261 903 290 CONTRA
940 262 1185 301 Jt‘LtANUM,
1228 262 1312 292 ΗΒ.
1357 263 1413 292 Vl.
1464 248 1550 309 471

183 326 316 381 dicit,
334 347 352 365 «
367 326 554 372 Oramus
573 337 714 371 autem
739 325 793 371 ad
816 330 977 382 Deum,
1006 343 1056 371 ne
1080 325 1187 389 quid
1209 325 1370 372 facietis
1386 325 1561 373 niali‘l.»

184 395 317 453 Quod
331 395 364 442 si
382 395 442 442 ita
458 407 563 442 esset
582 397 625 441 in
644 396 1101 459 potestate‚quoiiio(lo
1113 396 1196 442 suit
1217 408 1314 442 ante
1329 408 1562 460 peccatum

181 466 439 531 priusquam
458 477 564 512 esset
588 477 743 512 natura
759 466 950 512 humana
968 466 1119 511 vitiata
1142 486 1152 515 ς
1180 485 1267 513 non
1288 467 1436 530 utique
1457 484 1562 529 pos-

183 548 352 584 ceretur
378 537 565 593 orando,
587 537 661 583 sed
680 535 845 598 agendo
864 537 1012 600 potius
1029 547 1255 584 teneretur.
1273 537 1432 582 Verum
1451 554 1561 600 quo-

181 608 300 654 niam
324 618 422 671 post
444 608 677 671 pristinam
704 609 874 654 ruinam
904 618 991 653 tam
1016 625 1185 667 gravem
1202 612 1219 636 ‘²
1242 646 1252 664 ,
1287 608 1395 654 utin
1420 608 1555 668 hujus

181 677 453 724 mortalitatis
479 678 694 724 miseriam
717 678 968 725 caderemus
986 716 996 730 ‚
1021 679 1139 740 prius
1170 680 1281 724 Deus
1301 689 1463 725 certare
1484 696 1560 724 nos

181 748 342 806 voluit,
371 749 538 797 donans
561 750 689 796 nobis
713 761 762 796 ut
785 753 876 810 ejus
909 766 1087 809 agamur
1111 749 1279 812 Spiritu
1297 786 1306 804 ,
1335 760 1377 794 et
1402 750 1558 794 morti—

180 818 359 866 ficemus
396 838 528 884 opera
564 821 732 876 carnis,
777 831 906 884 atquc
947 821 1042 883 ipso
1066 819 1197 865 dante
1222 819 1449 865 victoriam
1481 836 1561 882 per

181 889 420 937 Dominum
441 902 636 937 nostrum
665 892 812 938 Jesum
840 892 1085 946 Christum,
1115 891 1159 936 in
1185 901 1344 936 aeterna
1369 907 1467 935 cum
1485 889 1560 935 illo

177 971 330 1023 postea
360 979 470 1025 pace
504 979 755 1023 regnemus3
789 962 987 1027 profecto
1017 962 1097 1007 nisi
1121 962 1236 1007 Deus
1258 961 1400 1017 adsit,
1431 978 1559 1006 nemo

178 1041 241 1077 est
264 1031 446 1079 idoneus
468 1044 633 1080 certare
662 1051 760 1080 cum
797 1034 909 1080 vitiis
943 1052 953 1079 t
991 1051 1042 1079 ne
1068 1034 1157 1078 sine
1190 1032 1425 1078 certamine
1452 1049 1556 1095 per-

180 1102 382 1150 trahatur
402 1105 458 1150 ab
482 1105 540 1150 eis
556 1142 567 1161 ‚
598 1116 672 1150 aut
695 1123 747 1151 ne
767 1109 859 1165 jam
886 1116 1054 1151 certans
1082 1105 1128 1150 in
1152 1104 1245 1168 ipsa
1272 1121 1421 1149 eorum
1449 1120 1558 1149 con-

179 1174 417 1222 flictatione
441 1175 657 1224 vincatur.
691 1177 795 1223 Ideo
828 1177 873 1222 in
896 1177 982 1222 hoc
1015 1193 1149 1236 agone
1175 1176 1309 1235 magis
1345 1192 1421 1220 nos
1451 1176 1561 1220 Deus

178 1245 317 1292 voluit
337 1247 609 1293 orationihus
631 1258 793 1293 certare
811 1285 822 1304 ‚
857 1265 988 1311 quam
1017 1247 1213 1300 viribu53
1247 1246 1349 1310 quia
1377 1256 1418 1290 et
1440 1245 1556 1308 ipsas

180 1317 313 1374 vires,
340 1329 524 1381 quantas
553 1317 628 1364 hic
652 1319 815 1364 habere
836 1336 912 1364 nos
936 1318 1171 1381 competit,
1199 1317 1290 1380 ipse
1320 1315 1560 1362 subminis-

182 1397 265 1433 trat
295 1389 563 1435 certantibus
583 1427 593 1446 ,
622 1408 750 1454 quem
790 1407 1003 1449 rogamus,
1041 1389 1087 1435 Si
1119 1405 1218 1448 ergo
1253 1387 1329 1443 hi,
1364 1403 1554 1451 quorum

179 1470 331 1505 contra
356 1477 529 1506 carnem
549 1464 640 1520 jam
676 1462 856 1524 spiritus
889 1460 1192 1524 concupiscit,
1227 1458 1279 1504 ad
1315 1470 1436 1504 actus
1462 1459 1553 1503 siu-

178 1529 300 1590 gulos
323 1530 520 1590 indigent
550 1532 628 1577 Dei
666 1532 803 1592 gratia
821 1569 830 1587 ‚
858 1549 910 1576 ne
934 1531 1164 1577 vincantur
1186 1548 1196 1575 :
1222 1530 1394 1593 qualem
1419 1529 1558 1574 liber-

182 1611 310 1646 tatem
325 1601 562 1647 voluntatis
580 1602 744 1648 habere
760 1613 958 1666 possunt,
971 1601 1047 1664 qui
1066 1601 1261 1646 nondum
1277 1600 1330 1645 de
1346 1609 1558 1663 potestate

177 1673 289 1718 eruti
309 1673 606 1729 tenebrarum,
635 1673 887 1719 dominante
913 1672 1158 1736 iniquitate,
1180 1688 1259 1717 nec
1277 1682 1440 1717 certare
1460 1686 1558 1716 coe-

178 1754 360 1805 perunt3
387 1754 463 1789 aut
489 1744 522 1790 si
555 1756 718 1790 certare
745 1744 999 1799 voluerunt,
1033 1742 1230 1788 nondum
1254 1742 1451 1788 liberatae
1474 1758 1556 1788 vo-

176 1813 355 1860 luntatis
381 1815 584 1861 servitute
613 1815 880 1861 vincuntur?

241 1885 359 1932 XVI.
389 1887 493 1932 JUL.
524 1886 715 1931 «Nescio
739 1903 839 1931 saue
856 1922 866 1942 ‚
894 1895 1040 1930 utrum
1062 1884 1137 1930 hie
1153 1889 1245 1944 jam
1269 1893 1446 1928 coactus
1464 1882 1558 1928 ino-

177 1955 271 2019 pia,
301 1966 390 2002 tam
414 1956 612 2020 ineptum
632 1994 643 2013 ‚
675 1968 761 2003 tam
782 1956 1056 2002 imbecillum
1083 1954 1247 2019 aliquid
1276 1953 1465 2000 moliaris
1483 1964 1558 2010 ‚ut

175 2027 314 2083 dicas,
340 2027 470 2074 nullis
507 2038 548 2075 te
571 2028 814 2074 rationibus
833 2028 990 2074 docere
1025 2043 1148 2090 posse
1178 2025 1319 2071 Adam
1347 2026 1515 2071 bonum
1535 2043 1557 2070 a

176 2098 269 2144 Deo
292 2098 520 2145 conditum
538 2136 549 2156 ‚
580 2099 654 2146 sed
690 2099 745 2146 ad
771 2099 858 2145 hoc
884 2097 1150 2144 credendum
1179 2097 1267 2142 sola
1292 2114 1378 2142 esse
1403 2096 1556 2142 lectio·

175 2166 242 2215 nis
259 2170 512 2216 auctoritate
542 2181 826 2227 contentum,
850 2187 935 2234 qua
962 2179 1059 2233 post
1075 2167 1311 2213 formatum
1333 2166 1554 2212 hominem

175 2249 289 2285 sexto
303 2244 394 2300 jam
422 2240 491 2286 die
515 2241 808 2287 communiter
825 2240 878 2286 de
902 2239 1110 2285 omnibus
1134 2237 1342 2283 creaturis
1355 2236 1553 2290 refertur,

176 2312 233 2357 Et
263 2311 374 2357 vidit
404 2315 525 2357 Deus
553 2313 699 2358 omnia
723 2329 825 2376 quae
860 2311 994 2367 fecit,
1036 2321 1077 2356 ct
1102 2326 1201 2355 ecce
1232 2309 1349 2354 bona
1373 2307 1551 2355 valde1.

176 2381 309 2439 Quod
335 2400 424 2428 non
458 2400 541 2446 pro
565 2383 736 2446 opificis
772 2382 984 2442 dignitate
1009 2417 1019 2432 ,
1063 2398 1150 2426 non
1188 2396 1268 2442 pro
1293 2377 1557 2443 appensione

173 2457 264 2514 ers
278 2453 477 2515 justitiae,
509 2452 581 2499 sed
610 2470 691 2517 pro
724 2453 969 2499 testimonio
989 2489 998 2507 ,
1025 2468 1114 2515 quo
1140 2450 1431 2496 communiter
1452 2465 1554 2513 quae

221 2555 231 2577 ¹
253 2566 270 2585 2
287 2557 361 2586 Cor.
388 2566 467 2590 χιιι,
491 2565 521 2593 7,
542 2572 580 2578 —
597 2552 613 2575 ²
629 2554 736 2598 Lupus
751 2557 871 2586 Feri-ar,
892 2553 924 2585 in
938 2552 1120 2584 cotleetion.
1136 2557 1246 2593 quaest.
1263 2562 1295 2582 π.
1316 2550 1354 2581 de
1369 2550 1423 2582 tib.
1443 2549 1535 2582 Arbit
1548 2575 1555 2582 .

176 2625 212 2632 -—
232 2604 246 2630 Β
263 2609 354 2643 Gen,
375 2618 404 2650 ι,
423 2609 477 2639 31.
