1863 3262
342 269 404 321 30
765 281 800 310 s,
843 279 1087 310 Auensrml
1123 279 1329 309 EPISCOPI

343 372 365 394 »
382 360 503 403 cata,
523 348 569 394 in
593 346 662 392 via
688 345 824 409 patris
849 345 913 391 sui
938 344 1044 404 justi
1063 361 1152 389 non
1182 344 1448 400 ambulavit,
1473 345 1544 390 sed
1566 346 1642 408 qui
1677 346 1723 392 in

343 442 365 463 »
385 418 610 465 montibus
630 416 935 470 manducavit,
957 425 999 460 et
1023 431 1196 460 uxorem
1217 416 1401 477 proximi
1419 417 1483 461 sui
1506 417 1723 462 contami-

342 512 365 534 »
389 491 534 546 navit,
556 499 599 535 et
616 488 866 534 mendicum
889 497 930 531 et
949 502 1187 548 pauperem
1207 485 1416 548 depressit
1434 525 1444 543 ‚
1464 499 1505 533 et
1524 488 1724 550 rapinam
1780 539 1782 541 ¹

344 584 365 604 ›>
388 562 564 625 rapuit,
592 571 634 606 01
658 559 816 622 pignus
845 575 932 602 non
953 556 1167 612 reddidit,
1195 567 1236 602 et
1264 558 1308 602 in
1329 558 1558 605 simulacra
1580 558 1726 622 posuit

344 653 366 675 »
389 632 540 678 000105
565 635 692 685 5005,
720 640 762 674 01
786 628 1059 691 iniquitatem
1083 626 1207 683 feeit,
1236 646 1337 674 cum
1363 646 1490 675 usura
1515 629 1662 686 dedit,
1685 642 1726 676 et

345 723 367 744 >³
390 700 838 766 superabundantiam
860 699 1028 761 accepit
1057 716 1067 743 t
1090 698 1164 744 1110
1189 699 1276 744 vita
1303 717 1390 745 non
1416 702 1555 755 vivet3
1579 719 1729 759 omnes

346 794 368 815 >2
389 774 489 821 istas
516 771 765 835 iniquitates
785 770 909 825 fecit,
931 780 1068 816 morte
1090 770 1315 825 morietur,
1339 773 1510 831 sanguis
1526 776 1617 832 ejus
1648 790 1728 819 su-

347 865 369 886 »
394 861 473 907 per
504 843 647 905 ipsum
680 841 772 887 erit.
819 839 864 885 Si
900 850 1043 885 autem
1078 840 1271 899 genuerit
1303 841 1470 897 filium,
1499 854 1540 888 et
1572 843 1730 895 viderit

350 934 371 955 ))
396 912 542 961 onmia
567 922 747 975 peecata
774 910 911 973 patris
933 910 996 957 sui
1017 927 1117 972 quae
1139 910 1264 966 feeit,
1286 922 1327 956 et
1347 912 1560 969 timuerit,
1583 925 1625 959 et
1641 930 1730 959 non

349 1005 371 1026 »
395 983 543 1030 fecerit
556 982 796 1029 secundum
818 982 919 1037 ista,
942 982 987 1026 in
1003 982 1226 1028 montibus
1248 999 1335 1028 000
1359 984 1667 1040 manducavit,
1689 996 1732 1030 et

348 1075 371 1100 η
397 1055 545 1102 000105
563 1071 662 1101 suos
691 1071 779 1099 non
798 1052 958 1099 levarit
985 1052 1037 1098 ad
1067 1052 1277 1099 desideria
1310 1054 1466 1101 domus
1497 1056 1660 1107 Israel,
1689 1066 1731 1101 01

350 1146 372 1167 »
396 1142 571 1171 uxorem
592 1125 776 1188 proximi
798 1124 862 1171 sui
881 1141 968 1170 1100
987 1126 1324 1182 contaminavit,
1347 1137 1388 1171 et
1405 1127 1629 1175 hominem
1644 1145 1732 1173 non

350 1218 372 1241 ι)
395 1195 630 1259 depressit,
660 1205 701 1240 et
724 1195 884 1257 pignus
916 1211 1005 1239 non
1039 1195 1314 1257 pigneravit,
1342 1207 1384 1241 et
1407 1197 1609 1259 rapinam
1644 1214 1734 1242 000

350 1289 372 1313 ›.›
395 1267 568 1330 rapuit,
597 1283 757 1329 panem
774 1283 899 1311 suum
921 1265 1126 1311 esurienti
1143 1266 1265 1312 dedit
1283 1302 1293 1319 ‚
1313 1278 1355 1312 et
1375 1267 1541 1313 nudum
1561 1268 1736 1332 operuit

351 1359 372 1388 >2
397 1339 653 1385 vestimento
669 1374 680 1393 ‚
705 1347 747 1382 01
765 1337 820 1382 ab
838 1337 1069 1399 iniquitate
1089 1337 1240 1382 avertit
1260 1354 1435 1383 manum
1458 1355 1579 1384 suam
1597 1376 1607 1395 ,
1630 1356 1735 1384 usu-

352 1434 374 1456 »
397 1430 488 1458 ram
514 1422 555 1457 et
578 1410 1026 1473 superabundantiam
1047 1428 1135 1455 non
1154 1412 1323 1474 accepit
1340 1448 1350 1465 ,
1376 1412 1588 1471 justitiam
1603 1411 1704 1457 fecit
1720 1448 1732 1468 ,

355 1505 376 1526 »
400 1496 442 1529 et
464 1485 510 1529 in
533 1481 770 1545 praeceptis
799 1482 902 1526 meis
927 1481 1171 1527 ambulavit
1195 1499 1205 1526 :
1230 1482 1306 1541 iste
1332 1500 1421 1528 non
1447 1483 1659 1528 morietur
1690 1483 1736 1528 in

354 1578 376 1599 ))
400 1555 537 1620 patris
563 1552 629 1598 501
662 1552 967 1616 iiiiquitatibus
987 1589 997 1607 ,
1032 1552 1121 1598 vita
1147 1552 1276 1600 vivet.
1318 1555 1447 1599 Pater
1481 1565 1623 1599 autem
1647 1557 1738 1614 ejus

353 1648 375 1670 >³
399 1627 503 1690 quia
522 1623 804 1670 tribulatione
838 1623 1089 1678 tribulavit,
1121 1634 1164 1668 et
1194 1624 1392 1687 rapinam
1417 1625 1590 1688 rapuit,
1627 1641 1738 1671 con-

354 1719 376 1740 »
403 1697 532 1743 traria
550 1694 655 1741 fecit
673 1695 716 1739 in
738 1693 882 1751 medio
902 1694 1070 1757 populo
1092 1712 1184 1740 meo
1203 1732 1213 1751 ‚
1241 1706 1283 1740 ct
1305 1706 1503 1742 mortuus
1520 1697 1641 1742 estin
1664 1713 1740 1743 sua

355 1790 375 1811 »
397 1768 641 1830 iniquitate.
667 1767 723 1810 Et
747 1764 910 1809 dixistis
933 1782 944 1808 z
971 1764 1091 1820 Quid
1115 1776 1178 1810 051
1200 1765 1320 1828 quod
1345 1783 1432 1811 0011
1458 1766 1628 1830 accepit
1648 1767 1738 1818 ini-

355 1862 376 1882 »
401 1840 610 1902 quitatem
636 1837 772 1899 patris
790 1836 855 1881 sui
879 1835 1024 1881 filius?
1044 1836 1158 1892 Quia
1182 1836 1297 1882 filius
1317 1837 1535 1896 justitiam
1558 1837 1741 1897 etjudi-

357 1933 378 1953 n
401 1911 520 1956 cium
544 1919 586 1954 et
611 1907 952 1953 misericordiam
973 1906 1098 1964 fecit,
1127 1908 1272 1952 omnia
1297 1908 1488 1968 legitima
1512 1926 1604 1954 mea
1628 1926 1740 1955 con—

355 2004 376 2025 »
400 1980 615 2035 servavit,
652 1989 694 2024 et
729 1977 831 2023 fecit
868 1995 947 2031 ea;
982 1979 1071 2024 vita
1103 1979 1236 2025 vivet.
1274 1979 1432 2025 Anima
1461 1990 1605 2025 autem
1639 1997 1741 2044 quae

357 2075 378 2096 ))
403 2061 584 2116 peccat,
616 2049 709 2112 ipsa
735 2048 962 2095 morietur.
998 2049 1131 2094 Filius
1158 2066 1247 2094 non
1276 2050 1459 2112 accipiet
1483 2051 1740 2110 injustitiam

357 2121 535 2187 »patris
555 2120 647 2174 sui,
686 2136 826 2182 neque
850 2130 975 2181 pater
1014 2119 1198 2181 accipiet
1228 2120 1488 2179 injustitiam
1518 2120 1598 2165 filii
1631 2121 1697 2166 sui
1725 2138 1736 2165 t

356 2216 376 2237 ›>
397 2192 563 2253 justitia
579 2189 684 2249 justi
704 2206 834 2252 super
851 2190 994 2251 ipsum
1021 2189 1130 2245 erit,
1154 2200 1194 2235 et
1217 2189 1424 2253 iniquitas
1447 2190 1586 2253 iniqui
1611 2208 1741 2254 super

356 2289 377 2310 »
403 2268 545 2330 ipsum
568 2261 662 2308 erit.
695 2263 751 2306 Et
773 2261 950 2325 iniquus
976 2261 1009 2306 si
1029 2272 1253 2307 convertat
1283 2280 1325 2307 se
1345 2264 1400 2308 ab
1420 2265 1622 2310 omnibus
1651 2266 1740 2310 ini-

357 2360 377 2380 »
399 2334 644 2402 quitatibus
667 2333 755 2377 suis
781 2349 889 2394 quas
911 2331 1015 2377 fecit
1030 2369 1040 2384 ‚
1067 2343 1108 2377 et
1128 2332 1346 2378 custodiat
1365 2336 1509 2380 omnia
1536 2335 1740 2381 mandata

354 2429 375 2450 »
399 2424 516 2458 mea‚
546 2414 587 2449 et
603 2402 973 2461 faciatjudicium
992 2412 1033 2446 01
1051 2403 1265 2461 justitiam
1296 2415 1336 2448 01
1361 2405 1701 2451 misericordiam
1722 2423 1732 2450 z

352 2503 373 2524 >³
398 2480 485 2525 vita
512 2475 652 2529 vivet,
682 2485 722 2520 01
746 2491 831 2518 non
861 2474 1071 2518 morietur
1096 2491 1105 2518 ε
1134 2477 1280 2519 omnia
1308 2475 1466 2521 delicta
1493 2481 1583 2536 ejus
1615 2494 1741 2540 (1010-

348 2574 370 2595 »
396 2563 585 2611 cumque
616 2544 718 2592 fecit
737 2582 747 2601 ‚
775 2562 863 2589 non
894 2555 1022 2589 crunt
1050 2545 1093 2589 10
1121 2548 1326 2591 memoria
1355 2564 1364 2591 τ
1398 2548 1441 2591 in
1472 2564 1543 2592 sua
1568 2548 1741 2611 justitia

350 2645 371 2666 ›>
395 2635 529 2686 quam
556 2615 685 2667 fecit,
721 2616 809 2664 vita
837 2615 969 2662 vivet.
996 2615 1224 2679 Numquid
1254 2616 1480 2664 volun-tate
1501 2617 1741 2667 170101001-
