1863 3262
315 234 400 280 160
728 247 763 277 s.
811 242 1051 276 AUGUSTIM
1088 243 1288 276 EPISCOPI

309 311 553 364 Catholici,
577 327 666 356 non
687 310 871 357 efficitur
893 310 998 356 illud
1024 328 1110 374 quo
1129 312 1225 357 estis
1243 310 1454 359 haeretiei.
1484 312 1683 374 Namque

307 394 354 428 ut
382 382 600 427 Catholici
622 382 784 437 dicitis,
812 381 929 445 quod
950 399 1029 444 per
1051 398 1195 427 sexum
1216 382 1269 427 sit
1291 382 1422 427 foetus
1438 418 1449 437 ,
1475 398 1553 444 per
1585 396 1684 426 cor-

310 470 393 516 pus
418 469 561 508 sexus,
582 470 661 516 per
678 453 817 498 Deum
840 469 1000 515 corpus
1017 489 1026 506 ‚
1051 451 1166 497 unde
1184 452 1450 498 foecunditas
1479 453 1569 497 Deo
1587 455 1686 511 jure

309 523 561 585 deputatur.
603 521 687 567 Sed
718 523 936 585 numquid
975 521 1072 567 ideo
1110 539 1198 567 non
1228 522 1330 567 inde
1364 521 1458 567 talis
1493 521 1688 567 nascitur

309 592 445 638 homo
464 630 474 647 ‚
498 593 574 656 qui
594 610 682 638 non
707 593 761 637 sit
788 592 876 638 sine
893 591 1016 637 sorde
1040 592 1233 655 peccati,
1260 592 1426 637 etiamsi
1455 591 1582 636 unius
1602 591 1688 636 diei

313 663 367 708 sit
396 662 482 708 vita
502 667 590 721 ejus
609 679 739 725 super
759 661 939 707 terram1
957 665 973 707 Ρ
1001 663 1098 707 Non
1116 662 1247 721 igitur
1258 660 1331 706 illa
1352 678 1450 707 vera
1473 659 1684 716 dicendo,

310 733 382 778 sed
409 733 495 777 hoc
517 732 637 795 quod
662 731 811 777 itidem
839 749 988 778 verum
1008 742 1070 777 est
1094 730 1290 791 negando
1309 766 1319 785 ‚
1349 730 1446 775 estis
1472 729 1684 775 haeretici.

313 803 428 860 Quia
446 804 595 866 utique
623 805 734 848 Deus
755 820 843 848 non
864 813 925 848 est
947 813 1097 848 auctor
1108 801 1320 847 fatuitatis
1336 838 1347 856 ,
1365 811 1406 845 et
1427 811 1571 844 tamen
1591 816 1692 844 auc-

314 884 383 919 tor
406 884 465 919 est
485 874 638 930 foetus,
664 883 705 919 et
730 873 906 936 quando
924 873 1116 918 nascitur
1141 872 1300 918 fatuus.
1332 871 1405 916 Sic
1422 870 1609 930 intellige
1625 907 1636 926 ,
1659 869 1694 915 si

313 955 459 1008 potes,
488 944 653 989 innasci
684 944 856 989 homini
882 961 929 990 ex
957 945 1121 1004 origine
1151 943 1332 999 vitium,
1360 944 1487 1001 cujus
1522 958 1610 986 non
1640 940 1694 986 sit

315 1025 468 1060 auctor
478 1015 593 1058 Deus
606 1051 617 1069 ‚
633 1030 732 1058 cum
751 1024 918 1059 creator
930 1014 1066 1077 ipsius
1080 1012 1271 1058 hominis
1284 1029 1371 1057 non
1388 1013 1441 1057 sit
1458 1010 1539 1056 nisi
1553 1014 1686 1056 Deus.

314 1085 532 1129 Memento
553 1101 653 1128 sane
674 1083 934 1128 exorbitasse
953 1093 992 1127 te
1017 1101 1039 1128 a
1059 1094 1136 1128 tuo
1158 1082 1382 1141 dogmate,
1415 1097 1502 1143 quo
1531 1080 1694 1139 negatis

314 1154 486 1217 operari
509 1155 649 1199 Deum
684 1154 728 1200 in
753 1154 986 1199 hominum
1020 1153 1240 1198 mentibus
1274 1152 1555 1198 voluntatem.
1583 1152 1694 1195 Nam

313 1241 391 1284 ego
410 1224 543 1269 verba
564 1234 637 1269 tua
651 1262 661 1280 ‚
679 1241 780 1287 quae
805 1224 1015 1269 confiteor
1035 1234 1075 1268 et
1097 1242 1119 1268 a
1135 1221 1378 1267 Catholicis
1403 1221 1488 1266 dici
1505 1259 1515 1277 ‚
1532 1220 1696 1266 volun-

314 1293 592 1339 tatelaudavi
609 1331 619 1349 ,
641 1311 741 1357 quae
766 1311 832 1339 me
854 1305 994 1339 tamen
1013 1293 1122 1339 dicis
1147 1297 1239 1337 Deo
1260 1292 1458 1352 adigente
1477 1291 1688 1336 laudasse,

315 1366 428 1411 Ecce
457 1365 681 1428 quomodo
709 1366 822 1410 Deus
857 1365 901 1410 in
936 1365 1063 1410 nobis
1098 1374 1304 1427 operatur
1327 1374 1369 1408 et
1400 1362 1534 1419 velle,
1573 1361 1695 1425 quod

315 1434 459 1480 soletis
478 1445 518 1480 61
538 1445 690 1480 contra
718 1434 976 1497 Apostolum
1003 1451 1078 1480 vos
1101 1451 1269 1493 negare.

383 1504 461 1552 lX.
492 1505 591 1550 JUL.
619 1525 638 1545 «
659 1505 704 1550 Si
725 1504 874 1564 igitur,
896 1505 1069 1568 inquio,
1093 1503 1265 1549 nonnisi
1283 1520 1361 1566 per
1379 1519 1521 1548 sexum
1539 1501 1691 1556 foetus,

316 1574 490 1619 nonnisi
527 1591 606 1637 per
634 1591 792 1638 corpus
833 1592 980 1631 sexus,
1015 1575 1185 1620 nonnisi
1216 1591 1294 1638 per
1329 1574 1469 1618 Deum
1506 1589 1691 1635 corpus,

317 1645 414 1708 quis
436 1644 630 1704 ambigat
648 1644 983 1692 foecunditatem
1018 1649 1107 1690 Deo
1123 1649 1221 1704 jure
1244 1644 1466 1708 reputari?
1491 1644 1588 1689 Hoc
1607 1653 1695 1687 tam

318 1725 484 1760 certum
505 1726 591 1771 est,
615 1726 663 1761 ut
680 1716 808 1761 etiam
825 1727 899 1762 tua
918 1717 963 1761 in
982 1715 1154 1761 laudem
1177 1733 1251 1761 ora
1275 1713 1554 1760 concusserit.
1578 1734 1596 1754 n
1619 1712 1696 1756 Ve-

316 1801 414 1830 rum
435 1796 533 1848 post
552 1787 824 1848 praeconium
853 1786 960 1832 huic
985 1804 1006 1832 a
1036 1796 1076 1831 te
1101 1785 1198 1830 loco
1223 1784 1442 1830 redditum
1461 1821 1470 1838 ‚
1495 1782 1696 1828 haeresim

319 1854 524 1900 admones
555 1855 801 1911 introduci,
842 1873 943 1902 cum
972 1873 1019 1901 ea
1058 1872 1156 1918 quae
1189 1853 1392 1910 subdidi,
1429 1852 1541 1898 nihil
1577 1851 1695 1897 aliud

319 1942 453 1987 quam
466 1942 566 1988 quae
591 1926 812 1989 praemissa
828 1925 1000 1972 fuerant
1014 1962 1024 1982 ‚
1050 1925 1226 1971 admota
1248 1923 1548 1987 explanatione
1568 1922 1698 1982 gemi-

320 2007 531 2041 navermt.
560 2016 581 2036 »

387 2068 499 2112 Aue.
544 2065 768 2128 Numquid
795 2066 839 2111 in
863 2067 932 2112 his
951 2104 961 2122 ‚
984 2083 1085 2129 quae
1114 2083 1213 2111 vera
1234 2076 1275 2110 te
1299 2065 1451 2110 dixisse
1474 2079 1697 2109 concesse-

319 2137 454 2191 ram2,
481 2135 646 2181 dixeras
668 2153 679 2180 ε
703 2157 722 2178 «
748 2137 869 2192 Quid
892 2154 992 2196 ergo
1016 2154 1142 2182 suum
1169 2135 1370 2181 diabolus
1399 2133 1622 2193 cognoscit
1651 2133 1696 2177 in

319 2207 520 2252 sexibus?
541 2227 561 2248 ›>
584 2207 669 2252 Hic
693 2208 806 2252 enim
827 2207 1002 2270 coepisti
1026 2206 1301 2252 introducere
1329 2221 1498 2250 sensum
1520 2202 1695 2249 haeresis

319 2287 470 2322 vestrae
501 2293 511 2320 :
544 2276 668 2338 quasi
713 2287 942 2339 propterea
983 2293 1072 2321 non
1109 2277 1244 2339 possit
1284 2274 1487 2320 diabolus
1531 2272 1696 2336 aliquid

317 2363 443 2392 suum
462 2363 718 2404 cognoscere
734 2346 778 2391 in
796 2347 986 2403 sexibus,
1009 2346 1110 2409 quia
1128 2363 1202 2409 per
1218 2356 1450 2391 creatorem
1474 2345 1614 2388 Deum
1635 2352 1696 2388 est

317 2433 477 2480 corpus
499 2426 541 2461 et
566 2432 683 2461 sexus
706 2433 716 2461 :
745 2433 846 2462 cum
874 2415 1078 2462 diabolus
1098 2426 1139 2461 et
1157 2417 1323 2461 bonum
1355 2414 1435 2460 Dei
1465 2423 1506 2458 et
1530 2411 1695 2457 malum

368 2515 379 2537 ¹
407 2515 480 2548 Job.
507 2526 571 2556 xiv,
600 2523 631 2553 4,
661 2517 753 2558 juxta
781 2525 857 2549 mx,
883 2535 924 2541 —
941 2514 956 2537 ²
985 2515 1131 2548 Julianus
1144 2513 1228 2558 apud
1248 2515 1382 2554 August.
1405 2510 1460 2543 lib.
1484 2521 1514 2543 2.
1537 2509 1575 2541 de
1591 2510 1692 2554 Nupt.

318 2580 389 2613 cap.
411 2576 443 2606 4.
