1824 3236
219 299 380 330 OPERIS
414 299 675 331 IMPERFECTI
711 300 887 329 CONTRA
923 299 1167 341 JULMNUM,
1208 301 1292 331 Lm.
1338 301 1394 331 vl.
1445 286 1539 348 519

167 363 359 421 dolores,
387 365 491 428 quia
515 382 587 410 eos
610 381 697 409 non
717 364 1028 428 habehatquae
1046 383 1132 410 non
1158 365 1338 412 dolebat
1364 385 1374 412 ε
1410 378 1540 430 pote-

168 445 272 482 rant
291 451 392 495 ergo
405 434 689 498 multiplicari
712 435 845 497 etqui
863 452 948 480 non
968 447 1113 491 erant3
1134 447 1176 481 et
1200 444 1311 482 recte
1328 437 1543 500 accipitur

170 505 338 552 dictum
361 523 373 551 z
400 527 421 548 c<
442 504 749 569 Multiplicabo
774 505 965 550 tristitias
994 516 1086 551 tuas
1103 543 1114 562 ‚
1142 528 1162 548 »
1187 507 1233 552 id
1257 518 1342 563 est,
1382 508 1543 554 multas

169 593 239 624 eas
258 593 345 623 esse
363 576 520 623 faciam
537 613 548 631 ,
570 576 691 641 quod
712 576 804 623 fieri
824 587 989 639 potest,
1029 577 1115 622 sive
1144 577 1309 640 aliquid
1338 595 1425 624 esse
1452 582 1544 638 jam

170 648 365 711 caeperit,
396 647 485 694 sive
510 664 588 694 nec
612 648 804 711 caeperit.
829 652 1006 693 Frustra
1027 648 1158 707 igitur
1181 648 1324 694 dixisti
1346 667 1356 694 ε
1380 669 1400 689 «
1419 650 1548 695 Nun-

169 733 304 782 quam
326 718 444 764 enim
466 718 816 781 multiplicantur
847 718 928 764 nisi
962 719 1148 763 extantia
1171 737 1182 763 ε
1210 741 1231 761 >2
1254 720 1358 783 quia
1382 735 1481 766 ecce
1502 720 1549 765 in

173 790 266 836 Eva
287 799 386 853 post
405 801 637 853 peccatum
660 789 829 836 dolores
845 800 945 835 sunt
967 789 1272 852 multiplicati,
1301 792 1377 853 qui
1397 791 1545 853 prius-

173 875 306 922 quam
331 870 570 924 peccasset,
605 876 693 906 non
715 869 840 906 erant
873 859 964 907 ulli.
996 860 1058 905 Ac
1086 876 1163 922 per
1188 859 1302 916 hoc,
1334 877 1421 906 non
1454 859 1552 906 ideo

174 929 282 976 dixit
306 930 421 976 Deus
441 947 452 975 ε
473 951 494 972 ε(
512 930 822 994 Μ11111111103110
846 930 1040 976 tristitias
1057 940 1174 984 tuas,
1197 951 1216 972 »
1240 931 1343 993 quia
1368 929 1554 976 tristitiae

174 999 221 1046 in
246 999 322 1046 illa
344 1016 432 1046 esse
462 1003 554 1059 jam
591 1010 814 1064 caeperant
846 999 1030 1064 aliquae3
1055 998 1129 1046 sed
1197 1001 1266 1045 uia
1291 997 1554 1062 multiplices

175 1079 299 1116 erant
313 1068 497 1128 futurae,
513 1085 563 1116 ex
579 1084 669 1134 quo
687 1069 930 1134 inciperent
951 1087 1048 1116 esse.
1074 1091 1094 1110 «
1114 1017 1200 1115 Seii}
1220 1081 1362 1125 erant,
1381 1069 1526 1133 inquis
1540 1103 1551 1124 ‚

176 1139 223 1186 in
241 1139 431 1186 naturali
454 1142 635 1188 ratione.
664 1161 685 1183 »
710 1141 756 1187 Si
780 1158 880 1201 ergo
901 1141 946 1186 in
966 1140 1154 1186 naturali
1173 1140 1339 1186 ratione
1350 1144 1441 1200 jam
1461 1149 1562 1186 sunt

178 1209 311 1256 etiam
338 1226 440 1273 quae
471 1210 670 1257 nondum
709 1221 803 1257 orta
838 1222 971 1266 sunt,
1008 1209 1116 1273 quid
1154 1221 1192 1256 te
1227 1209 1408 1270 adJuvat
1438 1208 1560 1273 quod

180 1281 297 1339 aisti,
315 1301 336 1323 «
357 1282 596 1345 Propterea
630 1284 775 1328 Deum
808 1299 896 1328 non
922 1281 1072 1328 dixisse
1091 1299 1101 1326 :
1123 1281 1334 1328 Orientur
1358 1280 1404 1326 in
1423 1291 1463 1326 te
1484 1279 1562 1326 do·

179 1350 288 1406 lores
302 1370 314 1405 ;
335 1351 410 1397 sed
425 1387 436 1408 ,
459 1351 776 1416 Multiplicabo
794 1352 964 1398 dolores
985 1361 1103 1406 tuos,
1132 1351 1236 1414 quia
1258 1354 1348 1410 jam
1372 1359 1496 1396 erant
1519 1350 1564 1395 in

180 1421 370 1468 naturali
391 1422 586 1469 ratione?
602 1443 623 1465 »
643 1421 952 1486 Respondetur
971 1421 1083 1468 enim
1101 1421 1209 1466 tibi:
1230 1419 1384 1465 Potuit
1396 1419 1560 1476 dicere,

182 1513 204 1535 «
231 1492 441 1540 Orientur
458 1493 505 1538 in
529 1503 594 1551 te3
612 1514 634 1534 ›>
658 1493 761 1556 quia
779 1509 851 1538 eos
873 1502 966 1538 erat
996 1490 1367 1553 multiplicaturus
1383 1525 1394 1546 ,
1422 1488 1499 1552 qui
1518 1488 1564 1534 in

181 1564 349 1611 ratione
381 1563 570 1610 naturali
593 1568 686 1625 jam
716 1573 860 1618 erant,
893 1580 981 1608 non
1010 1562 1088 1625 qui
1119 1565 1211 1621 jam
1232 1561 1317 1606 orti
1336 1570 1473 1606 erant.
1498 1560 1567 1605 An

182 1634 297 1682 forte
314 1633 514 1681 dicturus
533 1651 576 1681 es
599 1652 611 1680 ε
638 1635 661 1679 J
669 1650 736 1680 am
760 1650 939 1697 prorsus
961 1633 1045 1678 orti
1065 1642 1187 1678 erant
1203 1631 1248 1676 in
1265 1628 1358 1694 ipsa
1377 1628 1568 1676 naturali

183 1706 379 1753 ratione?
403 1705 581 1762 Quanto
609 1705 744 1765 igitur
770 1702 1036 1749 manifestius
1054 1713 1097 1747 et
1119 1702 1373 1764 acceptione
1395 1698 1568 1759 dignius

182 1776 270 1823 tibi
293 1772 491 1822 dicitur:
517 1779 539 1821 J
545 1792 612 1822 am
636 1785 760 1821 erant
785 1774 864 1820 filii
890 1773 1029 1819 Adam
1051 1773 1097 1818 in
1127 1771 1268 1817 Adam
1286 1769 1476 1816 naturali
1492 1785 1568 1815 ra-

185 1847 330 1903 tione,
368 1845 575 1909 quando,
605 1846 719 1891 sicut
759 1844 820 1890 ait
853 1844 1009 1890 beatus
1044 1843 1233 1888 «Ioannes
1273 1838 1535 1904 episcopus*
1554 1876 1566 1895 ,

183 1915 298 1966 illud
315 1925 545 1979 peccatum
562 1914 724 1976 grande
742 1913 991 1967 commisit,
1017 1923 1060 1957 et
1090 1928 1217 1957 omne
1236 1910 1466 1956 hominum
1492 1925 1570 1969 ge-

187 2004 271 2037 nus
282 1987 328 2035 in
345 2003 579 2034 commune
596 1985 823 2031 damnavit
839 2021 849 2041 ,
870 1984 937 2031 vel
957 1983 1070 2029 sicut
1087 1982 1146 2028 ait
1168 1980 1329 2040 collega
1354 1983 1446 2040 ejus
1462 1981 1572 2026 Am-

185 2058 394 2106 brosius:
423 2057 526 2104 Fuit
550 2057 720 2113 Adam,
759 2066 802 2102 et
836 2057 882 2101 in
912 2052 987 2100 illo
1020 2053 1184 2099 fuimus
1211 2051 1387 2097 omnes*2
1407 2070 1419 2104 3
1442 2049 1573 2114 periit

189 2128 361 2185 Adam,
399 2137 443 2174 et
464 2129 510 2174 in
530 2128 605 2174 illo
635 2144 782 2173 omnes
820 2125 1067 2190 perierunt?
1095 2123 1128 2168 si
1166 2133 1214 2168 tu
1242 2119 1372 2169 audes
1402 2119 1571 2175 dicere,

190 2216 282 2246 non
308 2197 477 2256 solum,
502 2198 603 2244 Jam
636 2208 786 2254 erant,
815 2195 1101 2243 verumetiam
1134 2191 1252 2256 quod
1290 2208 1367 2237 nos
1395 2190 1449 2237 de
1476 2189 1576 2236 filiis

194 2269 334 2317 Adam
352 2302 364 2324 ,
401 2268 579 2331 quando
615 2278 847 2332 peccatum
884 2264 991 2311 illud
1037 2263 1271 2310 admissum
1306 2271 1392 2314 est,
1431 2259 1576 2305 dicere

193 2357 284 2388 non
315 2337 538 2387 audemus.
566 2340 668 2385 Jam
688 2339 773 2384 orti
796 2347 918 2383 erant
944 2333 1114 2381 dolores
1139 2334 1243 2378 Evae
1262 2368 1273 2386 ,
1302 2329 1479 2394 quando
1505 2346 1576 2375 eos

196 2412 312 2457 Deus
346 2407 742 2472 multiplicaturum
771 2426 814 2454 se
841 2423 927 2452 esse
957 2405 1146 2451 minatus
1168 2413 1242 2448 est.
1268 2401 1576 2446 Verumtamen

189 2497 286 2528 non
307 2480 354 2527 in
369 2479 557 2527 naturali
577 2481 744 2526 ratione
756 2482 849 2539 jam
868 2487 990 2523 erant
1009 2477 1113 2522 Evae
1135 2473 1306 2519 dolores
1320 2507 1331 2528 ,
1352 2487 1462 2534 quos
1477 2486 1577 2533 par-

199 2550 428 2608 turiente5‚
452 2567 621 2598 necesse
646 2561 708 2596 est
725 2548 924 2613 perpeti;
946 2547 1049 2610 quia
1070 2561 1156 2591 11011
1179 2559 1249 2588 eos
1266 2541 1386 2587 illam
1411 2555 1578 2586 necesse

250 2635 261 2658 ¹
280 2634 444 2678 Chrysost.
461 2633 494 2666 in
508 2632 618 2666 homil.
637 2632 676 2665 de
695 2636 807 2666 Lazar.
826 2636 944 2663 resusc.
966 2648 1009 2653 --
1026 2627 1041 2650 2
1060 2626 1206 2660 Ambros.
1224 2624 1281 2656 lib.
1299 2635 1331 2664 7.
1354 2622 1386 2654 in
1401 2625 1476 2654 Luc.
1499 2621 1551 2654 15.
