1824 3236
155 294 310 325 OPERIS
351 297 608 326 lMPERFECTi
645 296 816 325 CONTRA
853 296 1101 338 autumn,
1140 300 1228 329 [ΑΒ.
1271 301 1330 330 vl.
1385 285 1476 348 477

104 360 355 423 paradisum
373 371 839 417 revocaterrorvoster,
862 362 973 407 unde
989 362 1059 408 illa
1081 364 1315 411 abstulerat
1332 366 1478 429 pudor

103 440 254 478 vester.

166 501 308 548 XVII.
336 501 435 548 Jcr..
467 503 565 549 «At
589 512 740 548 contra
768 499 866 546 vide
895 518 1026 564 quam
1049 505 1248 551 adsersus
1272 517 1309 551 te
1329 518 1370 552 et
1390 508 1479 552 Ma-

99 570 339 628 nichaeum,
367 575 492 632 cujus
517 583 557 618 te
576 590 745 636 semper
764 571 887 617 ruina
914 574 1152 632 convolvit,
1180 593 1304 621 verus
1328 578 1382 622 sit
1401 594 1476 622 no-

97 640 166 687 bis
190 642 420 688 conflictus
444 679 455 700 ‚
494 654 536 690 et
560 644 612 690 de
647 661 696 689 eo
720 643 832 689 celer
870 643 1134 707 triumphus.
1167 648 1327 693 Omnia
1365 648 1436 693 illa
1460 685 1471 706 ‚

97 729 198 776 quae
236 713 281 759 in
318 715 685 778 vituperationem
719 715 856 761 divini
891 716 1031 778 operis
1062 720 1281 775 evomuit,
1319 719 1475 782 primae

95 784 240 830 statim
273 784 540 832 definitionis
566 797 708 832 aratro
735 786 1166 841 circumscribimus3
1196 788 1476 852 cogimusque

95 864 144 900 ut
165 855 367 919 explicet,
397 857 506 920 quid
529 868 655 921 putet
673 875 759 903 esse
783 867 1033 920 peccatum,
1062 858 1181 921 quod
1208 859 1342 904 claret
1362 859 1475 904 nibil

95 942 181 972 esse
213 927 331 974 aliud
355 965 365 983 ,
406 945 537 992 quam
561 929 830 976 voluntatem
861 939 1135 991 appetentem
1160 929 1280 993 quod
1307 929 1476 989 justitia

93 1007 240 1054 vetat,
276 1009 317 1044 et
340 998 455 1044 unde
482 999 671 1045 liberum
699 1011 760 1046 est
798 999 1027 1047 abstinere.
1064 1000 1165 1057 Quo
1199 1001 1435 1046 constituto
1459 1038 1470 1057 ‚

93 1083 240 1115 omnes
263 1068 326 1115 illi
351 1069 689 1117 oblocutionum
717 1072 819 1118 rubi
838 1108 848 1126 ,
878 1072 954 1134 qui
975 1072 1293 1118 concretionem
1319 1089 1475 1135 corpo-

91 1155 188 1186 rum
217 1151 498 1204 pupugerant
520 1179 531 1198 ,
561 1142 769 1189 radicitus
792 1180 802 1198 ,
843 1153 883 1187 et
921 1153 969 1187 ut
1003 1143 1075 1188 ille
1102 1142 1184 1188 ait1
1207 1181 1218 1200 ‚
1240 1143 1473 1189 eradicitus

91 1223 390 1259 monstrantur
415 1213 563 1261 evulsi.
600 1218 696 1259 Jam
727 1231 827 1260 vero
853 1215 1029 1260 affectus
1061 1214 1226 1260 timoris
1259 1226 1300 1260 et
1325 1231 1471 1260 sensus

91 1281 276 1341 doloris,
303 1301 383 1348 per
400 1301 509 1348 quos
533 1285 578 1330 in
602 1285 825 1345 naufragia
854 1285 1085 1330 hominum
1109 1286 1211 1331 cieri
1238 1297 1471 1349 tempesta-

90 1362 176 1399 tem
196 1355 399 1417 putavit,
422 1372 510 1400 non
527 1355 667 1401 solum
692 1355 855 1402 nullius
880 1355 982 1401 mali
1006 1366 1252 1413 coactores,
1278 1357 1350 1403 sed
1369 1374 1469 1403 cum

87 1425 347 1487 repagulum
367 1426 498 1472 bonae
521 1427 761 1474 voluntatis
782 1427 874 1472 nati
892 1437 1010 1480 sunt,
1041 1427 1257 1487 adjutores
1289 1439 1330 1474 et
1360 1445 1465 1491 per-

86 1496 311 1542 vectores2
339 1496 522 1556 justitiae
558 1497 866 1561 perdocentur.
911 1497 1019 1554 Quis
1060 1499 1174 1544 enim
1211 1499 1468 1545 formidaret

82 1564 304 1627 J'udicium
324 1604 334 1623 ,
359 1567 442 1612 nisi
466 1567 635 1614 timoris
666 1568 926 1614 admonitu?
955 1568 1065 1624 Quis
1091 1570 1364 1632 poenitentiae
1390 1587 1465 1629 ge-

86 1636 267 1682 mitibus
293 1641 522 1698 juvaretur
544 1675 556 1695 ,
594 1639 678 1684 nisi
715 1639 876 1684 doloris
907 1649 949 1683 et
980 1638 1162 1685 internee
1198 1639 1470 1700 aegritudinis

85 1706 294 1769 expiatu?
317 1707 438 1764 Quid
457 1719 676 1771 postremo
708 1709 908 1756 severitas
921 1708 1163 1769 judicantis
1182 1710 1362 1765 valeret,
1387 1709 1470 1755 nisi

85 1777 329 1824 Voluntaria
350 1789 530 1842 peccata
549 1779 657 1825 illati
676 1781 897 1826 cruciatus
910 1796 1106 1825 aerumna
1127 1779 1331 1843 puniret?
1346 1782 1467 1836 Quo-

87 1865 184 1894 rum
206 1849 404 1895 omnium
425 1850 670 1897 testimonio
699 1861 903 1914 apparet.
931 1849 1043 1895 nihil
1068 1850 1187 1896 aliud
1209 1868 1296 1897 esse
1315 1867 1469 1914 pecca-

88 1929 182 1966 tum
203 1957 214 1976 ‚
238 1937 369 1984 quam
396 1921 668 1967 voluntatem
694 1922 876 1968 liberam
905 1921 1214 1984 despicientem
1243 1933 1468 1985 praecepta

85 1990 266 2049 justitiae
305 2008 315 2036 ι
349 1991 555 2055 aliterque
588 2009 675 2038 non
711 2003 820 2038 stare
850 1992 1092 2052 justitiam,
1120 2010 1251 2056 quam
1285 1992 1318 2038 si
1359 1991 1469 2037 illud

89 2060 278 2123 imputet
297 2061 341 2106 in
358 2072 590 2124 peccatum
611 2099 621 2119 ‚
653 2067 778 2123 cujus
804 2063 972 2109 noverit
997 2061 1125 2108 fuisse
1145 2062 1328 2108 liberam
1361 2079 1469 2108 cau-

96 2130 252 2176 tionem
273 2149 283 2176 :
312 2148 360 2177 ac
386 2149 464 2195 per
481 2131 568 2178 hoc
590 2132 707 2178 nulla
726 2133 840 2193 lege,
867 2150 914 2178 ea
940 2149 1039 2196 quae
1058 2133 1273 2179 naturalia
1291 2143 1408 2189 sunt,
1427 2133 1471 2178 in

94 2201 270 2265 culpam
291 2216 418 2266 posse
439 2205 658 2267 reputari3
675 2222 752 2250 nec
773 2221 1036 2268 quemquam
1056 2206 1271 2268 suscipere
1286 2205 1468 2258 crimen,

95 2272 214 2335 quod
244 2290 330 2318 non
359 2274 449 2336 ipse
480 2276 774 2329 commiserit3
802 2293 902 2320 cum
931 2275 1067 2320 vitare
1089 2276 1237 2338 possit.
1267 2275 1365 2331 Qua
1387 2291 1470 2337 po-

98 2344 229 2389 tentia
263 2343 536 2390 Manichaeus
567 2355 609 2390 et
639 2345 941 2391 'l'raducianus
981 2346 1275 2402 consumitur,
1309 2344 1386 2407 qui
1414 2343 1474 2388 ef-

97 2413 216 2459 fossis
247 2413 378 2459 totius
402 2413 698 2474 intelligentiae
725 2414 863 2461 oculis
877 2453 888 2474 ,
913 2432 1002 2461 rem
1033 2414 1268 2462 voluntatis
1291 2424 1475 2460 conatur

98 2483 335 2529 seminibus
355 2482 598 2531 admovere.
621 2506 641 2527 ))

167 2556 280 2601 Aue.
312 2554 390 2600 His
407 2555 491 2600 tuis
507 2555 728 2602 erroribus
746 2559 839 2616 jam
860 2573 975 2620 saepe
992 2556 1298 2621 respondimus
1321 2573 1332 2601 ι
1360 2552 1476 2601 unde

151 2636 163 2659 ¹
183 2636 294 2669 Cicero
314 2647 346 2671 2.
362 2635 402 2669 de
418 2635 548 2674 finibus.
566 2656 607 2663 —
622 2637 638 2661 ²
652 2640 744 2670 Forte
763 2644 976 2682 provectores.
