1824 3236
206 273 362 303 ominis
400 271 660 302 lMPERFECTl
697 269 872 300 CONTRA
907 270 1150 312 JULIANUM,
1192 274 1274 303 Lm.
1321 273 1378 304 vr.
1434 259 1528 320 463)

154 339 453 399 atltjustitiain
474 339 551 384 Dei
577 355 664 383 non
690 338 878 400 potuisse
903 339 1133 401 imperare,
1152 340 1228 385 nisi
1246 341 1367 403 quod
1391 342 1530 387 asub-

153 409 253 456 ditis
275 410 366 455 fieri
384 426 506 473 posse
529 408 818 478 perpenderet
838 429 848 461 3
873 420 913 453 ct
929 410 1170 455 testimonio
1188 412 1318 473 primi
1343 412 1537 458 mandati

152 481 431 527 Manichaeus
450 518 460 535 ,
488 480 734 526 testimonio
756 490 897 525 autem
935 480 1079 539 legum
1111 494 1257 544 postea
1285 494 1531 529 secutarum

153 551 427 597 Manichaeus
444 549 830 614 'l'raducianusque
848 552 1137 605 consumitur,
1161 562 1235 596 aut
1259 552 1291 596 si
1307 552 1390 598 hoc
1408 553 1534 598 relin-

152 616 249 685 quit
266 620 490 684 impietas;
516 638 569 665 ne
592 621 743 667 leviter
771 621 949 685 quidem
974 639 994 665 a
1014 622 1137 666 vobis
1158 622 1355 684 pulsatus
1391 624 1534 669 Mani-

152 691 319 748 chaeUS,
342 702 532 738 vestrum
559 708 600 737 se
620 709 707 738 csse
721 702 891 755 patrem
913 702 1103 737 vestrum
1125 693 1387 756 principem,
1406 712 1535 740 cum-

149 777 236 825 que
269 761 394 807 vobis
435 761 662 807 adversum
696 779 774 808 nos
807 763 985 808 unicum
1031 762 1114 807 sibi
1158 780 1246 809 esse
1293 777 1528 819 certamen,

149 831 315 878 mundo
339 842 444 878 teste
462 833 733 880 monstrabit.
768 855 787 876 »
1200 891 1202 893 -

220 907 332 950 Aue.
365 903 460 949 Hoc
487 914 548 948 est
568 921 725 968 nempe
745 943 754 961 ,
776 904 894 968 qnod
916 922 999 950 non
1024 905 1215 967 eloquio,
1237 905 1310 950 sed
1335 905 1533 952 multilo-

149 976 254 1039 quio
277 984 534 1038 prosecutus
553 986 615 1020 est
634 1013 643 1030 ,
667 976 801 1036 legem
821 975 983 1021 scilicet
1004 977 1212 1037 priorem,
1233 993 1333 1040 quae
1353 976 1454 1022 data
1472 988 1534 1022 est

148 1047 193 1092 in
211 1045 432 1110 paradiso,
455 1046 752 1091 testimonium
773 1063 860 1091 esse
879 1056 1047 1091 naturae
1069 1046 1217 1101 bonae,
1237 1063 1336 1110 quee
1354 1047 1533 1093 condita

149 1128 211 1163 est
233 1133 334 1163 cum
358 1116 497 1162 libero
522 1117 703 1162 arbitrio
733 1135 742 1162 :
774 1117 967 1181 alioquin
993 1117 1161 1162 homini
1191 1116 1377 1162 liberum
1408 1118 1532 1163 arbi—

149 1189 281 1234 trium
301 1204 389 1233 non
407 1187 591 1233 habenti
616 1188 893 1247 injustissime
914 1189 976 1233 lex
999 1187 1190 1234 daretur.
1213 1188 1338 1234 Unde
1356 1199 1397 1234 et
1422 1206 1530 1251 pos-

149 1260 297 1317 terior,
319 1259 482 1322 inquis,
505 1259 568 1304 lex
590 1276 689 1322 quae
712 1260 1004 1323 copiosissime
1026 1261 1070 1304 in
1088 1259 1239 1305 litteris
1258 1260 1531 1322 promulgata

149 1341 228 1385 est,
251 1330 545 1375 testimonium
569 1341 631 1375 θεῖ
651 1341 818 1376 natura}
836 1331 983 1385 honre,
1002 1347 1102 1393 quae
1122 1341 1292 1375 creatur
1312 1348 1357 1375 ex
1375 1348 1530 1393 paren-

150 1401 269 1446 tibus
285 1437 295 1456 ,
319 1400 516 1446 similiter
542 1401 632 1446 sine
659 1402 783 1454 vitio,
811 1419 912 1447 cum
944 1401 1081 1446 libero
1104 1401 1300 1447 arbitrio.
1326 1403 1414 1447 lsta
1438 1402 1531 1448 dis-

149 1482 310 1535 putans
336 1471 493 1516 videris
510 1471 592 1516 tibi
618 1472 784 1535 aliquid
805 1472 948 1517 dicere
969 1509 980 1527 ,
1015 1473 1117 1535 quia
1150 1472 1216 1517 vel
1238 1483 1328 1517 tuas
1349 1472 1414 1518 vel
1441 1473 1530 1518 hu-

149 1560 300 1589 manas
324 1542 500 1589 sectaris
522 1543 709 1602 argutias
739 1561 749 1588 :
774 1543 922 1588 divina
947 1560 1046 1589 vero
1073 1542 1245 1606 eloquia
1264 1581 1274 1599 ,
1299 1561 1344 1589 ex
1367 1544 1529 1607 quibus

149 1624 190 1659 te
227 1614 354 1659 nobis
392 1623 522 1677 putas
553 1614 841 1676 praescribere
860 1651 869 1666 ,
909 1631 997 1658 non
1035 1631 1160 1659 curas
1192 1613 1357 1673 legere3
1393 1624 1468 1659 aut
1495 1614 1529 1659 si

150 1700 276 1730 curas
307 1684 445 1743 legere
476 1700 562 1730 non
588 1684 651 1729 vis
670 1721 679 1739 ,
711 1683 778 1730 vel
813 1701 902 1729 non
928 1694 1051 1747 potes
1087 1683 1356 1743 intelligere:
1399 1684 1469 1729 sed
1491 1685 1524 1730 si

147 1754 256 1801 forte
288 1753 543 1799 intellexeris
562 1754 889 1817 disputantibus
907 1755 1060 1805 nobis,
1083 1754 1173 1799 noli
1197 1771 1282 1799 esse
1302 1755 1398 1799 talis
1420 1772 1526 1818 qua-

147 1825 231 1871 lem
250 1825 481 1888 Scriptura
500 1824 678 1870 denotat
698 1825 845 1871 dicens
859 1862 869 1881 ,
901 1846 920 1867 α
943 1825 1098 1870 Verbis
1120 1842 1206 1869 non
1222 1824 1527 1871 emendabitur

149 1911 332 1941 »servus
363 1894 526 1952 durus3
552 1895 722 1948 sienim
754 1906 796 1940 et
829 1895 1108 1950 intellexerit,
1144 1912 1231 1940 non
1258 1894 1478 1942 obediet‘l.
1506 1916 1526 1937 >³

149 1968 411 2029 Quanquam
429 1976 472 2011 et
482 1983 559 2011 cor
572 1965 813 2030 lapideum,
834 1983 921 2030 quo
935 1966 1093 2011 divinis
1103 1966 1246 2012 verbis
1259 1966 1387 2011 etiam
1400 1966 1526 2012 intel-

148 2040 268 2085 lectis
283 2056 368 2084 non
387 2038 621 2095 obeditum
646 2040 781 2103 possit
806 2040 887 2084 tibi
922 2039 1101 2094 auferre,
1125 2039 1158 2084 si
1182 2039 1287 2085 velit
1308 2040 1400 2103 ,qui
1426 2040 1512 2085 hoc

147 2110 315 2175 populo
337 2109 467 2174 duro,
494 2110 718 2156 Ezecliiele
741 2122 892 2157 sancto
907 2111 1200 2174 prophetante
1225 2147 1234 2166 ,
1268 2110 1467 2173 promisit
1483 2111 1516 2157 2.

214 2183 263 2226 In
290 2180 492 2244 paradiso
514 2181 627 2226 enim
650 2181 783 2241 legem
809 2182 977 2245 accepit
1002 2182 1135 2227 homo
1157 2218 1168 2238 ‚
1191 2181 1266 2245 qui
1299 2180 1440 2227 factus
1465 2192 1527 2227 est

149 2264 308 2306 rectus,
339 2261 385 2296 ut
406 2251 630 2297 rationalis
647 2263 856 2297 creaturae
880 2253 948 2298 vel
965 2251 1077 2306 sola,
1109 2251 1173 2297 vel
1193 2253 1420 2315 praecipua
1439 2252 1527 2298 vir-

152 2334 218 2370 tus
235 2340 319 2369 esse
337 2322 583 2368 ohedientia
609 2323 850 2370 doceretur.
887 2324 973 2369 Sed
998 2323 1186 2383 ejusdem
1216 2323 1319 2383 logis
1348 2340 1526 2387 praeva-

148 2395 376 2449 ricatIOne,
403 2411 424 2438 a
449 2410 492 2439 se
510 2394 605 2456 ipso
621 2393 760 2440 factus
791 2406 854 2440 est
876 2412 1052 2458 pravus.
1079 2396 1132 2440 Et
1154 2395 1359 2458 quoniam
1378 2394 1525 2440 vitiari

148 2484 228 2532 per
250 2483 290 2512 sc
310 2466 451 2529 ipsum
480 2465 651 2528 potuit,
681 2483 769 2511 non
800 2467 968 2519 sanari3
1004 2466 1131 2511 etiam
1156 2476 1305 2529 postea
1334 2483 1383 2512 eo
1410 2474 1525 2512 tem-

119 2578 123 2581 .
150 2555 255 2601 pore
275 2547 316 2582 et
339 2554 388 2581 eo
411 2535 508 2581 loeo
527 2573 537 2586 „
571 2535 749 2599 quando
780 2554 866 2583 csse
898 2537 1144 2583 faciendum
1174 2548 1215 2582 ct
1242 2537 1316 2583 ubi
1341 2554 1428 2583 esse
1460 2535 1524 2582 fa-

200 2618 307 2650 tl'sov
337 2629 427 2660 xxix,
451 2620 498 2650 15.
521 2635 564 2642 -ν
579 2617 593 2639 ²
612 2617 725 2649 Ezecli.
743 2629 788 2661 xi,
819 2622 1111 2660 ¹2¹»,etxxxi1526.
