1863 3262
162 272 320 304 opums
355 271 619 304 IMPERFECTI
654 271 831 303 CONTRA
866 272 1111 314 summum,
1150 274 1238 305 nn.
1280 275 1351 306 111.
1425 259 1486 310 83

111 336 248 396 facit,
275 338 319 386 in
353 336 689 386 aedificationem
726 336 820 394 sui,
843 337 890 382 in
913 337 1141 386 charitate.
1172 342 1304 386 Istam
1334 340 1485 386 chari-

112 417 243 454 tatem
266 425 355 454 non
374 407 449 453 dat
469 406 551 452 nisi
580 407 691 452 Deus
719 425 730 452 ι
761 428 781 449 «
803 407 1004 454 Charitas
1024 409 1137 454 enim
1155 426 1202 455 ex
1224 411 1315 456 Deo
1333 421 1396 457 est
1408 410 1442 459 1.
1467 434 1488 455 »

111 477 239 527 Hanc
261 496 336 526 vos
358 478 472 524 inter
497 477 712 538 adjutoria
728 478 880 539 gratiae
899 495 998 543 quae
1016 482 1382 539 commemoratis,
1402 499 1488 528 no-

110 550 275 598 minare
299 565 386 595 non
413 547 546 597 vultis
565 585 577 606 ,
603 566 656 595 ne
680 547 767 595 hoc
790 549 936 612 ipsum
963 549 1088 614 quod
1112 549 1339 597 obedimus
1361 552 1452 598 Deo
1470 591 1482 610 ‚

109 622 202 679 eJ'us
223 636 309 666 esse
327 619 478 681 gratiae
500 618 762 666 concedatis.
788 619 956 666 Putatis
973 620 1141 684 quippe
1163 619 1246 666 isto
1265 622 1395 667 modo
1410 640 1484 669 au-

106 686 208 736 ferri
243 690 480 739 voluntatis
521 690 753 737 arbitrium
782 709 792 736 :
833 708 935 737 cum
971 690 1058 736 hoc
1081 690 1314 755 quisquam
1345 690 1486 740 facere

56 793 60 796 -
105 760 188 806 nisi
210 760 430 808 voluntate
451 780 540 808 non
562 763 721 826 possit3
746 762 819 808 sed
833 761 955 826 quod
976 779 1051 809 vos
1064 779 1154 808 non
1168 762 1319 822 vultis,
1336 764 1486 811 «Prae-

108 842 327 896 »paratur
348 833 549 882 voluntas
577 851 600 879 a
617 833 810 879 Domino
826 833 866 891 23
892 856 912 874 »
945 850 1033 878 non
1058 832 1296 880 forinsecus
1325 851 1486 881 sonan-

105 902 225 951 tibus
237 904 399 962 verbiS,
421 904 494 950 sed
509 904 619 950 sicut
637 916 788 950 orante
806 904 1090 969 exauditaque
1108 905 1254 965 regina
1272 907 1486 953 convertit

103 974 222 1023 Deus
243 984 286 1021 et
306 974 528 1025 transtulit
548 975 895 1036 indignationem
914 976 1024 1037 regis
1046 976 1091 1022 in
1116 975 1379 1024 lenitatemss.
1412 977 1485 1023 Si-

104 1055 181 1092 cut
210 1044 327 1096 enim
361 1045 450 1096 hoc
486 1045 636 1092 divino
673 1057 714 1093 et
743 1046 920 1093 occulto
957 1046 1089 1094 modo
1121 1047 1208 1107 egit
1232 1048 1279 1093 in
1296 1047 1486 1094 hominis

104 1113 260 1174 corde3
285 1115 346 1167 sic
360 1128 567 1180 operatur
586 1116 633 1163 in
652 1118 781 1164 nobis
805 1127 846 1163 et
877 1117 986 1165 velle
1010 1127 1054 1162 et
1070 1117 1240 1180 operari
1263 1134 1344 1184 pro
1368 1118 1487 1164 bona

103 1185 328 1234 voluntate
342 1187 376 1235 4.

167 1255 301 1304 CXV.
340 1260 441 1303 Jnr..
490 1277 510 1297 α
532 1257 601 1303 Tu
636 1274 736 1318 ergo
767 1257 993 1322 quomodo
1025 1257 1214 1303 liberum
1256 1258 1487 1307 arbitrium

102 1326 337 1385 confiteris,
359 1327 432 1372 cui
455 1343 592 1376 unum
612 1327 917 1375 tantummodo
941 1326 1050 1373 dicis
1072 1345 1160 1375 esse
1183 1328 1417 1392 possibile,
1439 1328 1484 1375 id

101 1407 180 1454 est,
206 1395 347 1447 facere
369 1396 552 1455 malum,
584 1415 674 1444 non
701 1409 845 1445 autem
862 1415 949 1444 esse
974 1398 1183 1461 possibile
1205 1398 1432 1447 deflectere
1457 1417 1482 1445 a

101 1467 217 1519 malo
240 1479 281 1517 et
301 1467 442 1517 facere
465 1469 664 1516 honum⁵
685 1472 703 1516 ἶ)
724 1491 744 1511 >>

165 1541 281 1586 Ana.
323 1540 434 1586 Dico
454 1558 541 1586 esse
574 1540 782 1604 possibile
807 1539 1024 1587 voluntati
1041 1539 1233 1588 hominis
1251 1539 1479 1588 deflectere

100 1628 123 1657 a
145 1610 259 1659 malo
282 1620 324 1660 et
343 1609 483 1658 facere
497 1612 666 1658 bonum
688 1632 699 1666 ;
725 1611 799 1657 sed
823 1612 861 1656 ei
882 1610 1096 1658 voluntati
1113 1627 1248 1675 quam
1271 1611 1384 1660 Deus
1408 1610 1478 1658 ad·

91 1683 220 1741 juvat
238 1681 368 1743 gratis
388 1699 476 1728 non
494 1699 627 1746 quam
645 1682 843 1728 Julianus
862 1681 989 1727 inflat
1007 1682 1215 1742 ingratus.

161 1752 322 1802 CXVI.
351 1757 446 1801 JUL.
472 1775 493 1796 «
512 1754 654 1800 Taceo
677 1753 852 1800 interim
865 1769 953 1816 qua
976 1752 1096 1798 rabie
1118 1752 1166 1798 in
1184 1763 1321 1799 totam
1339 1752 1477 1813 legem

95 1819 278 1881 fremas,
303 1840 436 1890 quam
459 1823 599 1870 credis
629 1841 677 1870 ea
714 1824 947 1887 imperasse
967 1822 1229 1869 mortalibus
1245 1860 1257 1881 ‚
1286 1839 1477 1888 quorum

97 1891 218 1955 apud
231 1910 300 1939 eos
318 1894 487 1940 nullam
507 1894 759 1941 facultatem
782 1894 964 1940 videret.
989 1914 1010 1935 »

162 1962 278 2011 AUG.
306 1964 407 2011 Non
430 1976 491 2013 est
511 1982 662 2012 verum
683 1964 804 2028 quod
829 1963 952 2010 dicis.
979 1963 1088 2008 Haec
1107 1964 1295 2026 imperat
1323 1965 1437 2009 Deus
1458 2000 1470 2018 ,

95 2048 196 2097 quae
217 2033 314 2083 fieri
334 2046 518 2098 possunt
539 2053 549 2080 :
573 2034 646 2082 sed
666 2034 760 2098 ipse
785 2033 907 2079 dedit
934 2043 983 2078 ut
1003 2031 1167 2078 faciant
1184 2069 1195 2089 ,
1223 2032 1281 2078 eis
1307 2032 1384 2098 qui
1402 2031 1472 2077 fa-

97 2118 191 2148 oere
206 2114 389 2166 possunt
408 2115 450 2154 et
472 2104 639 2152 faciunt
649 2123 660 2162 ;
692 2115 734 2151 et
760 2121 828 2151 eos
857 2103 934 2166 qui
969 2119 1060 2149 non
1087 2112 1274 2166 possunt
1294 2138 1305 2160 ,
1329 2103 1475 2165 impe-

94 2172 232 2222 rando
252 2173 458 2226 admonet
481 2193 504 2221 a
519 2193 561 2221 se
584 2191 762 2239 poscere
787 2184 836 2221 ut
854 2172 1037 2236 possint.
1066 2174 1121 2217 Et
1136 2171 1256 2237 quod
1274 2189 1362 2217 non
1383 2189 1475 2218 om-

94 2242 165 2289 nia
189 2243 247 2290 ab
272 2261 538 2311 unoquoque
562 2256 811 2292 sanctorum
843 2245 958 2290 fiunt
979 2280 991 2300 ,
1020 2243 1143 2288 novit
1174 2244 1288 2288 Deus
1315 2259 1474 2306 quem-

95 2312 332 2364 admodum
351 2317 409 2365 eis
440 2316 496 2364 ad
518 2315 814 2363 humilitatem
841 2313 1040 2360 consulat
1056 2349 1069 2370 ‚
1096 2313 1258 2376 quibus
1276 2312 1473 2377 quotidie

93 2381 366 2447 dicentibus,
399 2407 420 2430 «
437 2387 618 2434 Dimitte
636 2386 764 2433 nobis
787 2385 936 2433 debita
959 2393 1105 2430 nostra
1122 2383 1140 2412 6
1159 2420 1172 2442 ,
1191 2404 1212 2425 1>
1235 2382 1295 2429 sic
1316 2386 1470 2447 opitu-

138 2502 153 2527 !
176 2514 192 2534 1
219 2505 379 2546 Joan.1v‚
411 2514 443 2544 7.
465 2520 511 2528 -
529 2501 546 2527 ²
575 2505 671 2538 Prov.
699 2514 763 2534 vm
778 2526 786 2541 ‚
815 2503 907 2544 juxta
932 2511 1008 2534 Lxx.
1025 2517 1072 2528 -
1098 2497 1113 2524 ³
1131 2500 1253 2533 Esther.
1283 2511 1338 2538 xv,
1358 2510 1472 2532 11.—

95 2555 110 2581 4
125 2557 243 2607 Philip.
257 2571 297 2602 ιι,
317 2560 428 2592 13.—
447 2556 461 2582 ⁵
477 2558 561 2594 Psal.
581 2569 700 2597 nxur,
723 2560 778 2593 15.
794 2575 838 2582 —
856 2554 871 2578 6
887 2556 1009 2591 Matth.
1025 2567 1069 2597 vr,
1088 2567 1140 2590 12.

1257 2629 1305 2675 6.
