<?xml version="1.0" encoding="UTF-8"?>
<!DOCTYPE html PUBLIC "-//W3C//DTD XHTML 1.0 Transitional//EN"
    "http://www.w3.org/TR/xhtml1/DTD/xhtml1-transitional.dtd">
<html xmlns="http://www.w3.org/1999/xhtml" xml:lang="en" lang="en">
 <head>
  <title>
</title>
<meta http-equiv="Content-Type" content="text/html;charset=utf-8" />
  <meta name='ocr-system' content='tesseract 3.04.00' />
  <meta name='ocr-capabilities' content='ocr_page ocr_carea ocr_par ocr_line ocrx_word'/>
</head>
<body>
  <div class='ocr_page' id='page_1' title='image "./operaomniaaccura37auguuoft/operaomniaaccura37auguuoft_0066.png"; bbox 0 0 1863 3262; ppageno 0'>
   <div class='ocr_carea' id='block_1_1' title="bbox 314 258 1297 305">
    <p class='ocr_par' dir='ltr' id='par_1_1' title="bbox 314 258 1297 305">
     <span class='ocr_line' id='line_1_1' title="bbox 314 258 1297 305; baseline -0.008 0"><span class='ocrx_word' id='word_1_1' title='bbox 314 258 377 305; x_wconf 75' lang='lat'>56</span> <span class='ocrx_word' id='word_1_2' title='bbox 736 271 771 300; x_wconf 86' lang='lat' dir='ltr'>s.</span> <span class='ocrx_word' id='word_1_3' title='bbox 816 269 1059 300; x_wconf 63' lang='lat' dir='ltr'>aucusrnw</span> <span class='ocrx_word' id='word_1_4' title='bbox 1097 267 1297 298; x_wconf 71' lang='lat' dir='ltr'>nrrscom</span> 
     </span>
    </p>
   </div>
   <div class='ocr_carea' id='block_1_2' title="bbox 314 334 1720 2526">
    <p class='ocr_par' dir='ltr' id='par_1_2' title="bbox 316 334 1692 543">
     <span class='ocr_line' id='line_1_2' title="bbox 380 334 1688 397; baseline -0.004 -13"><span class='ocrx_word' id='word_1_5' title='bbox 380 340 566 384; x_wconf 80' lang='lat' dir='ltr'>LXXX.</span> <span class='ocrx_word' id='word_1_6' title='bbox 595 336 696 382; x_wconf 82' lang='lat' dir='ltr'>JUL.</span> <span class='ocrx_word' id='word_1_7' title='bbox 714 340 852 381; x_wconf 85' lang='lat' dir='ltr'>«Istae</span> <span class='ocrx_word' id='word_1_8' title='bbox 874 346 975 381; x_wconf 88' lang='lat' dir='ltr'>sunt</span> <span class='ocrx_word' id='word_1_9' title='bbox 995 352 1093 394; x_wconf 83' lang='lat' dir='ltr'>ergo</span> <span class='ocrx_word' id='word_1_10' title='bbox 1119 351 1277 391; x_wconf 58' lang='lat' dir='ltr'>causae,</span> <span class='ocrx_word' id='word_1_11' title='bbox 1308 351 1408 397; x_wconf 76' lang='lat' dir='ltr'>quae</span> <span class='ocrx_word' id='word_1_12' title='bbox 1435 351 1512 380; x_wconf 87' lang='lat' dir='ltr'>nos</span> <span class='ocrx_word' id='word_1_13' title='bbox 1540 334 1584 380; x_wconf 89' lang='lat' dir='ltr'>in</span> <span class='ocrx_word' id='word_1_14' title='bbox 1602 334 1688 380; x_wconf 88' lang='lat' dir='ltr'>im-</span> 
     </span>
     <span class='ocr_line' id='line_1_3' title="bbox 316 405 1692 472; baseline -0.003 -17"><span class='ocrx_word' id='word_1_15' title='bbox 316 409 629 472; x_wconf 82' lang='lat' dir='ltr'>pugnationem</span> <span class='ocrx_word' id='word_1_16' title='bbox 655 407 757 452; x_wconf 86' lang='lat' dir='ltr'>mali</span> <span class='ocrx_word' id='word_1_17' title='bbox 778 406 984 452; x_wconf 82' lang='lat' dir='ltr'>naturalis</span> <span class='ocrx_word' id='word_1_18' title='bbox 999 405 1261 462; x_wconf 82' lang='lat' dir='ltr'>accendunt,</span> <span class='ocrx_word' id='word_1_19' title='bbox 1289 423 1389 469; x_wconf 81' lang='lat' dir='ltr'>quae</span> <span class='ocrx_word' id='word_1_20' title='bbox 1406 406 1630 465; x_wconf 77' lang='lat' dir='ltr'>dedignari</span> <span class='ocrx_word' id='word_1_21' title='bbox 1650 415 1692 451; x_wconf 88' lang='lat' dir='ltr'>et</span> 
     </span>
     <span class='ocr_line' id='line_1_4' title="bbox 318 476 1313 543; baseline -0.008 -17"><span class='ocrx_word' id='word_1_22' title='bbox 318 480 539 543; x_wconf 78' lang='lat' dir='ltr'><strong>despicere</strong></span> <span class='ocrx_word' id='word_1_23' title='bbox 558 477 727 524; x_wconf 82' lang='lat' dir='ltr'>faciunt</span> <span class='ocrx_word' id='word_1_24' title='bbox 746 478 959 522; x_wconf 84' lang='lat' dir='ltr'>consortia</span> <span class='ocrx_word' id='word_1_25' title='bbox 982 476 1269 540; x_wconf 88' lang='lat' dir='ltr'>perditorum.</span> <span class='ocrx_word' id='word_1_26' title='bbox 1293 498 1313 519; x_wconf 84' lang='lat'>»</span> 
     </span>
    </p>

    <p class='ocr_par' dir='ltr' id='par_1_3' title="bbox 314 546 1692 756">
     <span class='ocr_line' id='line_1_5' title="bbox 381 546 1692 611; baseline -0.004 -16"><span class='ocrx_word' id='word_1_27' title='bbox 381 555 498 596; x_wconf 81' lang='lat' dir='ltr'>AnG.</span> <span class='ocrx_word' id='word_1_28' title='bbox 531 550 615 594; x_wconf 86' lang='lat' dir='ltr'>Tot</span> <span class='ocrx_word' id='word_1_29' title='bbox 632 559 938 611; x_wconf 84' lang='lat' dir='ltr'>tantorumque</span> <span class='ocrx_word' id='word_1_30' title='bbox 957 547 1190 592; x_wconf 83' lang='lat' dir='ltr'>doctorum</span> <span class='ocrx_word' id='word_1_31' title='bbox 1223 547 1543 593; x_wconf 71' lang='lat' dir='ltr'>catholicorum</span> <span class='ocrx_word' id='word_1_32' title='bbox 1565 546 1692 609; x_wconf 86' lang='lat' dir='ltr'>pium</span> 
     </span>
     <span class='ocr_line' id='line_1_6' title="bbox 317 618 1692 681; baseline -0.004 -14"><span class='ocrx_word' id='word_1_33' title='bbox 317 637 572 668; x_wconf 89' lang='lat' dir='ltr'>consensum</span> <span class='ocrx_word' id='word_1_34' title='bbox 587 619 708 665; x_wconf 88' lang='lat' dir='ltr'>nullo</span> <span class='ocrx_word' id='word_1_35' title='bbox 733 618 864 664; x_wconf 91' lang='lat' dir='ltr'>modo</span> <span class='ocrx_word' id='word_1_36' title='bbox 880 656 890 675; x_wconf 87' lang='lat'>‚</span> <span class='ocrx_word' id='word_1_37' title='bbox 907 619 988 664; x_wconf 88' lang='lat' dir='ltr'>nisi</span> <span class='ocrx_word' id='word_1_38' title='bbox 1007 618 1220 681; x_wconf 83' lang='lat' dir='ltr'>perditus,</span> <span class='ocrx_word' id='word_1_39' title='bbox 1246 618 1408 664; x_wconf 83' lang='lat' dir='ltr'>diceres</span> <span class='ocrx_word' id='word_1_40' title='bbox 1426 618 1692 664; x_wconf 77' lang='lat' dir='ltr'>consortium</span> 
     </span>
     <span class='ocr_line' id='line_1_7' title="bbox 314 692 603 756; baseline -0.003 -19"><span class='ocrx_word' id='word_1_41' title='bbox 314 692 603 756; x_wconf 86' lang='lat' dir='ltr'>perditorum.</span> 
     </span>
    </p>

    <p class='ocr_par' dir='ltr' id='par_1_4' title="bbox 315 757 1697 1022">
     <span class='ocr_line' id='line_1_8' title="bbox 378 757 1696 822; baseline -0.004 -15"><span class='ocrx_word' id='word_1_42' title='bbox 378 765 586 807; x_wconf 67' lang='lat' dir='ltr'>LXXXI.</span> <span class='ocrx_word' id='word_1_43' title='bbox 618 761 720 806; x_wconf 80' lang='lat' dir='ltr'>JUL.</span> <span class='ocrx_word' id='word_1_44' title='bbox 737 781 756 801; x_wconf 77' lang='grc' dir='ltr'>α</span> <span class='ocrx_word' id='word_1_45' title='bbox 782 760 894 817; x_wconf 84' lang='lat' dir='ltr'>Quae</span> <span class='ocrx_word' id='word_1_46' title='bbox 920 770 1133 822; x_wconf 74' lang='lat' dir='ltr'>praestant</span> <span class='ocrx_word' id='word_1_47' title='bbox 1157 759 1294 804; x_wconf 85' lang='lat' dir='ltr'>nihilo</span> <span class='ocrx_word' id='word_1_48' title='bbox 1315 761 1449 819; x_wconf 78' lang='lat' dir='ltr'>magis</span> <span class='ocrx_word' id='word_1_49' title='bbox 1471 776 1547 804; x_wconf 88' lang='lat' dir='ltr'>nos</span> <span class='ocrx_word' id='word_1_50' title='bbox 1566 757 1696 804; x_wconf 86' lang='lat' dir='ltr'>totius</span> 
     </span>
     <span class='ocr_line' id='line_1_9' title="bbox 316 828 1695 894; baseline -0.004 -15"><span class='ocrx_word' id='word_1_51' title='bbox 316 832 473 879; x_wconf 88' lang='lat' dir='ltr'>mundi</span> <span class='ocrx_word' id='word_1_52' title='bbox 506 831 677 892; x_wconf 81' lang='lat' dir='ltr'>fragore</span> <span class='ocrx_word' id='word_1_53' title='bbox 705 831 853 876; x_wconf 84' lang='lat' dir='ltr'>terreri</span> <span class='ocrx_word' id='word_1_54' title='bbox 873 868 883 885; x_wconf 70' lang='grc'>,</span> <span class='ocrx_word' id='word_1_55' title='bbox 910 848 1043 894; x_wconf 84' lang='lat' dir='ltr'>quam</span> <span class='ocrx_word' id='word_1_56' title='bbox 1064 831 1097 876; x_wconf 83' lang='lat' dir='ltr'>si</span> <span class='ocrx_word' id='word_1_57' title='bbox 1122 830 1368 876; x_wconf 63' lang='lat' dir='ltr'>videremus</span> <span class='ocrx_word' id='word_1_58' title='bbox 1405 829 1532 875; x_wconf 87' lang='lat' dir='ltr'>tristis</span> <span class='ocrx_word' id='word_1_59' title='bbox 1551 828 1695 891; x_wconf 85' lang='lat' dir='ltr'>lupini</span> 
     </span>
     <span class='ocr_line' id='line_1_10' title="bbox 315 899 1697 967; baseline -0.004 -18"><span class='ocrx_word' id='word_1_60' title='bbox 315 903 484 967; x_wconf 77' lang='lat' dir='ltr'>sylvam</span> <span class='ocrx_word' id='word_1_61' title='bbox 503 911 744 957; x_wconf 80' lang='lat' dir='ltr'>sonantem,</span> <span class='ocrx_word' id='word_1_62' title='bbox 773 901 838 948; x_wconf 89' lang='lat' dir='ltr'>vel</span> <span class='ocrx_word' id='word_1_63' title='bbox 858 900 1098 947; x_wconf 84' lang='lat' dir='ltr'>immundis</span> <span class='ocrx_word' id='word_1_64' title='bbox 1115 901 1281 958; x_wconf 80' lang='lat' dir='ltr'>suibus,</span> <span class='ocrx_word' id='word_1_65' title='bbox 1299 900 1368 947; x_wconf 77' lang='lat' dir='ltr'>vel</span> <span class='ocrx_word' id='word_1_66' title='bbox 1382 899 1518 947; x_wconf 78' lang='lat' dir='ltr'>ventis</span> <span class='ocrx_word' id='word_1_67' title='bbox 1532 899 1697 945; x_wconf 85' lang='lat' dir='ltr'>irruen-</span> 
     </span>
     <span class='ocr_line' id='line_1_11' title="bbox 317 972 745 1022; baseline -0.007 -2"><span class='ocrx_word' id='word_1_68' title='bbox 317 975 436 1022; x_wconf 84' lang='lat' dir='ltr'><strong>tibus</strong></span> <span class='ocrx_word' id='word_1_69' title='bbox 464 972 745 1020; x_wconf 82' lang='lat' dir='ltr'>commoveri.</span> 
     </span>
    </p>

    <p class='ocr_par' dir='ltr' id='par_1_5' title="bbox 316 1041 1702 1249">
     <span class='ocr_line' id='line_1_12' title="bbox 381 1041 1694 1105; baseline -0.003 -16"><span class='ocrx_word' id='word_1_70' title='bbox 381 1048 501 1090; x_wconf 79' lang='lat' dir='ltr'>AnG.</span> <span class='ocrx_word' id='word_1_71' title='bbox 532 1044 699 1089; x_wconf 83' lang='lat' dir='ltr'>Diffusa</span> <span class='ocrx_word' id='word_1_72' title='bbox 723 1053 813 1088; x_wconf 87' lang='lat' dir='ltr'>toto</span> <span class='ocrx_word' id='word_1_73' title='bbox 840 1043 945 1089; x_wconf 84' lang='lat' dir='ltr'>orbe</span> <span class='ocrx_word' id='word_1_74' title='bbox 968 1042 1187 1089; x_wconf 83' lang='lat' dir='ltr'>catholica</span> <span class='ocrx_word' id='word_1_75' title='bbox 1218 1041 1409 1088; x_wconf 80' lang='lat' dir='ltr'>Ecclesia</span> <span class='ocrx_word' id='word_1_76' title='bbox 1426 1079 1437 1097; x_wconf 72' lang='lat'>,</span> <span class='ocrx_word' id='word_1_77' title='bbox 1456 1058 1556 1105; x_wconf 68' lang='lat' dir='ltr'>quae</span> <span class='ocrx_word' id='word_1_78' title='bbox 1579 1056 1694 1104; x_wconf 85' lang='lat' dir='ltr'>pru-</span> 
     </span>
     <span class='ocr_line' id='line_1_13' title="bbox 316 1113 1702 1178; baseline -0.002 -16"><span class='ocrx_word' id='word_1_79' title='bbox 316 1116 469 1163; x_wconf 83' lang='lat' dir='ltr'>denter</span> <span class='ocrx_word' id='word_1_80' title='bbox 488 1116 713 1162; x_wconf 80' lang='lat' dir='ltr'>exhorruit</span> <span class='ocrx_word' id='word_1_81' title='bbox 729 1133 803 1161; x_wconf 86' lang='lat' dir='ltr'>ora</span> <span class='ocrx_word' id='word_1_82' title='bbox 821 1128 980 1172; x_wconf 83' lang='lat' dir='ltr'>vestra,</span> <span class='ocrx_word' id='word_1_83' title='bbox 1005 1134 1091 1162; x_wconf 92' lang='lat' dir='ltr'>non</span> <span class='ocrx_word' id='word_1_84' title='bbox 1113 1127 1174 1162; x_wconf 86' lang='lat' dir='ltr'>est</span> <span class='ocrx_word' id='word_1_85' title='bbox 1199 1115 1343 1178; x_wconf 89' lang='lat' dir='ltr'>lupini</span> <span class='ocrx_word' id='word_1_86' title='bbox 1363 1113 1502 1178; x_wconf 80' lang='lat' dir='ltr'>sylva,</span> <span class='ocrx_word' id='word_1_87' title='bbox 1523 1113 1595 1160; x_wconf 86' lang='lat' dir='ltr'>sed</span> <span class='ocrx_word' id='word_1_88' title='bbox 1617 1131 1702 1159; x_wconf 84' lang='lat' dir='ltr'>esse</span> 
     </span>
     <span class='ocr_line' id='line_1_14' title="bbox 318 1186 1068 1249; baseline 0 -16"><span class='ocrx_word' id='word_1_89' title='bbox 318 1187 459 1234; x_wconf 82' lang='lat' dir='ltr'>voluit</span> <span class='ocrx_word' id='word_1_90' title='bbox 487 1204 508 1232; x_wconf 88' lang='lat' dir='ltr'>a</span> <span class='ocrx_word' id='word_1_91' title='bbox 530 1186 694 1249; x_wconf 91' lang='lat' dir='ltr'>lupinis</span> <span class='ocrx_word' id='word_1_92' title='bbox 720 1187 938 1232; x_wconf 84' lang='lat' dir='ltr'>morsibus</span> <span class='ocrx_word' id='word_1_93' title='bbox 959 1197 1068 1233; x_wconf 82' lang='lat' dir='ltr'>tuta.</span> 
     </span>
    </p>

    <p class='ocr_par' dir='ltr' id='par_1_6' title="bbox 319 1256 1710 1745">
     <span class='ocr_line' id='line_1_15' title="bbox 385 1256 1705 1319; baseline -0.002 -16"><span class='ocrx_word' id='word_1_94' title='bbox 385 1258 616 1304; x_wconf 80' lang='lat' dir='ltr'>LXXXII.</span> <span class='ocrx_word' id='word_1_95' title='bbox 649 1261 749 1304; x_wconf 74' lang='lat' dir='ltr'><strong>JUL.</strong></span> <span class='ocrx_word' id='word_1_96' title='bbox 792 1278 811 1298; x_wconf 87' lang='lat'>«</span> <span class='ocrx_word' id='word_1_97' title='bbox 844 1259 959 1317; x_wconf 81' lang='lat' dir='ltr'>Ergo</span> <span class='ocrx_word' id='word_1_98' title='bbox 987 1259 1129 1303; x_wconf 87' lang='lat' dir='ltr'>Deum</span> <span class='ocrx_word' id='word_1_99' title='bbox 1152 1268 1193 1302; x_wconf 91' lang='lat' dir='ltr'>et</span> <span class='ocrx_word' id='word_1_100' title='bbox 1211 1260 1377 1316; x_wconf 88' lang='lat' dir='ltr'>justum</span> <span class='ocrx_word' id='word_1_101' title='bbox 1403 1266 1444 1302; x_wconf 87' lang='lat' dir='ltr'>et</span> <span class='ocrx_word' id='word_1_102' title='bbox 1464 1256 1586 1319; x_wconf 86' lang='lat' dir='ltr'>pium</span> <span class='ocrx_word' id='word_1_103' title='bbox 1612 1272 1705 1301; x_wconf 88' lang='lat' dir='ltr'>cre-</span> 
     </span>
     <span class='ocr_line' id='line_1_16' title="bbox 321 1327 1706 1392; baseline -0.002 -18"><span class='ocrx_word' id='word_1_104' title='bbox 321 1328 465 1374; x_wconf 87' lang='lat' dir='ltr'>dimus</span> <span class='ocrx_word' id='word_1_105' title='bbox 493 1339 533 1373; x_wconf 88' lang='lat' dir='ltr'>et</span> <span class='ocrx_word' id='word_1_106' title='bbox 557 1345 782 1384; x_wconf 74' lang='lat' dir='ltr'>veracem,</span> <span class='ocrx_word' id='word_1_107' title='bbox 827 1345 876 1373; x_wconf 84' lang='lat' dir='ltr'>ac</span> <span class='ocrx_word' id='word_1_108' title='bbox 899 1346 976 1392; x_wconf 89' lang='lat' dir='ltr'>per</span> <span class='ocrx_word' id='word_1_109' title='bbox 1011 1329 1099 1374; x_wconf 89' lang='lat' dir='ltr'>hoc</span> <span class='ocrx_word' id='word_1_110' title='bbox 1134 1328 1247 1373; x_wconf 88' lang='lat' dir='ltr'>nihil</span> <span class='ocrx_word' id='word_1_111' title='bbox 1285 1327 1554 1391; x_wconf 84' lang='lat' dir='ltr'>impossibile</span> <span class='ocrx_word' id='word_1_112' title='bbox 1586 1343 1706 1371; x_wconf 84' lang='lat' dir='ltr'>man-</span> 
     </span>
     <span class='ocr_line' id='line_1_17' title="bbox 322 1396 1706 1458; baseline -0.003 -14"><span class='ocrx_word' id='word_1_113' title='bbox 322 1398 441 1444; x_wconf 89' lang='lat' dir='ltr'>dasse</span> <span class='ocrx_word' id='word_1_114' title='bbox 464 1398 600 1457; x_wconf 82' lang='lat' dir='ltr'>legem</span> <span class='ocrx_word' id='word_1_115' title='bbox 623 1401 713 1458; x_wconf 90' lang='lat' dir='ltr'>ejus</span> <span class='ocrx_word' id='word_1_116' title='bbox 739 1409 932 1444; x_wconf 87' lang='lat' dir='ltr'>tenemus</span> <span class='ocrx_word' id='word_1_117' title='bbox 949 1436 959 1455; x_wconf 79' lang='lat'>‚</span> <span class='ocrx_word' id='word_1_118' title='bbox 990 1399 1102 1444; x_wconf 89' lang='lat' dir='ltr'>nihil</span> <span class='ocrx_word' id='word_1_119' title='bbox 1128 1398 1285 1444; x_wconf 85' lang='lat' dir='ltr'>falsum</span> <span class='ocrx_word' id='word_1_120' title='bbox 1309 1398 1567 1443; x_wconf 84' lang='lat' dir='ltr'>confirmare</span> <span class='ocrx_word' id='word_1_121' title='bbox 1595 1396 1706 1441; x_wconf 81' lang='lat' dir='ltr'>testi-</span> 
     </span>
     <span class='ocr_line' id='line_1_18' title="bbox 324 1467 1707 1532; baseline -0.001 -19"><span class='ocrx_word' id='word_1_122' title='bbox 324 1468 468 1514; x_wconf 89' lang='lat' dir='ltr'>monia</span> <span class='ocrx_word' id='word_1_123' title='bbox 490 1506 501 1525; x_wconf 87' lang='lat'><strong>,</strong></span> <span class='ocrx_word' id='word_1_124' title='bbox 538 1468 652 1513; x_wconf 90' lang='lat' dir='ltr'>nihil</span> <span class='ocrx_word' id='word_1_125' title='bbox 683 1469 883 1532; x_wconf 88' lang='lat' dir='ltr'>iniquum</span> <span class='ocrx_word' id='word_1_126' title='bbox 918 1469 1202 1532; x_wconf 87' lang='lat' dir='ltr'>pronuntiare</span> <span class='ocrx_word' id='word_1_127' title='bbox 1229 1468 1433 1528; x_wconf 85' lang='lat' dir='ltr'>judicia:</span> <span class='ocrx_word' id='word_1_128' title='bbox 1463 1467 1537 1513; x_wconf 89' lang='lat' dir='ltr'>sed</span> <span class='ocrx_word' id='word_1_129' title='bbox 1562 1467 1707 1530; x_wconf 89' lang='lat' dir='ltr'>ipsum</span> 
     </span>
     <span class='ocr_line' id='line_1_19' title="bbox 319 1537 1708 1602; baseline -0.001 -18"><span class='ocrx_word' id='word_1_130' title='bbox 319 1555 407 1584; x_wconf 88' lang='lat' dir='ltr'>esse</span> <span class='ocrx_word' id='word_1_131' title='bbox 435 1538 666 1584; x_wconf 90' lang='lat' dir='ltr'>hominum</span> <span class='ocrx_word' id='word_1_132' title='bbox 694 1538 965 1584; x_wconf 85' lang='lat' dir='ltr'>conditorem</span> <span class='ocrx_word' id='word_1_133' title='bbox 987 1577 998 1595; x_wconf 77' lang='lat'>‚</span> <span class='ocrx_word' id='word_1_134' title='bbox 1021 1556 1129 1602; x_wconf 86' lang='lat' dir='ltr'>quos</span> <span class='ocrx_word' id='word_1_135' title='bbox 1156 1538 1263 1584; x_wconf 86' lang='lat' dir='ltr'>nulli</span> <span class='ocrx_word' id='word_1_136' title='bbox 1291 1538 1465 1584; x_wconf 84' lang='lat' dir='ltr'>crimini</span> <span class='ocrx_word' id='word_1_137' title='bbox 1500 1537 1708 1584; x_wconf 77' lang='lat' dir='ltr'>obnoxios</span> 
     </span>
     <span class='ocr_line' id='line_1_20' title="bbox 322 1608 1710 1674; baseline -0.002 -18"><span class='ocrx_word' id='word_1_138' title='bbox 322 1620 457 1665; x_wconf 83' lang='lat' dir='ltr'>creat,</span> <span class='ocrx_word' id='word_1_139' title='bbox 477 1626 629 1656; x_wconf 88' lang='lat' dir='ltr'>verum</span> <span class='ocrx_word' id='word_1_140' title='bbox 647 1609 797 1673; x_wconf 85' lang='lat' dir='ltr'>plenos</span> <span class='ocrx_word' id='word_1_141' title='bbox 826 1609 1006 1674; x_wconf 89' lang='lat' dir='ltr'>quidem</span> <span class='ocrx_word' id='word_1_142' title='bbox 1038 1610 1286 1656; x_wconf 88' lang='lat' dir='ltr'>innocentia</span> <span class='ocrx_word' id='word_1_143' title='bbox 1310 1608 1523 1665; x_wconf 81' lang='lat' dir='ltr'>naturali,</span> <span class='ocrx_word' id='word_1_144' title='bbox 1548 1608 1710 1654; x_wconf 82' lang='lat' dir='ltr'>volun-</span> 
     </span>
     <span class='ocr_line' id='line_1_21' title="bbox 325 1681 1160 1745; baseline 0.002 -19"><span class='ocrx_word' id='word_1_145' title='bbox 325 1692 536 1727; x_wconf 79' lang='lat' dir='ltr'>tanarum</span> <span class='ocrx_word' id='word_1_146' title='bbox 565 1691 709 1726; x_wconf 87' lang='lat' dir='ltr'>autem</span> <span class='ocrx_word' id='word_1_147' title='bbox 728 1681 940 1728; x_wconf 80' lang='lat' dir='ltr'>virtutum</span> <span class='ocrx_word' id='word_1_148' title='bbox 965 1699 1160 1745; x_wconf 78' lang='lat' dir='ltr'>capaces.</span> 
     </span>
    </p>

    <p class='ocr_par' dir='ltr' id='par_1_7' title="bbox 325 1751 1718 2224">
     <span class='ocr_line' id='line_1_22' title="bbox 392 1751 1711 1812; baseline -0.002 -14"><span class='ocrx_word' id='word_1_149' title='bbox 392 1757 510 1799; x_wconf 66' lang='lat' dir='ltr'>Aue.</span> <span class='ocrx_word' id='word_1_150' title='bbox 558 1751 683 1798; x_wconf 89' lang='lat' dir='ltr'>Unde</span> <span class='ocrx_word' id='word_1_151' title='bbox 724 1769 824 1812; x_wconf 83' lang='lat' dir='ltr'>ergo</span> <span class='ocrx_word' id='word_1_152' title='bbox 863 1770 952 1798; x_wconf 89' lang='lat' dir='ltr'>non</span> <span class='ocrx_word' id='word_1_153' title='bbox 988 1754 1275 1809; x_wconf 79' lang='lat' dir='ltr'>exsulllatam‚</span> <span class='ocrx_word' id='word_1_154' title='bbox 1303 1769 1390 1797; x_wconf 90' lang='lat' dir='ltr'>non</span> <span class='ocrx_word' id='word_1_155' title='bbox 1427 1751 1711 1797; x_wconf 78' lang='lat' dir='ltr'>exorcizatam</span> 
     </span>
     <span class='ocr_line' id='line_1_23' title="bbox 325 1821 1713 1882; baseline -0.004 -13"><span class='ocrx_word' id='word_1_156' title='bbox 325 1822 559 1882; x_wconf 83' lang='lat' dir='ltr'>imaginem</span> <span class='ocrx_word' id='word_1_157' title='bbox 590 1838 713 1868; x_wconf 91' lang='lat' dir='ltr'>suam</span> <span class='ocrx_word' id='word_1_158' title='bbox 746 1839 834 1867; x_wconf 93' lang='lat' dir='ltr'>non</span> <span class='ocrx_word' id='word_1_159' title='bbox 879 1822 1071 1868; x_wconf 84' lang='lat' dir='ltr'>admittit</span> <span class='ocrx_word' id='word_1_160' title='bbox 1114 1822 1168 1868; x_wconf 88' lang='lat' dir='ltr'>ad</span> <span class='ocrx_word' id='word_1_161' title='bbox 1200 1823 1333 1868; x_wconf 66' lang='lat' dir='ltr'>vitam</span> <span class='ocrx_word' id='word_1_162' title='bbox 1359 1824 1513 1867; x_wconf 65' lang='lat' dir='ltr'>suam?</span> <span class='ocrx_word' id='word_1_163' title='bbox 1541 1821 1713 1866; x_wconf 83' lang='lat' dir='ltr'>Siccine</span> 
     </span>
     <span class='ocr_line' id='line_1_24' title="bbox 328 1891 1712 1957; baseline -0.003 -18"><span class='ocrx_word' id='word_1_164' title='bbox 328 1909 492 1939; x_wconf 86' lang='lat' dir='ltr'>merces</span> <span class='ocrx_word' id='word_1_165' title='bbox 512 1892 772 1938; x_wconf 70' lang='lat' dir='ltr'>innocentiae</span> <span class='ocrx_word' id='word_1_166' title='bbox 790 1893 1019 1939; x_wconf 64' lang='lat' dir='ltr'>redditur?</span> <span class='ocrx_word' id='word_1_167' title='bbox 1052 1898 1119 1939; x_wconf 86' lang='lat' dir='ltr'>An</span> <span class='ocrx_word' id='word_1_168' title='bbox 1144 1893 1289 1957; x_wconf 86' lang='lat' dir='ltr'>potius</span> <span class='ocrx_word' id='word_1_169' title='bbox 1318 1891 1591 1953; x_wconf 83' lang='lat' dir='ltr'>generatione</span> <span class='ocrx_word' id='word_1_170' title='bbox 1621 1907 1712 1936; x_wconf 88' lang='lat' dir='ltr'>rea-</span> 
     </span>
     <span class='ocr_line' id='line_1_25' title="bbox 331 1964 1713 2026; baseline -0.003 -16"><span class='ocrx_word' id='word_1_171' title='bbox 331 1975 401 2010; x_wconf 78' lang='lat' dir='ltr'>tus</span> <span class='ocrx_word' id='word_1_172' title='bbox 425 1973 650 2018; x_wconf 83' lang='lat' dir='ltr'>attractus,</span> <span class='ocrx_word' id='word_1_173' title='bbox 674 1980 813 2026; x_wconf 83' lang='lat' dir='ltr'>neque</span> <span class='ocrx_word' id='word_1_174' title='bbox 830 1965 1153 2023; x_wconf 77' lang='lat' dir='ltr'>regeneratione</span> <span class='ocrx_word' id='word_1_175' title='bbox 1174 1964 1375 2009; x_wconf 86' lang='lat' dir='ltr'>dimissus</span> <span class='ocrx_word' id='word_1_176' title='bbox 1393 2000 1404 2019; x_wconf 84' lang='grc'>,</span> <span class='ocrx_word' id='word_1_177' title='bbox 1421 1966 1536 2022; x_wconf 85' lang='lat' dir='ltr'>juste</span> <span class='ocrx_word' id='word_1_178' title='bbox 1560 1972 1713 2021; x_wconf 83' lang='lat' dir='ltr'>negata</span> 
     </span>
     <span class='ocr_line' id='line_1_26' title="bbox 328 2033 1717 2097; baseline -0.003 -16"><span class='ocrx_word' id='word_1_179' title='bbox 328 2034 436 2090; x_wconf 77' lang='lat' dir='ltr'>vita,</span> <span class='ocrx_word' id='word_1_180' title='bbox 459 2044 597 2080; x_wconf 84' lang='lat' dir='ltr'>morte</span> <span class='ocrx_word' id='word_1_181' title='bbox 615 2045 905 2097; x_wconf 85' lang='lat' dir='ltr'>consequente</span> <span class='ocrx_word' id='word_1_182' title='bbox 929 2036 1115 2097; x_wconf 85' lang='lat' dir='ltr'>punitur</span> <span class='ocrx_word' id='word_1_183' title='bbox 1130 2039 1148 2081; x_wconf 76' lang='grc' dir='ltr'>ἶ)</span> <span class='ocrx_word' id='word_1_184' title='bbox 1163 2035 1383 2080; x_wconf 69' lang='lat' dir='ltr'>Alie-natos</span> <span class='ocrx_word' id='word_1_185' title='bbox 1398 2035 1566 2097; x_wconf 85' lang='lat' dir='ltr'>quippe</span> <span class='ocrx_word' id='word_1_186' title='bbox 1585 2050 1607 2078; x_wconf 83' lang='lat' dir='ltr'>a</span> <span class='ocrx_word' id='word_1_187' title='bbox 1630 2033 1717 2078; x_wconf 84' lang='lat' dir='ltr'>vita</span> 
     </span>
     <span class='ocr_line' id='line_1_27' title="bbox 331 2101 1718 2170; baseline -0.002 -19"><span class='ocrx_word' id='word_1_188' title='bbox 331 2106 414 2152; x_wconf 86' lang='lat' dir='ltr'>Dei</span> <span class='ocrx_word' id='word_1_189' title='bbox 448 2105 683 2165; x_wconf 84' lang='lat' dir='ltr'>detestatus</span> <span class='ocrx_word' id='word_1_190' title='bbox 711 2106 948 2170; x_wconf 83' lang='lat' dir='ltr'>Apostolus</span> <span class='ocrx_word' id='word_1_191' title='bbox 980 2124 1069 2152; x_wconf 89' lang='lat' dir='ltr'>non</span> <span class='ocrx_word' id='word_1_192' title='bbox 1108 2105 1287 2152; x_wconf 73' lang='lat' dir='ltr'>fuisset1</span> <span class='ocrx_word' id='word_1_193' title='bbox 1311 2143 1321 2160; x_wconf 84' lang='lat'>‚</span> <span class='ocrx_word' id='word_1_194' title='bbox 1355 2106 1388 2150; x_wconf 88' lang='lat' dir='ltr'>si</span> <span class='ocrx_word' id='word_1_195' title='bbox 1424 2119 1559 2167; x_wconf 83' lang='lat' dir='ltr'>poena</span> <span class='ocrx_word' id='word_1_196' title='bbox 1594 2101 1718 2149; x_wconf 88' lang='lat' dir='ltr'>nulla</span> 
     </span>
     <span class='ocr_line' id='line_1_28' title="bbox 333 2188 454 2224; baseline -0.008 0"><span class='ocrx_word' id='word_1_197' title='bbox 333 2188 454 2224; x_wconf 87' lang='lat' dir='ltr'>esset.</span> 
     </span>
    </p>

    <p class='ocr_par' dir='ltr' id='par_1_8' title="bbox 331 2247 1720 2526">
     <span class='ocr_line' id='line_1_29' title="bbox 398 2247 1720 2305; baseline -0.002 -10"><span class='ocrx_word' id='word_1_198' title='bbox 398 2249 650 2295; x_wconf 63' lang='lat' dir='ltr'>LXXXIII.</span> <span class='ocrx_word' id='word_1_199' title='bbox 689 2252 790 2295; x_wconf 83' lang='lat' dir='ltr'>JnL.</span> <span class='ocrx_word' id='word_1_200' title='bbox 826 2248 1041 2305; x_wconf 84' lang='lat' dir='ltr'>«Quibus</span> <span class='ocrx_word' id='word_1_201' title='bbox 1080 2248 1272 2294; x_wconf 88' lang='lat' dir='ltr'>collectis</span> <span class='ocrx_word' id='word_1_202' title='bbox 1312 2247 1497 2293; x_wconf 87' lang='lat' dir='ltr'>alterum</span> <span class='ocrx_word' id='word_1_203' title='bbox 1522 2257 1720 2293; x_wconf 88' lang='lat' dir='ltr'>teneatur</span> 
     </span>
     <span class='ocr_line' id='line_1_30' title="bbox 334 2317 1720 2376; baseline -0.003 -9"><span class='ocrx_word' id='word_1_204' title='bbox 334 2337 503 2370; x_wconf 83' lang='lat' dir='ltr'>necesse</span> <span class='ocrx_word' id='word_1_205' title='bbox 543 2330 606 2365; x_wconf 87' lang='lat' dir='ltr'>est</span> <span class='ocrx_word' id='word_1_206' title='bbox 645 2337 693 2365; x_wconf 82' lang='lat' dir='ltr'>ex</span> <span class='ocrx_word' id='word_1_207' title='bbox 726 2319 902 2365; x_wconf 87' lang='lat' dir='ltr'>duobus</span> <span class='ocrx_word' id='word_1_208' title='bbox 922 2357 932 2376; x_wconf 89' lang='lat'>‚</span> <span class='ocrx_word' id='word_1_209' title='bbox 974 2320 1176 2366; x_wconf 86' lang='lat' dir='ltr'>videlicet</span> <span class='ocrx_word' id='word_1_210' title='bbox 1202 2330 1251 2365; x_wconf 89' lang='lat' dir='ltr'>ut</span> <span class='ocrx_word' id='word_1_211' title='bbox 1282 2330 1356 2365; x_wconf 87' lang='lat' dir='ltr'>aut</span> <span class='ocrx_word' id='word_1_212' title='bbox 1382 2319 1478 2364; x_wconf 84' lang='lat' dir='ltr'>talis</span> <span class='ocrx_word' id='word_1_213' title='bbox 1516 2317 1720 2364; x_wconf 82' lang='lat' dir='ltr'>credatur</span> 
     </span>
     <span class='ocr_line' id='line_1_31' title="bbox 335 2389 1720 2455; baseline -0.003 -17"><span class='ocrx_word' id='word_1_214' title='bbox 335 2394 453 2444; x_wconf 92' lang='lat' dir='ltr'>Deus</span> <span class='ocrx_word' id='word_1_215' title='bbox 473 2429 484 2447; x_wconf 85' lang='lat'>‚</span> <span class='ocrx_word' id='word_1_216' title='bbox 523 2390 697 2455; x_wconf 85' lang='lat' dir='ltr'>qualem</span> <span class='ocrx_word' id='word_1_217' title='bbox 736 2391 948 2451; x_wconf 85' lang='lat' dir='ltr'>confingit</span> <span class='ocrx_word' id='word_1_218' title='bbox 985 2391 1288 2438; x_wconf 81' lang='lat' dir='ltr'>Traducianus</span> <span class='ocrx_word' id='word_1_219' title='bbox 1316 2389 1620 2445; x_wconf 80' lang='lat' dir='ltr'>Manichaeus3</span> <span class='ocrx_word' id='word_1_220' title='bbox 1645 2399 1720 2434; x_wconf 86' lang='lat' dir='ltr'>aut</span> 
     </span>
     <span class='ocr_line' id='line_1_32' title="bbox 331 2461 1717 2526; baseline -0.002 -17"><span class='ocrx_word' id='word_1_221' title='bbox 331 2463 430 2510; x_wconf 85' lang='lat' dir='ltr'>talis</span> <span class='ocrx_word' id='word_1_222' title='bbox 452 2462 704 2522; x_wconf 85' lang='lat' dir='ltr'>intelligaris</span> <span class='ocrx_word' id='word_1_223' title='bbox 729 2479 832 2508; x_wconf 91' lang='lat' dir='ltr'>cum</span> <span class='ocrx_word' id='word_1_224' title='bbox 856 2461 1061 2508; x_wconf 90' lang='lat' dir='ltr'>omnibus</span> <span class='ocrx_word' id='word_1_225' title='bbox 1080 2464 1156 2526; x_wconf 90' lang='lat' dir='ltr'>qui</span> <span class='ocrx_word' id='word_1_226' title='bbox 1183 2463 1228 2508; x_wconf 88' lang='lat' dir='ltr'>in</span> <span class='ocrx_word' id='word_1_227' title='bbox 1248 2462 1441 2508; x_wconf 85' lang='lat' dir='ltr'>traducis</span> <span class='ocrx_word' id='word_1_228' title='bbox 1472 2462 1580 2506; x_wconf 87' lang='lat' dir='ltr'>scita</span> <span class='ocrx_word' id='word_1_229' title='bbox 1605 2478 1717 2506; x_wconf 90' lang='lat' dir='ltr'>con-</span> 
     </span>
    </p>
   </div>
   <div class='ocr_carea' id='block_1_3' title="bbox 329 2532 1717 2662">
    <p class='ocr_par' dir='ltr' id='par_1_9' title="bbox 329 2532 1717 2662">
     <span class='ocr_line' id='line_1_33' title="bbox 329 2532 1717 2601; baseline -0.004 -19"><span class='ocrx_word' id='word_1_230' title='bbox 329 2534 511 2590; x_wconf 88' lang='lat' dir='ltr'>cedunt,</span> <span class='ocrx_word' id='word_1_231' title='bbox 534 2533 708 2601; x_wconf 85' lang='lat' dir='ltr'>qualem</span> <span class='ocrx_word' id='word_1_232' title='bbox 733 2532 1019 2599; x_wconf 83' lang='lat' dir='ltr'>depraeliatur</span> <span class='ocrx_word' id='word_1_233' title='bbox 1038 2533 1279 2580; x_wconf 82' lang='lat' dir='ltr'>honoratus</span> <span class='ocrx_word' id='word_1_234' title='bbox 1300 2535 1428 2579; x_wconf 77' lang='lat' dir='ltr'>Deus,</span> <span class='ocrx_word' id='word_1_235' title='bbox 1452 2533 1552 2578; x_wconf 90' lang='lat' dir='ltr'>Non</span> <span class='ocrx_word' id='word_1_236' title='bbox 1570 2542 1717 2578; x_wconf 86' lang='lat' dir='ltr'>autem</span> 
     </span>
     <span class='ocr_line' id='line_1_34' title="bbox 387 2617 669 2662; baseline 0 -12"><span class='ocrx_word' id='word_1_237' title='bbox 387 2620 397 2641; x_wconf 85' lang='lat'><strong>¹</strong></span> <span class='ocrx_word' id='word_1_238' title='bbox 415 2617 531 2662; x_wconf 77' lang='lat' dir='ltr'>EpheS.</span> <span class='ocrx_word' id='word_1_239' title='bbox 549 2628 593 2657; x_wconf 75' lang='lat' dir='ltr'>iv,</span> <span class='ocrx_word' id='word_1_240' title='bbox 613 2618 669 2650; x_wconf 88' lang='lat'>18.</span> 
     </span>
    </p>
   </div>
  </div>
 </body>
</html>
