1824 3236
341 263 435 311 318
755 277 790 307 S.
834 270 1078 307 AUGUSTINI
1114 272 1319 307 Emscom

341 343 550 407 quoniam
571 341 732 389 virtute
745 341 957 405 partium,
971 359 1156 406 quarum
1171 339 1406 388 ministerio
1421 339 1719 389 conficiuntur

343 415 396 461 de
413 414 591 463 internis
615 412 879 460 humoribus
908 414 1092 473 semina,
1126 412 1306 478 speciali
1327 411 1550 460 debilitate
1575 430 1723 461 carue-

342 498 474 544 runt,
499 487 823 547 generationum
849 504 938 533 non
956 488 1068 534 fiunt
1088 497 1300 551 potentes.
1326 486 1399 533 Sic
1418 503 1517 547 ergo
1538 486 1725 533 instituit

342 560 486 615 Deus,
525 568 574 604 ut
606 569 712 604 esset
734 558 798 606 vis
822 558 868 604 in
892 576 1077 623 corpore
1095 596 1105 612 ,
1140 575 1241 623 quae
1271 558 1475 619 legitimis
1513 558 1726 622 explicata

341 628 615 692 temporibus
630 666 641 685 ,
669 629 704 675 si
726 629 914 675 affuisset
939 630 1095 675 sanitas
1113 666 1124 685 ,
1162 629 1218 674 ad
1251 628 1550 675 foecunditatis
1572 628 1726 675 valen-

344 700 449 745 tiam
469 700 730 763 perveniret.
766 701 1074 746 Confieiuntur
1105 700 1253 762 itaque
1290 700 1336 745 in
1365 700 1627 763 corporibus
1657 717 1728 745 se-

343 771 486 827 mina,
514 782 698 816 maturae
716 772 964 834 pubertatis
987 771 1157 830 adjutu.
1189 769 1296 815 Inde
1328 781 1389 815 cst
1421 771 1542 834 quod
1574 771 1728 834 impu-

343 842 466 887 beres
502 841 698 887 stimulat
745 841 923 904 quidem
965 858 1206 904 praecoqua
1251 840 1481 904 voluptas,
1531 840 1603 886 scd
1641 841 1730 886 sine

344 929 559 957 annorum
578 912 747 971 legibus
767 913 921 958 sterilis
946 911 1153 958 scintillat
1186 913 1396 958 accensio.
1434 910 1566 968 Quod
1586 921 1729 957 autem

344 999 447 1028 cum
469 982 694 1045 voluptate
718 983 880 1029 semina
916 983 1205 1039 misceantur,
1234 998 1385 1030 verum
1414 983 1534 1046 quod
1564 982 1646 1028 alia
1677 983 1731 1027 sit

345 1053 548 1116 voluptas
565 1069 665 1116 quae
690 1053 886 1099 sensibus
904 1064 1176 1118 supernatat,
1206 1054 1288 1100 alia
1313 1055 1531 1101 viscerum
1554 1054 1732 1100 interior

345 1124 574 1169 eteffectui
595 1123 791 1187 propior,
836 1124 956 1188 apud
989 1124 1263 1171 medicorum
1296 1136 1495 1172 auctores
1527 1124 1732 1170 latissime

345 1194 622 1258 disputatur3
644 1194 760 1240 unde
782 1194 853 1241 ille
872 1196 1002 1241 etiam
1023 1197 1289 1242 Mantuanus
1311 1201 1446 1260 poeta
1465 1194 1732 1242 naturalium

346 1265 520 1325 gnarior
555 1282 690 1329 quam
723 1265 1079 1329 philosophaster
1108 1268 1350 1314 Poenorum
1370 1305 1382 1325 ,
1420 1267 1558 1313 macie
1593 1267 1733 1326 signat

348 1346 540 1381 armenta
560 1335 746 1392 tenuari,
774 1346 824 1381 ut
844 1336 922 1382 ubi
943 1338 1207 1384 concubitus
1228 1338 1394 1403 primos
1410 1337 1612 1403 Voluptas
1630 1346 1734 1383 nota

345 1407 552 1454 sollicitat
569 1444 581 1465 ,
609 1417 651 1453 et
670 1407 906 1454 frondibus
931 1420 1160 1457 arceantur
1179 1421 1221 1456 et
1237 1410 1448 1458 fontibus.

587 1532 677 1575 Saepe
695 1529 790 1562 etiam
808 1541 900 1562 cursu
921 1530 1068 1574 quatiunt
1085 1555 1093 1571 ,
1111 1536 1140 1563 et
1157 1531 1228 1563 Sole
1246 1530 1375 1574 fatigant
1390 1544 1399 1572 ;

588 1589 666 1620 Cum
684 1586 820 1629 graviter
841 1586 938 1618 tunsis
957 1587 1051 1629 gemit
1069 1597 1141 1619 arca
1160 1587 1302 1630 frugibus
1318 1590 1381 1621 ¹....

350 1691 405 1737 Et
438 1690 550 1738 leves
586 1689 727 1754 paleae
758 1688 936 1735 flatibus
965 1690 1220 1738 efferuntur.
1263 1690 1359 1736 Hoc
1399 1688 1526 1745 ideo,
1554 1705 1608 1735 ne
1630 1688 1735 1735 luxu

349 1762 486 1808 nimio
509 1777 612 1807 usus
635 1761 864 1807 obtunsior
880 1761 934 1807 sit
957 1761 1132 1822 genitali
1151 1779 1255 1809 arvo
1272 1798 1283 1817 ,
1309 1772 1351 1807 et
1374 1760 1517 1807 sulcos
1551 1760 1735 1806 obliniet

349 1833 504 1878 inertes
529 1849 540 1877 :
568 1831 643 1877 sed
667 1831 906 1878 siccitatem
927 1832 1166 1896 quamdam
1186 1842 1347 1879 secreta
1366 1832 1621 1896 patiantur;
1647 1832 1735 1877 sic-

350 1920 434 1967 que
457 1903 601 1967 rapiat
632 1902 776 1948 sitiens
806 1918 1032 1959 venerem,
1057 1902 1292 1950 interiusve
1316 1902 1538 1949 recondat.
1572 1901 1734 1948 Verum

349 1975 396 2020 in
419 1974 487 2020 his
508 1990 684 2038 quoque
702 2010 712 2027 ,
746 1990 834 2019 non
865 1973 1057 2020 multum
1088 1991 1233 2021 causae
1255 1973 1528 2032 necessariis),
1551 1989 1735 2019 acumen

350 2045 540 2090 hominis
563 2055 730 2090 notasse
750 2043 950 2092 sufficiat.
976 2066 997 2086 ›)

420 2117 535 2162 AtJG.
577 2115 719 2162 Verba
744 2125 841 2171 tua,
868 2132 968 2178 quae
990 2132 1056 2160 me
1077 2115 1402 2178 praetermisisse
1435 2114 1544 2160 dicis
1562 2151 1573 2171 ,
1601 2130 1734 2177 quam

352 2203 464 2231 vana
488 2186 573 2231 sint
591 2221 601 2241 ,
628 2185 728 2230 satis
747 2185 944 2247 superius
964 2184 1257 2231 demonstravi
1280 2203 1291 2230 :
1318 2185 1439 2249 quod
1468 2185 1646 2230 fortasse
1664 2184 1734 2230 vi-

353 2258 419 2303 dit
441 2257 570 2302 etiam
606 2255 676 2301 ille
693 2256 769 2319 qui
785 2256 1031 2302 chartulam
1050 2256 1181 2311 misit,
1199 2267 1239 2301 et
1253 2257 1333 2302 tibi
1355 2256 1578 2319 parcendo
1588 2255 1736 2301 eadem

354 2327 645 2392 praetermisit.
666 2326 798 2383 Quod
816 2338 958 2372 autem
973 2327 1025 2373 de
1040 2327 1081 2373 vi
1097 2327 1353 2391 voluptatis,
1366 2345 1496 2391 quam
1510 2326 1736 2373 confectri-

354 2417 446 2445 cem
459 2399 671 2444 seminum
686 2413 773 2442 esse
788 2396 950 2455 dixisti,
970 2398 1103 2444 homo
1117 2397 1446 2461 loquacissimus
1464 2398 1638 2445 inventa
1656 2415 1735 2443 oc—

354 2471 526 2516 casione
544 2469 786 2532 loquaciter
799 2467 1014 2531 disputas,
1026 2485 1115 2515 non
1125 2485 1236 2532 opus
1252 2469 1397 2515 habeo
1412 2469 1602 2514 resistere
1618 2468 1698 2514 tibi
1721 2485 1731 2512 :

352 2540 452 2587 haec
473 2540 588 2586 enim
608 2556 697 2585 non
725 2538 915 2586 multum
934 2557 1021 2587 esse
1041 2557 1183 2587 causae
1207 2540 1443 2587 necessaria
1458 2577 1470 2597 ,
1498 2540 1626 2586 etiam
1646 2540 1737 2604 ipse

403 2625 523 2667 *vin-g.
545 2627 661 2666 Georg.
679 2635 731 2664 111,
754 2626 830 2664 132,
850 2626 926 2657 133.
