1863 3262
207 263 366 294 OPERIS
401 261 666 295 IMPERFECTI
702 263 879 294 CONTRA
914 266 1162 309 JULIANUM,
1204 270 1291 301 Lm.
1337 271 1405 301 111.
1486 274 1536 303 21

165 339 292 384 tatus,
317 347 416 375 cum
442 328 598 375 eisdem
628 339 769 374 tamen
785 332 1043 392 parentibus
1063 344 1108 377 nt
1128 336 1331 396 perirent,
1359 354 1445 382 non
1469 337 1542 382 in-

156 402 274 459 justa
308 400 459 463 utique
489 400 713 445 severitate
743 400 981 448 ‹tamum-it.
1027 404 1125 448 noti
1154 423 1253 464 ergo
1298 406 1541 469 loquaciter

163 480 294 533 atque
316 470 501 516 inaniter
533 469 824 532 multiplicare
845 482 914 516 tua
945 472 1138 535 scripta;
1173 476 1243 520 sed
1270 477 1545 539 &cripturam

161 540 244 585 Dei
268 539 495 600 diligenter
519 540 692 586 attende
713 577 724 595 ,
748 557 800 586 ne
823 541 944 604 quod
975 542 1018 587 in
1050 559 1134 588 una
1157 548 1248 603 ejus
1288 558 1411 608 parte
1435 565 1542 610 ape-

159 610 296 656 ruisse
333 621 370 656 te
394 621 523 674 putas
545 647 556 666 ,
596 610 790 656 clausurn
834 622 985 656 contra
1017 622 1056 656 te
1086 612 1128 657 in
1171 614 1300 659 altera
1336 615 1541 663 invenias.

225 680 506 727 XXX1.J[J[,.
538 703 557 722 «
582 680 765 725 Duobus
788 691 830 726 et
854 681 995 726 tribus
1018 682 1218 738 testibus,
1240 685 1370 729 etiam
1392 697 1544 732 contra

159 751 410 810 sanguinem
437 751 649 802 hominis,
679 750 798 796 credi
833 751 967 796 solet:
1002 764 1169 815 quanto
1208 756 1342 814 magis
1368 754 1545 801 duobus

158 821 290 866 sacris
317 822 514 872 testibus,
541 822 621 882 legi
638 838 736 885 quae
757 822 800 866 in
830 824 1171 868 Deuteronomio
1201 826 1451 870 continetur
1470 862 1480 879 ‚
1501 836 1544 872 et

157 890 353 938 historiae
375 910 475 957 quae
498 895 665 952 Regum
691 892 801 938 facta
823 893 1151 956 complectitur,
1174 912 1254 957 pro
1275 896 1354 941 Dei
1378 895 1542 941 honore

158 962 435 1009 crederetur?
461 963 696 1020 Quomodo
710 963 904 1023 judicari
931 964 1082 1018 vellet,
1106 966 1198 1028 ipse
1227 966 1502 1028 praescripsit
1530 984 1540 1011 :

157 1033 381 1098 quomodo
411 1034 531 1098 quod
558 1034 835 1080 mandaverat
871 1035 1015 1097 accipi
1054 1035 1259 1091 deberet‚
1300 1037 1544 1083 secundum

156 1103 290 1164 legem
311 1107 404 1165 ejus
426 1104 592 1165 judicia
617 1104 788 1167 prolata
813 1115 866 1149 te:
879 1116 1034 1149 tantur.
1062 1107 1116 1150 Et
1139 1106 1372 1152 dubitatur
1394 1106 1542 1152 adhuc

159 1173 381 1220 traducem
403 1175 571 1238 peccati
602 1175 930 1237 Scripturarum
958 1175 1136 1237 probari
1173 1178 1430 1222 auctoritate
1452 1193 1539 1222 non

156 1248 310 1309 posse?
341 1247 466 1291 (lei-te
489 1257 590 1291 sunt
610 1246 688 1291 ista
711 1247 927 1290 contraria
949 1282 959 1299 ‚
995 1263 1076 1308 pro
1098 1247 1260 1308 quibus
1295 1258 1381 1292 tani
1403 1247 1544 1306 longis

157 1315 435 1362 conflictibus
459 1315 711 1369 dimicatur,
742 1316 886 1370 idest,
913 1332 1047 1361 unum
1071 1317 1188 1378 quod
1211 1335 1232 1361 a
1253 1318 1396 1373 vobis,
1424 1317 1542 1362 aliud

155 1385 276 1450 quod
301 1405 323 1432 a
351 1386 479 1432 nobis
499 1386 777 1439 defenditur3
811 1398 853 1431 et
877 1387 935 1431 ita
967 1387 1186 1432 contraria
1225 1399 1356 1451 atque
1380 1405 1543 1451 repug-

156 1457 322 1511 nantia,
352 1467 401 1502 ut
424 1474 498 1502 vos
513 1475 665 1520 perseq
699 1457 813 1502 endo
831 1494 840 1512 ‚
866 1474 942 1503 nos
961 1457 1246 1520 disputando,
1272 1476 1344 1503 vos
1366 1459 1510 1504 furore
1526 1496 1537 1514 ,

126 1568 130 1569 ι
155 1544 234 1572 nos
256 1528 422 1573 ratione
443 1539 671 1575 certemus,
705 1528 897 1591 Utraque
915 1545 1016 1587 ergo
1036 1546 1137 1591 pars
1159 1529 1318 1574 distare
1339 1529 1421 1574 sihi
1442 1529 1542 1575 herc

155 1607 198 1643 ct
223 1614 463 1660 repugnare
480 1599 711 1647 consentit.
735 1598 780 1644 id
805 1609 883 1649 est,
911 1609 1148 1661 propttrpt
1141 1609 1335 1644 uentum
1357 1610 1541 1662 peccata

154 1667 305 1731 puniri
330 1667 458 1720 filios,
483 1678 524 1713 et
550 1679 730 1731 propter
753 1679 982 1731 pauentum
1017 1686 1149 1731 pecca
1130 1679 1195 1713 ιιῑι
1219 1669 1329 1714 filios
1347 1686 1539 1732 nonpu-

155 1738 273 1784 niri·
294 1738 457 1784 crimen
483 1739 680 1785 naturale
710 1757 825 1795 (sse,
847 1750 889 1784 et
915 1740 1048 1784 crini
1043 1758 1080 1783 ·n
1107 1757 1146 1784 ιιι
1141 1739 1302 1785 iturile
1320 1757 1405 1784 non
1423 1756 1536 1785 esse:

154 1819 262 1871 Πῑρι
252 1819 448 1855 arentum
465 1827 519 1873 p(
523 1827 587 1856 cca
590 1820 646 1855 ita
667 1809 946 1872 siliisimput(
952 1820 1070 1863 ntur
1090 1810 1244 1855 Deih‘
1214 1827 1249 1844 0
1224 1828 1273 1868 t‚e
1290 1827 1380 1872 pra
1385 1827 1428 1855 sc
1435 1810 1538 1863 ri}›i;

154 1889 195 1925 et
231 1889 280 1924 ut
306 1896 393 1925 non
419 1879 694 1943 imputentur
723 1891 954 1943 parentum
980 1891 1161 1943 peccata
1191 1880 1318 1934 filiis,
1340 1881 1420 1926 Dei
1449 1880 1540 1940 lege

153 1949 397 2012 praescribi.
423 1950 510 1995 Has
533 1951 758 2013 opiniones
779 1961 931 1995 contra
950 1960 1082 1994 semet
1101 1950 1419 2012 sententiasque
1438 1950 1537 1994 bel-

157 2019 293 2066 lantes
318 2019 476 2083 pariter
507 2037 624 2065 veras
648 2037 732 2065 nou
762 2036 883 2083 posse
909 2036 994 2064 esse
1021 2019 1292 2064 manifestum
1320 2030 1396 2065 est.
1424 2020 1535 2064 txam

153 2100 195 2136 et
219 2089 531 2153 disputationis
557 2091 740 2136 eruditae
766 2090 920 2149 regulis
944 2090 1182 2145 indicatur,
1211 2106 1310 2134 cum
1335 2089 1388 2134 de
1409 2090 1538 2135 rebus

116 2204 119 2205 ι
151 2161 329 2208 incertis
361 2162 512 2224 opimo
553 2161 714 2224 duplex
753 2161 978 2214 nascitur,
1021 2170 1252 2223 utramque
1278 2159 1426 2206 {alsam
1455 2177 1541 2205 esse

150 2247 297 2294 posse,
320 2242 552 2296 utramque
581 2249 723 2276 veram
748 2248 834 2276 esse
860 2248 945 2275 non
971 2247 1109 2293 posse.
1136 2230 1267 2286 Quod
1295 2229 1471 2293 quidem
1495 2230 1541 2275 in

154 2302 382 2365 speciebus
406 2302 604 2358 diversis,
630 2312 671 2347 et
691 2318 791 2364 quae
809 2301 997 2346 medium
1014 2301 1175 2345 batere
1194 2300 1404 2345 dicuntur
1422 2318 1431 2355 ;
1452 2316 1539 2344 non

156 2383 300 2418 tamen
330 2373 371 2418 in
392 2373 462 2418 his
481 2390 581 2436 qua·
601 2373 820 2420 contraria
841 2383 966 2427 sunt,
990 2371 1060 2416 sed
1088 2372 1229 2416 medio
1256 2382 1421 2420 carent,
1444 2386 1541 2415 exe-

117 2486 121 2488 ,
154 2443 247 2489 nire
269 2454 425 2507 potest.
464 2445 588 2490 {Notae
608 2443 848 2489 dialecticis
874 2460 938 2487 res
956 2453 1084 2488 sunt:
1110 2442 1180 2487 sed
1204 2452 1386 2505 propter
1409 2441 1541 2486 lecto-

152 2532 244 2561 rem
282 2514 528 2580 disciplinae
566 2515 700 2576 hujus
749 2524 996 2579 expertem,
1038 2514 1184 2578 aliquo
1223 2512 1270 2559 id
1308 2528 1543 2559 reseremus

153 2585 362 2650 exemplo.
392 2608 412 2628 »
