1863 3262
184 240 340 270 OPERIS
376 236 635 268 liit‘EltFssc'rl
672 235 842 264 CONTRA
881 234 1125 273 JtLtA-NL'M,
1165 235 1252 264 Lus.
1296 235 1355 265 lv.
1410 234 1499 283 2⁸27

131 324 262 360 nunu
291 305 407 350 salvo
443 320 491 349 eo
518 301 636 366 quod
661 317 745 346 non
769 310 911 363 posset
946 316 1030 343 esse
1059 298 1260 357 voluntas
1282 299 1444 357 libera,
1471 301 1507 346 si

131 377 279 424 fuisset
298 386 452 420 natura
478 372 665 436 captiva.
694 371 739 415 Si
765 387 864 429 ergo
886 379 989 414 esset
1007 368 1052 413 in
1072 369 1206 431 ipsius
1227 371 1368 415 earnis
1383 387 1507 416 sensu

132 457 173 492 et
196 446 445 492 conditione
464 453 695 507 peecatum
713 479 722 495 ‚
751 441 784 486 si
811 442 904 504 ipsa
925 449 1079 484 natura
1098 439 1324 484 hominum
1348 440 1402 486 ad
1425 441 1508 487 do-

133 516 315 567 minium
340 509 550 575 daemonis
580 513 841 576 pertineret3
869 509 1069 555 Christus
1102 520 1176 553 aut
1202 526 1298 555 reus
1320 521 1409 556 erat
1432 510 1507 557 fu-

134 599 256 634 turus
273 623 284 642 ‚
317 595 391 630 aut
406 584 540 629 homo
565 600 652 628 non
668 583 854 628 futurus.
878 581 990 639 Ergo
1012 580 1045 624 si
1060 579 1291 625 ascribitur
1307 581 1510 628 maledic-

135 669 228 704 tum
250 666 418 702 naturae
433 653 741 710 humanitatis3
767 653 830 698 illi
851 667 1025 715 quoque
1040 687 1050 706 ‚
1079 650 1155 713 qui
1172 667 1273 696 caro
1290 650 1429 697 faetus
1446 664 1508 699 est

135 738 184 786 ut
199 726 419 783 habitaret
436 725 481 771 in
500 724 643 782 nobis,
664 735 738 770 aut
763 723 927 769 crimen
945 721 1144 778 dabitur,
1171 731 1244 767 aut
1262 720 1511 770 humanitas

134 796 365 845 auferetur.
393 817 413 837 ›>

198 868 313 913 Aue.
341 867 432 912 Nec
448 865 613 912 crimen
631 866 666 911 ei
695 864 894 921 dabitur,
930 863 974 909 in
1002 880 1089 927 quo
1123 862 1331 926 princeps
1362 863 1516 910 mundi

132 936 304 983 nullum
322 935 469 1000 potuit
496 936 690 983 invenire
713 946 943 1001 peccatum
970 952 980 980 z
1009 951 1087 980 nee
1113 933 1362 980 humanitas
1391 935 1515 981 aufe-

133 1018 272 1063 retur,
297 1004 343 1052 in
371 1023 458 1070 quo
486 1018 528 1052 et
558 1008 701 1053 anima
733 1017 775 1051 et
809 1023 909 1052 earo
939 1005 1134 1051 humana
1163 1014 1278 1062 erat3
1316 1005 1516 1068 quamvis

134 1095 224 1124 non
243 1088 334 1123 erat
356 1095 457 1123 earo
478 1079 650 1142 peceati
664 1115 673 1133 ,
699 1077 772 1123 sed
791 1076 1032 1122 similitudo
1051 1075 1192 1120 carnis
1209 1076 1394 1138 peccati.

198 1148 401 1199 LXXXI.
442 1153 461 1193 J
471 1165 538 1194 UL.
582 1169 601 1189 «
626 1147 756 1205 Quod
804 1158 1039 1210 utrumque
1077 1144 1180 1190 fecit
1217 1146 1514 1204 ManichaeuS,

134 1217 210 1282 qui
230 1228 547 1264 commentatus
572 1219 614 1264 in
639 1236 768 1264 carne
795 1218 957 1263 malum
995 1233 1081 1262 esse
1114 1215 1388 1272 naturaliter,
1415 1216 1523 1264 dixit

134 1290 180 1334 in
202 1288 379 1334 Christo
403 1305 491 1334 non
510 1289 642 1334 fuisse
667 1305 859 1343 earnem,
881 1305 933 1333 ne
952 1286 1232 1332 confiteretur
1247 1286 1292 1330 in
1318 1303 1368 1331 eo
1392 1286 1522 1333 fuisse

135 1359 425 1422 iniquitatem.
459 1381 479 1401 ι)

201 1432 315 1476 AUG.
357 1429 633 1476 Manichaeus
669 1429 902 1476 haereticus
942 1445 1117 1474 carnem
1158 1438 1283 1487 negat
1318 1427 1484 1485 Christi
1507 1446 1518 1474 ε

132 1500 387 1561 pelagianus
425 1501 661 1547 haereticus
698 1517 873 1546 earnem
915 1498 1088 1562 peccati
1132 1498 1253 1544 carni
1294 1515 1522 1562 coaequare

132 1571 230 1619 vult
257 1571 425 1617 Christi
451 1589 461 1617 :
491 1572 766 1618 Christianus
792 1570 1038 1616 catholicus
1064 1568 1394 1615 similitudinem
1419 1586 1520 1616 car-

132 1643 198 1688 nis
221 1642 388 1708 peceati
411 1642 617 1689 discernit
636 1660 658 1687 a
677 1658 807 1688 earne
825 1641 994 1705 peccati
1011 1677 1022 1698 ,
1048 1657 1100 1685 ne
1122 1639 1402 1703 blasphemet
1423 1657 1520 1686 car-

133 1729 232 1759 nem
259 1711 438 1759 Christi.

203 1785 425 1831 LXXXII.
462 1785 562 1832 JUL.
606 1805 626 1824 «
649 1783 706 1828 At
729 1783 852 1829 hune
876 1782 982 1828 fides
1009 1781 1227 1828 catholiea
1252 1780 1298 1828 in
1332 1791 1518 1847 utroque

135 1856 374 1904 contrivit:
407 1855 573 1902 malum
596 1855 760 1901 seilicet
779 1854 822 1900 in
850 1871 979 1900 earne
1007 1871 1095 1899 non
1119 1870 1205 1898 esse
1231 1852 1483 1899 naturaliter
1502 1892 1515 1912 ,

136 1938 266 1992 atque
287 1928 344 1972 ob
371 1927 459 1972 hoc
487 1926 663 1972 Christo
696 1941 775 1970 nee
797 1923 962 1987 aliquid
989 1923 1172 1980 defuisse
1199 1921 1483 1969 humanitatis
1502 1962 1512 1980 ‚

135 2017 215 2048 nec
241 1997 484 2062 quidquam
516 1994 758 2058 iniquitatis
794 1993 980 2039 adfuisse
1003 1991 1305 2056 pronuntians.
1346 1993 1517 2047 Clamat

135 2089 236 2132 ergo
259 2066 591 2132 dispensationis
615 2082 704 2110 suae
728 2065 926 2110 conscius
944 2101 954 2119 ,
987 2085 1006 2104 «
1033 2065 1145 2107 Ecce
1167 2062 1284 2107 venit
1308 2063 1514 2128 princeps

136 2167 156 2188 >)
175 2144 308 2203 hujus
333 2137 516 2193 mundi,
543 2147 583 2182 et
600 2137 766 2182 invenit
792 2135 836 2186 in
855 2151 922 2179 me
948 2131 1083 2179 nihil1
1107 2150 1116 2181 ;
1138 2154 1155 2173 >2
1179 2132 1290 2178 nihil
1314 2134 1512 2196 profecto

135 2215 254 2282 quod
287 2212 421 2277 possit
447 2225 622 2270 arguere
641 2245 652 2265 ,
686 2207 790 2271 quia
817 2223 904 2251 non
940 2214 1114 2269 poterat
1141 2202 1351 2250 infamare
1378 2218 1512 2254 natu-

135 2303 226 2334 ram
241 2323 251 2342 ,
280 2287 406 2344 eujus
429 2280 485 2326 ad
508 2288 689 2344 peccata
705 2273 802 2323 ‘non
820 2272 1040 2334 inflexerat
1067 2272 1381 2322 voluntatem.»

203 2358 320 2403 AUG.
345 2355 440 2399 Imo
463 2368 565 2398 Vero
585 2349 697 2395 nihil
714 2348 902 2413 peceati,
924 2363 1002 2392 nec
1021 2344 1139 2409 quod
1161 2363 1183 2390 a
1204 2358 1406 2394 nascente
1420 2360 1512 2396 tra-

136 2429 260 2475 hitur
275 2464 286 2484 ‚
313 2424 415 2490 quia
431 2423 478 2468 in
502 2420 620 2467 nulla
648 2419 875 2484 iniquitate
900 2426 1136 2480 conceptus
1153 2426 1241 2467 est;
1263 2434 1342 2463 nec
1355 2421 1475 2484 quod
1491 2441 1514 2468 a

136 2499 306 2549 vivente
328 2493 504 2543 additur
518 2529 528 2549 ‚
553 2491 656 2556 quia
674 2489 794 2546 nulla
810 2488 1046 2535 tentatione
1064 2486 1272 2551 deceptus
1289 2486 1376 2545 esti
1400 2508 1516 2556 quo-

186 2584 196 2606 ¹
212 2585 307 2615 Joan.
325 2590 394 2621 mv,
413 2579 465 2611 30.

1312 2626 1380 2673 15.
