1824 3236
307 273 430 333 ‘540
743 292 777 321 s.
824 290 1066 323 AUGUSTINI
1102 292 1304 323 1111150011

336 374 426 403 111111
459 375 736 422 nequaquam
763 358 815 404 ad
844 360 1149 406 connexionem
1175 361 1578 425 successionemque
1603 379 1710 425 pro—

337 430 506 491 paginis
537 430 751 493 pertinere
772 466 782 485 ‚
825 429 902 475 ubi
938 431 1105 493 peccati
1143 431 1363 491 originalis
1397 432 1581 496 quaestio
1614 449 1712 479 ver-

336 509 456 545 titur.
483 521 502 541 ›)

402 570 465 616 De
489 571 623 635 spinis
646 587 746 617 vero
765 581 806 616 et
825 571 980 617 sudore
995 572 1234 619 laborantis
1252 611 1262 630 ‚
1284 591 1414 637 quem
1435 573 1714 637 impudenter

336 641 523 688 affirmas
545 681 555 699 ‚
586 643 704 707 quod
728 644 986 708 priusquam
1007 655 1279 707 peccaretur,
1301 645 1461 691 fuerint
1483 646 1678 691 instituta
1698 682 1710 702 ,

335 713 466 759 credo
483 715 602 778 quod
626 716 883 779 persuadeat
907 716 1150 776 legentibus
1165 717 1363 780 superior
1382 728 1526 763 nostra
1542 734 1715 780 respon-

335 784 411 831 sio.
434 786 576 832 Vultis
604 788 771 851 quippe
799 787 938 832 facere
965 787 1091 833 talem
1116 788 1396 851 paradisum,
1426 799 1474 834 ut
1502 788 1623 834 nulla
1642 806 1714 833 ra-

338 855 453 901 tione
472 855 648 903 dicatur
668 859 746 903 Dei
778 875 887 914 0550,
916 858 989 903 sed
1020 869 1223 906 vestrum.
1255 859 1584 915 Verumtamen,
1612 874 1715 904 cum

336 937 435 972 ante
453 940 683 991 peccatum
706 929 850 992 spinas
871 927 1026 976 dixeris
1049 930 1268 976 institutas
1283 968 1293 986 ‚
1314 931 1359 976 in
1376 930 1628 994 paradisum
1647 946 1716 976 eas

335 1014 423 1043 11011
450 1012 577 1044 ausus
607 1017 649 1045 es
683 1000 991 1055 introducere3
1032 1001 1121 1047 imo
1150 1001 1389 1065 expressisti
1426 1017 1495 1047 eas
1528 1000 1592 1046 ibi
1628 1017 1716 1046 non

334 1066 492 1115 fuisse:
536 1070 614 1116 ubi
646 1080 791 1117 tamen
830 1071 1024 1118 laborem
1050 1089 1209 1135 ponere
1228 1072 1432 1128 voluisti,
1458 1074 1584 1132 cujus
1607 1087 1716 1116 onus

336 1140 413 1186 etsi
437 1159 524 1188 non
553 1143 728 1206 pungit,
760 1144 935 1207 premit.
963 1143 1272 1190 Verumtamen
1293 1181 1303 1198 ‚
1339 1144 1372 1189 si
1402 1154 1444 1188 et
1468 1143 1549 1188 tibi
1573 1141 1718 1206 placet

336 1211 482 1275 spinas
507 1230 595 1258 non
624 1230 861 1275 congruere
885 1214 1089 1278 paradiso
1110 1235 1121 1269 ;
1143 1215 1286 1260 ita-ne
1308 1231 1409 1260 vero
1433 1223 1603 1259 naturae
1626 1212 1717 1258 hu-

335 1301 477 1330 manae
495 1322 505 1340 ‚
529 1296 576 1331 ut
601 1285 663 1331 ibi
696 1285 818 1350 prius
846 1297 953 1332 05501
977 1287 1055 1332 ubi
1078 1287 1216 1350 spinae
1243 1304 1329 1332 non
1363 1296 1463 1332 sunt
1486 1322 1496 1341 ‚
1527 1294 1568 1330 et
1599 1296 1717 1330 nunc

335 1355 398 1401 ibi
422 1356 476 1401 sit
502 1356 577 1402 ubi
613 1368 740 1414 511111,
782 1357 901 1403 nulla
937 1358 1221 1404 beatitudinis
1252 1358 1297 1404 in
1329 1357 1543 1403 miseriam
1570 1366 1716 1401 muta-

336 1426 451 1472 tione
472 1428 770 1489 contingeret,
799 1438 873 1474 aut
896 1429 985 1475 sine
1010 1429 1100 1475 ullo
1126 1428 1297 1492 peccati
1326 1428 1479 1473 merito
1502 1426 1715 1486 contigis-

335 1501 430 1544 set?
458 1498 596 1559 Cogat
618 1517 719 1560 ergo
744 1517 818 1546 vos
839 1517 1068 1560 agnoscere
1102 1499 1311 1559 originale
1338 1508 1570 1563 peccatum
1589 1534 1600 1553 ,
1636 1496 1718 1542 tale

336 1569 485 1615 saltem
508 1608 518 1627 ,
547 1571 675 1634 quale
705 1588 792 1616 11011
816 1571 1020 1635 potuistis
1051 1588 1206 1632 negare
1235 1570 1502 1635 supplicium
1524 1606 1534 1626 ‚
1564 1568 1596 1614 si
1630 1585 1718 1614 non

335 1639 547 1701 injustum
568 1658 654 1687 esse
678 1641 851 1687 creditis
871 1642 1028 1689 Deum.

401 1713 568 1759 XXIX.
603 1715 703 1759 JUL.
743 1734 763 1753 «
784 1714 947 1758 Tamen
969 1730 1022 1759 ne
1043 1713 1152 1777 quid
1171 1712 1437 1773 negligenter
1461 1711 1718 1775 praeteriisse

335 1782 564 1829 videamur
586 1822 597 1841 ,
635 1785 785 1847 accipe
811 1783 945 1830 aliud.
981 1784 1113 1829 Hunc
1149 1783 1491 1848 parturitionum
1522 1782 1715 1828 dolorem

337 1866 612 1919 compertum
657 1866 719 1902 est
751 1873 832 1919 pro
873 1856 1134 1918 parientium
1169 1851 1429 1920 corporibus
1465 1854 1720 1917 viribusque

337 1925 508 1975 variari.
539 1927 837 1973 Barbarorum
873 1936 987 1973 certe
1020 1926 1217 1973 foeminae
1236 1964 1246 1983 ‚
1276 1937 1317 1972 et
1344 1935 1567 1989 pastorum
1584 1962 1594 1981 ‚
1619 1940 1719 1988 quae

337 1999 639 2045 exercitatione
663 1999 949 2045 indurescunt
965 2036 975 2055 9
1005 1999 1049 2044 111
1075 1998 1227 2044 mediis
1250 1997 1478 2043 itineribus
1503 2007 1624 2041 tanta
1649 1995 1718 2040 fa-

338 2070 499 2117 cilitate
529 2071 738 2134 pariunt,
763 2080 811 2116 01
843 2087 930 2116 non
954 2070 1196 2116 intermisso
1226 2068 1376 2116 viandi
1406 2067 1555 2113 labore
1587 2065 1719 2112 foetus

336 2159 433 2188 suos
464 2152 737 2205 procurent,
773 2151 815 2186 et
849 2141 994 2187 statim
1026 2141 1222 2197 vehant,
1267 2156 1367 2203 quae
1387 2137 1500 2183 nihil
1521 2136 1719 2200 pariendi

337 2213 593 2261 difficultate
633 2222 901 2268 marcentes,
930 2229 1058 2258 onera
1094 2212 1253 2258 ventris
1291 2209 1345 2255 ad
1380 2209 1584 2254 humeros
1621 2224 1720 2253 suos

338 2283 627 2338 transferunt3
655 2294 696 2329 et
733 2282 985 2344 generaliter
1023 2282 1173 2345 inopia
1208 2281 1360 2327 vilium
1399 2278 1681 2325 foeminarum
1704 2315 1715 2334 ,

338 2373 516 2420 operam
544 2356 828 2401 obstetricum
857 2371 944 2399 11011
971 2354 1151 2417 requirit
1179 2371 1189 2398 z
1218 2364 1297 2398 ate
1320 2351 1493 2412 regione
1517 2349 1718 2413 locuple-

337 2439 398 2474 tes
421 2427 588 2474 deliciis
625 2426 884 2472 molliuntur
907 2462 917 2481 ‚
944 2435 985 2470 et
1010 2441 1098 2489 quo
1127 2426 1272 2489 plures
1300 2421 1508 2469 habuerit
1531 2435 1719 2484 quaeque

336 2499 543 2545 sollicitos
561 2535 572 2555 ‚
594 2515 644 2544 eo
666 2497 854 2561 amplius
874 2506 915 2542 01
938 2496 1068 2542 discit
1087 2507 1128 2542 et
1152 2496 1276 2557 gestit
1296 2506 1542 2555 aegrescere,
1563 2501 1718 2555 putat-

335 2585 419 2634 que
445 2586 486 2616 50
509 2569 639 2615 tantis
663 2585 784 2629 egere
800 2606 810 2623 ‚
841 2568 1016 2632 quantis
1039 2568 1236 2614 abundas
1259 2564 1492 2629 obsequiis.
1530 2563 1717 2609 Marito-

333 2658 431 2688 rum
460 2657 559 2687 sane
592 2640 780 2687 divitum
815 2656 969 2685 manus
1002 2656 1228 2702 nunquam
1252 2639 1297 2685 in
1320 2636 1514 2684 sentibus
1547 2649 1713 2680 10111111-
