1863 3262
194 290 351 322 OPERIS
387 287 650 321 IMPERFECTI
687 286 863 318 CONTRA
897 287 1147 328 JULIANUM,
1191 288 1279 319 ΠΒ.
1326 287 1387 319 lv.
1438 287 1529 335 207

144 356 264 403 frons
289 367 407 406 esset.
443 356 594 400 Nonne
627 363 852 398 accusator
874 363 1124 398 sanctorum
1149 364 1191 398 et
1210 364 1422 417 patronus
1448 352 1530 400 asi-

146 444 323 482 norum,
353 427 410 472 ab
430 423 609 470 homine
634 423 767 483 hujUs
791 422 936 468 cordis
963 426 1088 482 cujus
1109 433 1150 468 et
1170 423 1261 486 ipse
1285 441 1344 479 es,
1372 422 1529 486 appel·-

147 497 226 544 lari
244 509 406 561 posset,
429 496 504 560 qui
526 495 686 541 diceret
705 531 716 551 ‚
741 495 984 554 ignorantia
1003 495 1196 542 veritatis
1220 495 1416 540 homines
1436 493 1528 542 fieri

147 569 320 614 miseros
356 583 504 630 posse,
538 565 678 617 asinos
715 581 814 611 vero
842 564 1072 610 nesciendo
1108 566 1330 610 veritatem
1356 565 1531 610 miseros

148 654 234 683 esse
265 654 354 682 non
384 638 542 700 posse?
579 636 634 680 Et
658 645 804 685 tamen
838 635 1056 680 verissime
1092 634 1268 681 diceret.
1312 634 1402 679 Cur
1429 650 1530 693 ergo

147 723 234 752 non
262 706 465 766 intelligis
486 741 496 759 ‚
522 704 635 753 asine
659 741 669 760 ‚
707 703 904 751 similiter
926 721 1011 750 esse
1036 721 1186 751 verum
1207 742 1215 756 ,
1246 720 1294 749 ex
1317 704 1532 750 commix«

149 777 264 828 tione
285 776 414 826 maris
435 785 477 824 et
502 774 695 824 foeminae
718 783 908 837 expertes
921 773 1069 825 delicti
1091 774 1287 821 homines
1306 774 1422 819 nasci
1442 789 1531 819 non

149 862 299 909 posse,
329 856 371 891 et
398 846 538 895 asinos
564 847 719 908 posse?
748 849 809 890 An
831 844 929 891 ideo
952 855 990 889 te
1021 845 1243 890 arbitraris
1266 845 1450 903 effugere
1468 843 1534 888 in-

151 927 378 979 sequentes
402 915 551 979 plagas
574 933 642 960 au(
658 916 843 963 toritatis
873 926 1002 979 atque
1039 916 1221 962 rationis
1242 951 1253 972 ‚
1277 915 1378 978 quia
1398 914 1442 959 in
1466 929 1538 958 so-

117 1002 119 1005 ’
150 986 304 1035 cietate
325 986 536 1040 libidinis,
560 985 611 1030 ad
638 1003 816 1032 currum
839 986 901 1032 tui
925 987 1098 1041 erroris,
1116 986 1315 1031 homines
1337 995 1376 1030 et
1397 984 1537 1031 asinos

145 1056 327 1115 jungis?
352 1057 451 1106 Non
474 1056 526 1101 de
545 1057 798 1122 pecoribus„
822 1055 893 1101 sed
919 1056 973 1102 de
998 1056 1253 1102 hominibus
1270 1054 1537 1117 loquebatur

153 1126 412 1177 Ambrosius
430 1163 441 1182 ‚
463 1126 542 1175 ubi
567 1126 626 1174 ait
644 1125 662 1159 1
678 1162 689 1181 ,
722 1126 946 1171 Servatum
969 1137 1030 1171 est
1055 1126 1188 1185 igitur
1205 1162 1215 1181 ‚
1239 1135 1287 1171 ut
1307 1142 1352 1170 ex
1372 1125 1465 1169 viro
1494 1132 1535 1170 et

153 1195 362 1250 muliere,
397 1195 443 1245 id
479 1206 572 1250 est,
610 1213 687 1258 per
718 1195 837 1241 illam
871 1212 1107 1259 corporum
1146 1194 1496 1240 commixtionem
1520 1227 1533 1248 ‚

153 1281 281 1316 nemo
304 1265 503 1317 videatur
523 1282 670 1327 expers
695 1282 781 1310 esse
806 1265 967 1312 delicti.
999 1266 1139 1312 lta-ne
1158 1265 1236 1310 iste
1253 1301 1264 1320 ‚
1286 1264 1365 1309 iste
1384 1264 1539 1308 doctor

155 1333 361 1384 Ecclesiae
385 1345 612 1385 accusator
645 1345 737 1380 erat
764 1346 1041 1390 sanctorum,
1072 1345 1114 1379 et
1144 1344 1355 1397 patronus
1391 1334 1538 1381 asino-

154 1421 254 1450 rum
268 1405 314 1456 2?
339 1406 506 1468 Nempe
520 1405 810 1468 corruptibile
826 1422 988 1465 corpus
1006 1415 1068 1451 est
1085 1415 1126 1451 et
1139 1405 1246 1456 asini
1266 1416 1308 1450 et
1323 1402 1536 1456 hominis;

156 1486 198 1522 et
218 1486 362 1527 tamen
390 1493 478 1530 non
507 1475 615 1527 asini
643 1487 874 1535 aggravat,
906 1476 979 1523 sed
1005 1476 1194 1523 bominis
1219 1475 1406 1522 animam
1436 1492 1447 1518 :
1485 1472 1539 1520 de

157 1545 336 1598 homine
357 1547 527 1610 quippe
561 1546 789 1609 Scriptura
830 1547 968 1602 dicit,
1005 1568 1026 1588 ει
1046 1549 1219 1609 Corpus
1249 1543 1540 1608 corruptibile

159 1637 181 1666 p
205 1627 408 1676 aggravat
428 1617 615 1667 animam
635 1617 668 1665 5.
696 1639 717 1659 ›>
744 1617 817 1663 Sic
842 1635 942 1677 ergo
974 1628 1015 1663 et
1041 1619 1086 1663 in
1114 1617 1299 1663 libidine
1327 1631 1507 1676 agnosce
1525 1650 1537 1670 ‚

159 1697 202 1739 et
225 1687 393 1750 pecoris
422 1698 622 1737 naturam
639 1723 650 1744 ‚
673 1699 715 1734 et
732 1688 925 1737 hominis
948 1704 1130 1751 poenam
1151 1724 1163 1745 ‚
1187 1689 1221 1733 si
1242 1687 1433 1734 animam
1451 1701 1541 1732 non

103 1766 105 1768 ’
159 1756 297 1809 habes
318 1758 543 1809 asininam.

225 1827 364 1878 Lth.
394 1828 492 1874 JUL.
522 1849 543 1870 α
562 1827 764 1880 Christus
791 1828 923 1888 igitur
948 1846 1036 1876 non
1058 1828 1204 1875 minus
1228 1828 1365 1875 homo
1384 1841 1511 1874 verus
1527 1861 1541 1887 ,

163 1913 296 1959 quam
322 1914 448 1943 verus
475 1899 588 1943 Deus
608 1935 618 1952 ‚
646 1898 758 1943 nihil
791 1898 844 1943 de
867 1899 1140 1944 naturalibus
1173 1899 1316 1944 minus
1348 1896 1504 1943 hahuit
1529 1911 1541 1940 ι

164 1966 236 2012 sed
265 1970 430 2026 Justum
463 1979 580 2023 erat,
622 1979 670 2017 ut
698 1969 774 2030 qui
799 1968 934 2014 dabat
960 1968 1238 2032 perfectionis
1270 1967 1513 2030 exemplum
1532 2002 1544 2022 ,

166 2037 371 2089 omnibus
395 2038 607 2090 virtutum
635 2038 788 2087 studiis
835 2039 1138 2093 antecelleret,
1169 2039 1425 2100 castitasque
1459 2040 1548 2096 ejus

165 2107 374 2160 continua
397 2108 644 2168 integritate
668 2108 779 2154 celsa
797 2145 808 2163 ‚
839 2109 962 2155 nullo
985 2119 1183 2172 permota
1200 2108 1397 2159 libidinis
1418 2123 1550 2170 appe-

167 2186 270 2231 titu,
289 2194 388 2240 quae
410 2195 532 2238 vlrgo
554 2191 716 2227 sanctae
746 2179 900 2226 mentis
923 2181 1120 2225 extiterat
1136 2216 1146 2235 ‚
1169 2189 1210 2223 et
1238 2178 1435 2224 omnium
1458 2193 1551 2223 sen-

169 2263 295 2299 suum
318 2247 523 2301 domitrix
543 2248 676 2299 animi
702 2248 978 2308 magnitudo,
1000 2259 1041 2294 et
1057 2250 1297 2312 superatrix
1317 2247 1519 2293 dolorum
1536 2281 1548 2301 ,

170 2317 338 2367 cunctis
356 2317 557 2370 fidelibus
575 2354 588 2374 ‚
603 2329 644 2363 et
662 2318 937 2369 humanitate
954 2320 1181 2367 imitabilis
1197 2320 1333 2375 fieret,
1354 2328 1396 2363 et
1416 2315 1552 2369 subli-

170 2386 320 2432 mitate
347 2387 574 2437 mirabilis,
599 2407 621 2431 ιι,

238 2457 355 2509 Auo,
387 2457 506 2510 Dicis
522 2458 764 2508 castitatem
791 2458 957 2508 Christi
981 2459 1186 2509 continua
1205 2457 1452 2518 integritate
1469 2454 1554 2503 cel-

179 2602 196 2629 3
221 2553 232 2582 ⁸
257 2554 443 2587 Ambrosius
463 2556 498 2587 in
515 2556 639 2595 Isaiam.
654 2571 699 2579 ·-
715 2553 731 2578 2
753 2554 838 2589 Vide
853 2567 950 2601 §upra
968 2556 1028 2593 tib.
1047 2571 1075 2591 1.
1102 2558 1142 2590 de
1158 2558 1287 2602 Nuptiis
1303 2583 1312 2601 ‚
1343 2567 1417 2601 cap.
1441 2557 1494 2589 35.
1510 2572 1556 2580 —

212 2608 284 2651 Sap.
305 2617 353 2653 u,
371 2609 427 2647 35.
