1863 3262
208 257 365 289 OPERIS
402 255 663 288 IMPERFECTI
700 255 874 286 CONTRA
908 257 1152 298 JULfflNUM,
1191 259 1279 288 Lm.
1325 260 1396 290 111,
1474 262 1525 309 71

158 334 200 368 te
223 323 356 369 verba
382 320 615 386 apostolica
645 319 779 365 nimia
810 320 1076 384 loquacitate
1098 334 1323 380 conatum,
1346 340 1435 369 non
1460 334 1531 369 ta-

157 410 256 440 men
279 393 487 458 potuisse,
509 394 784 455 pervertere?

220 463 270 511 C.
302 467 396 510 JUL.
427 484 448 505 «
470 461 723 509 Secundum
748 472 893 508 autem
912 462 1076 508 librum
1100 463 1365 525 expositione
1382 465 1529 528 Apos-

153 533 234 580 toli
249 533 509 595 argumentis
524 533 753 594 Augustini
778 549 825 579 ex
842 532 1021 581 adverso
1039 533 1207 596 positis,
1230 550 1313 596 pro
1327 551 1374 579 ea
1393 550 1525 598 quam

149 602 445 668 suppeditavit
465 604 638 660 veritae,
655 602 860 650 facultate
877 602 1096 667 complevi
1113 620 1125 648 ι
1148 613 1276 667 atque
1292 604 1390 650 ideo
1404 620 1525 651 nune

152 674 207 721 ad
230 675 334 722 libri
352 679 442 737 ejus
466 674 663 721 ordinem
679 686 960 723 revertamur.
988 695 1009 716 »

215 745 330 793 AUG.
363 746 614 793 Secundum
632 745 797 792 librum
816 763 906 792 non
931 745 1199 810 expositione
1216 744 1433 808 Apostoli,
1454 745 1527 791 sed

148 816 231 862 sub
267 816 541 882 expositionis
581 816 869 881 professione,
896 816 1017 863 inani
1053 815 1379 880 oppugnatione
1402 831 1529 862 com-

142 886 287 951 plesti‚
305 889 494 936 vanitate
520 888 620 945 tibi,
657 905 745 934 non
763 889 943 935 veritate
958 925 969 945 ,
996 887 1308 952 suppeditante
1329 901 1430 950 quae
1451 887 1526 932 di·-

146 977 275 1008 ceres.

209 1032 283 1079 CI.
308 1035 332 1078 J
337 1048 405 1079 et.
433 1051 454 1075 «
474 1032 583 1093 Igite
602 1041 836 1097 postquam
859 1031 943 1078 sibi
958 1046 1095 1078 unum
1118 1031 1172 1077 de
1189 1030 1528 1095 praefatiuncula

142 1101 302 1166 prioris
325 1103 468 1168 operis
481 1105 564 1151 mei
579 1120 730 1167 caput,
753 1103 873 1167 quod
894 1103 1019 1166 quasi
1037 1103 1317 1166 impugnaret
1342 1102 1524 1162 obJ'ecit,

141 1173 339 1238 illudque
362 1174 415 1220 de
436 1175 571 1235 figulo
593 1185 878 1238 peccatorum
905 1177 998 1219 Deo
1016 1190 1092 1220 suo
1112 1172 1336 1227 subdidit3
1366 1188 1434 1218 me
1461 1190 1528 1218 ar-

143 1245 253 1305 guit,
278 1262 412 1310 quam
435 1263 535 1292 sane
562 1255 810 1292 constanter
830 1255 871 1290 et
898 1261 1025 1308 pure,
1054 1244 1190 1308 ipsius
1214 1243 1398 1306 eloquiis
1437 1258 1527 1306 pu·-

139 1315 341 1363 blicetur.
363 1317 464 1362 Non
480 1317 645 1380 itaque,
667 1317 781 1362 sicut
798 1325 837 1361 te
853 1325 982 1379 atque
1003 1314 1107 1360 alios
1121 1313 1274 1360 fallens
1289 1313 1525 1377 loqueris1‚

140 1386 174 1431 si
200 1387 296 1451 quis
321 1398 396 1433 aut
431 1386 617 1433 liberum
643 1387 689 1432 in
713 1386 970 1432 hominibus
994 1383 1246 1441 arbitrium,
1280 1394 1355 1430 aut
1381 1385 1526 1430 Deum

139 1473 225 1502 esse
270 1456 824 1503 nascentiumconditorem
854 1455 1024 1511 dixerit,
1054 1454 1346 1502 Coelestianus
1370 1465 1411 1500 et
1435 1453 1524 1500 Pe-

137 1527 334 1588 lagianus
354 1538 560 1575 vocatur:
582 1528 661 1574 ista
679 1528 846 1591 quippe
858 1537 899 1572 et
915 1526 1136 1572 catholica
1155 1525 1262 1571 fides
1284 1524 1406 1572 dicit.
1436 1524 1522 1571 Sed

138 1597 172 1642 si
197 1598 294 1661 quis
315 1597 368 1644 ad
392 1597 625 1644 colendum
666 1609 781 1643 reete
806 1599 965 1654 Deum,
1010 1597 1099 1642 sine
1123 1596 1258 1660 ipsius
1300 1595 1521 1655 adJ‘utorio

137 1666 247 1714 dicit
270 1685 356 1714 esse
393 1668 438 1714 in
462 1668 719 1714 hominibus
764 1667 952 1714 liberum
978 1667 1229 1721 arbitrium,
1261 1675 1304 1712 et
1327 1666 1524 1729 quisquis

136 1739 195 1784 ita
215 1739 325 1785 dicit
349 1740 490 1785 Deum
519 1739 790 1786 nascentium
832 1738 1124 1794 conditorem,
1162 1748 1211 1783 ut
1230 1737 1521 1802 parvulorum

135 1808 298 1870 uegeta
321 1820 532 1874 potestate
555 1809 722 1856 diaboli
748 1809 1086 1874 redemptorem,
1114 1809 1205 1872 ipse
1236 1807 1523 1854 Coelestianus

135 1891 177 1925 et
190 1881 448 1941 Pelagianus
475 1891 672 1927 vocatur.
703 1880 915 1926 Liberum
941 1880 1089 1943 itaque
1113 1879 1348 1925 arbitrium
1372 1894 1460 1924 esse
1474 1877 1522 1923 in

134 1950 405 2005 hominibus,
427 1961 470 1996 et
484 1951 625 1996 Deum
638 1967 724 1996 esse
746 1951 1014 1995 nascentium
1034 1949 1325 2004 conditorem,
1345 1948 1519 2011 utrique

135 2019 322 2066 dicimus
350 2037 361 2065 ε
387 2037 477 2065 non
500 2019 608 2065 hinc
628 2020 727 2065 estis
764 2019 1018 2065 Coelestiani
1043 2028 1084 2064 et
1109 2019 1338 2082 pelagiani.
1384 2018 1522 2063 Libe-

133 2105 232 2135 rum
254 2099 400 2135 autem
422 2106 509 2135 esse
534 2106 800 2153 quemquam
823 2089 876 2135 ad
901 2089 1116 2150 agendum
1141 2090 1311 2134 bonum
1332 2088 1422 2133 sine
1438 2087 1518 2133 ad-

132 2159 295 2222 jutorio
324 2160 421 2217 Dei,
449 2170 491 2206 et
511 2177 601 2206 non
643 2159 735 2206 erui
767 2158 975 2223 parvulos
1016 2176 1039 2206 a
1066 2169 1279 2223 potestate
1313 2157 1519 2204 tenebra-

76 2277 79 2280 .
131 2248 228 2278 rum
245 2269 256 2289 ,
284 2242 326 2277 et
361 2232 422 2278 sie
449 2231 672 2278 transferri
705 2231 752 2277 in
785 2247 965 2291 regnum
989 2231 1099 2284 Dei;
1127 2231 1216 2276 hoe
1239 2245 1316 2276 vos
1346 2228 1518 2275 dicitis:

130 2302 238 2348 hinc
267 2303 366 2348 estis
394 2301 689 2349 Coelelestiani
707 2313 750 2347 et
786 2302 1020 2362 Pelagiani.
1051 2320 1071 2342 α
1091 2298 1252 2347 Natare
1282 2311 1322 2346 te
1343 2298 1523 2364 quidem

130 2371 176 2418 in
212 2373 448 2436 impietatis
480 2382 570 2419 tuae
598 2384 641 2419 et
677 2372 924 2418 formidinis
955 2371 1118 2437 palude
1150 2371 1402 2435 frequenter
1446 2385 1522 2415 os-

134 2443 279 2501 tendi,
313 2460 392 2490 nec
422 2460 552 2509 super
575 2444 664 2491 hoc
704 2443 1013 2491 dubitaturum
1039 2442 1304 2508 prudentem
1343 2448 1517 2488 constat

130 2533 215 2562 esse
233 2514 453 2564 lectorem.
473 2536 496 2559 >›

179 2596 191 2622 ¹
209 2600 296 2642 Aug.
310 2598 367 2632 lib.
384 2610 416 2632 α.
430 2597 471 2632 de
490 2598 593 2643 Nupt.
614 2608 685 2642 cap.
707 2599 740 2630 3.
