1824 3236
320 297 411 351 ,430
742 310 775 338 s,
821 308 1063 338 AUGuani
1100 309 1301 338 EPISCOPi

319 385 575 420 coaeternam
596 373 683 418 Deo
704 383 832 436 atque
850 375 1126 421 contrariam.
1157 377 1216 420 Ae
1239 373 1416 437 perlioe
1443 374 1520 420 ubi
1547 375 1697 421 Mani-

317 445 444 491 chaeo
465 444 632 490 conaris
655 461 741 489 esse
766 445 985 499 remotior,
1016 446 1075 490 ibi
1100 446 1279 492 efficeris
1307 449 1395 504 ejus
1421 446 1607 505 adjutor.

383 515 457 561 Vl.
479 515 582 562 JUL.
611 534 630 554 «
649 515 851 560 Jamvero
883 516 925 560 in
951 516 1094 578 ipsum
1119 518 1275 571 Deum,
1301 516 1395 579 pari
1414 517 1519 562 fine«
1539 517 1699 579 impari

319 585 509 638 exordio,
530 584 851 631 accusationum
866 585 1224 645 telajaculantur.
1251 588 1286 631 M
1297 586 1519 632 anichaeus
1533 589 1699 650 quippe

320 657 445 710 dicit,
476 657 589 701 Deus
612 656 753 701 honus
770 656 932 701 malum
956 672 1042 700 non
1058 654 1162 700 facit
1187 673 1197 700 ι
1226 656 1299 701 scd
1326 657 1468 712 addit,
1497 656 1600 719 quia
1619 674 1698 720 pro

317 727 590 774 naturalibus
605 726 749 789 culpis
766 737 930 771 aeterno
946 726 1150 770 inccndio
1169 726 1332 772 animas
1352 727 1533 773 destinet
1550 747 1560 781 ;
1579 727 1699 791 quod

318 798 565 862 perspicuae
588 798 868 843 immanitatis
903 807 992 841 est:
1033 813 1082 841 ae
1116 814 1194 860 per
1226 798 1328 851 hoc,
1366 799 1451 843 fine
1486 798 1704 861 opinionis

317 886 424 924 suae,
445 886 573 932 quern
596 869 761 913 honum
788 867 965 923 dixerat,
991 866 1106 911 clara
1143 867 1374 930 iniquitate
1415 869 1696 915 contaminat.

317 941 453 985 Porro
469 939 737 998 Augustinus
754 938 874 1000 quasi
889 937 991 982 eiad
1007 954 1134 1000 quem
1155 939 1327 994 scribit,
1346 938 1482 983 fidens
1499 949 1701 1002 patrono,

317 1027 443 1056 ausus
463 1008 691 1069 grandiore
717 1008 903 1071 despicit
923 1007 1259 1070 trepidationem
1286 1009 1496 1069 magistri,
1518 1025 1597 1054 nec
1614 1009 1703 1054 du*

314 1082 426 1127 bitat
451 1080 552 1126 inde
584 1079 795 1142 incipere,
815 1095 902 1141 quo
937 1078 1215 1123 Manichaeus
1235 1083 1460 1141 pervenit3
1494 1096 1701 1142 pronun-

315 1153 479 1215 tiatque
518 1150 638 1214 quod
677 1149 866 1206 malum,
902 1149 1053 1203 idest,
1085 1161 1315 1212 peccatum
1350 1149 1482 1196 faciat
1521 1152 1636 1195 Deus
1660 1160 1703 1195 et

316 1235 448 1279 creet,
467 1239 597 1286 quem
630 1231 800 1267 constat
815 1238 899 1266 non
915 1220 1148 1265 convenire
1167 1220 1204 1265 ei
1230 1222 1338 1275 Deo,
1363 1237 1493 1284 quem
1518 1220 1704 1266 catholi-

315 1306 467 1343 corum
492 1293 597 1339 fides
621 1292 737 1338 colit.
775 1292 872 1337 Hoc
906 1291 1179 1354 potissimum
1216 1292 1361 1337 animo
1399 1291 1570 1337 lectoris
1594 1291 1702 1337 insi-

315 1368 408 1420 dat,
430 1377 473 1411 et
512 1363 621 1410 nulli
663 1379 856 1426 unquam
882 1361 1077 1407 fidelium
1112 1362 1318 1421 majorem
1357 1379 1530 1408 causam
1567 1378 1700 1425 quam

318 1435 706 1484 nobisincubuisse
727 1433 976 1486 conflictus,
999 1443 1222 1477 ctomnem
1243 1433 1319 1495 qui
1344 1445 1541 1478 naturam
1561 1433 1700 1496 ipsam

317 1508 609 1555 'necessitatem
650 1503 843 1549 criminis
869 1504 1134 1556 arbitratur,
1163 1502 1209 1547 in
1250 1503 1327 1547 Dei
1351 1503 1699 1549 Christianorum

319 1579 443 1626 cultu
464 1595 552 1624 non
572 1576 736 1621 habere
757 1575 1022 1621 consortium
1044 1592 1054 1619 :
1078 1574 1196 1637 quod
1222 1575 1429 1637 quoniam
1456 1574 1701 1637 frequenter

316 1649 587 1697 inculcatum
612 1656 701 1700 est;
727 1646 995 1691 iterationem
1023 1646 1190 1708 quippe
1217 1644 1379 1690 utilitas
1403 1661 1544 1690 causae
1571 1643 1699 1707 prin-

320 1721 473 1784 cipalis
499 1718 662 1777 exegit3
690 1716 912 1762 veniamus
929 1721 1020 1776 jam
1044 1715 1098 1760 ad
1126 1715 1432 1761 discussionem
1454 1715 1698 1779 primorum

315 1791 566 1843 hominum,
588 1803 775 1851 quorum
793 1787 1006 1832 taxatione
1042 1786 1147 1833 aciei
1178 1797 1338 1832 nostrae
1364 1785 1554 1831 [Numida
1575 1785 1697 1850 quasi

319 1870 506 1907 cetratus
524 1867 731 1903 occurrit.
759 1879 778 1898 ))

383 1933 498 1978 AUG.
540 1928 661 1985 Quid
681 1927 954 1973 Manichaeus
973 1926 1092 1972 dicat
1107 1926 1161 1971 de
1178 1926 1482 1971 commixtione
1504 1925 1636 1971 bonae
1656 1935 1698 1970 et

318 2001 447 2048 malae
470 1998 745 2053 substantiae,
776 1998 939 2043 nescire
965 2009 1006 2043 te
1025 1996 1261 2053 crederem,
1288 1997 1372 2041 nisi
1394 2013 1442 2041 ea
1466 2006 1580 2041 certe
1598 2008 1698 2058 quae

318 2072 520 2118 adversus
536 2068 736 2114 eumdem
760 2085 945 2114 errorem
971 2068 1240 2130 scripsimus,
1267 2067 1413 2127 legisse
1434 2077 1471 2111 te
1501 2065 1651 2110 scirem
1680 2082 1691 2109 :

318 2160 419 2188 nam
437 2159 485 2186 ex
515 2141 647 2194 libro,
674 2141 717 2184 in
737 2157 825 2202 quo
850 2139 1033 2184 duarum
1064 2139 1306 2182 animarum
1322 2139 1365 2182 in
1386 2136 1562 2182 homine
1583 2152 1694 2180 con-

319 2209 618 2265 stitutarunfi,
645 2226 832 2272 quarum
851 2219 957 2253 esset
983 2209 1214 2261 unabona,
1234 2208 1362 2252 altera
1387 2206 1516 2261 mala,
1544 2222 1693 2251 eorum

315 2282 569 2345 opinionem
584 2279 803 2338 redargui,
821 2278 1026 2342 quaedam
1052 2288 1203 2321 contra
1229 2294 1294 2322 me
1315 2278 1459 2340 ipsum
1476 2293 1562 2321 esse
1582 2275 1693 2320 exis-—

316 2352 472 2397 timans
498 2350 738 2395 testimonia
767 2348 1000 2411 protulisti.
1034 2347 1425 2406 Manicliaeuscrgo
1461 2346 1567 2391 (luas
1594 2346 1691 2390 ani-

317 2439 425 2476 mas,
458 2422 546 2467 sive
574 2421 769 2484 spiritus,
789 2421 875 2465 sive
898 2428 1077 2472 mentes,
1112 2435 1241 2462 unam
1280 2418 1502 2480 propriam
1531 2416 1688 2470 carnis,

316 2493 597 2554 eamdemque
612 2508 698 2536 non
723 2490 944 2536 accidente
966 2490 1089 2543 vitio,
1115 2489 1185 2533 sed
1209 2500 1468 2534 coaeternam
1499 2490 1590 2532 Deo
1608 2503 1690 2531 na-

317 2573 414 2609 tura
451 2562 631 2618 malam,
662 2561 840 2608 alteram
863 2577 962 2607 vero
992 2569 1147 2605 natura
1171 2560 1334 2605 bonam
1358 2570 1565 2620 tanquam
1611 2555 1689 2602 Dei

364 2647 374 2668 ¹
394 2647 441 2677 Ex
459 2644 516 2676 lib.
533 2643 573 2675 de
588 2643 685 2676 duab.
702 2644 801 2677 anim.
817 2653 846 2677 c.
868 2654 880 2674 ι
892 2655 921 2677 ι.
