1863 3262
294 220 387 274 214
704 234 739 264 5.
783 232 1025 265 AUGUSTlNl
1063 235 1267 265 Ei‘iscorr

291 300 517 346 honestate
549 298 790 353 velanda1;
830 300 931 362 quia
970 301 1015 346 in
1056 301 1143 347 hoc
1182 299 1412 347 consilium
1443 304 1669 367 sequitur²

294 368 544 417 ,Conditoris
560 406 570 424 ,
601 380 648 414 ut
666 369 785 432 quod
806 370 877 416 ille
896 371 940 416 in
965 383 1123 417 secreta
1145 372 1342 434 corporis
1361 383 1485 435 parte
1507 376 1671 422 consti-

295 439 393 496 tuit,
414 456 492 484 nos
513 439 696 485 totidem
718 441 961 487 verecundo
981 443 1224 505 operiamus
1241 444 1433 491 obtectu.
1459 465 1480 486 n

361 511 474 557 AUG.
499 511 585 556 Res
602 510 710 556 dicis
727 512 968 567 mirabiles,
995 524 1100 559 tunc
1124 513 1260 559 Adam
1285 525 1326 559 et
1344 515 1479 560 Evam
1505 515 1672 561 Condi-

298 581 402 627 toris
421 598 508 627 esse
540 592 706 627 secutos
730 583 959 629 consilium
977 622 987 643 ⁷
1013 584 1190 648 quando
1211 589 1301 644 ejus
1321 586 1544 633 deseruere
1563 605 1674 651 prae-

295 663 491 715 ceptum,
510 652 728 715 sequendo
743 654 972 700 consilium
992 655 1246 718 deceptoris.
1269 656 1394 702 Prius
1412 657 1524 702 enim
1542 674 1674 721 quam

294 723 383 767 hoc
407 722 572 768 malum
591 734 932 787 perpetrassent,
961 742 1061 770 cum
1089 725 1237 770 adhuc
1261 737 1398 772 essent
1421 728 1527 773 recti
1548 738 1675 791 atque

294 791 499 856 perfecti,
520 811 609 840 non
633 795 925 858 sequebantur
948 795 1175 842 consilium
1195 796 1462 854 Conditoris,
1482 808 1530 843 ut
1552 798 1672 861 quod

296 865 368 910 ille
391 868 437 910 in
449 877 611 912 secreta
629 867 824 929 corporis
850 878 974 930 parte
999 867 1248 924 constituit,
1270 868 1437 914 nudum
1456 869 1678 934 relinque-

295 946 411 993 rent,
439 954 518 982 1100
558 937 802 983 verecundo
831 939 1011 984 obtectu
1048 939 1216 1002 operire
1259 943 1492 986 curarent?
1533 941 1677 986 Homo

295 1006 692 1070 impudentissime,
729 1009 850 1072 quod
892 1021 1115 1055 senserunt
1162 1010 1341 1073 quando
1384 1011 1675 1066 erubuerunt,

296 1076 476 1123 laudare
501 1081 625 1140 pejus
649 1089 710 1124 est
727 1096 859 1142 quam
888 1080 1066 1127 nudare.

363 1149 521 1195 LXVI.
562 1153 658 1198 JUL.
702 1171 722 1191 α
754 1152 842 1196 Has
879 1162 1022 1198 tamen
1058 1152 1353 1198 elocutionum
1390 1152 1677 1210 diversitates,

296 1236 406 1284 quas
426 1230 474 1265 tu
493 1237 581 1268 non
605 1220 743 1266 solum
765 1239 853 1267 non
882 1223 1087 1278 imitaris,
1110 1224 1394 1270 verumetiam
1413 1224 1678 1280 criminaris,

299 1307 487 1354 quarum
513 1308 591 1336 nos
613 1291 876 1351 adjuvamur
899 1294 1073 1350 officiis,
1096 1312 1182 1340 11011
1198 1294 1445 1354 linguarum
1464 1296 1678 1351 omnium,

297 1360 374 1408 sed
410 1378 564 1421 graecae
597 1373 639 1408 et
671 1362 819 1409 latinae
859 1364 1002 1410 cultus
1043 1365 1219 1411 invenit.
1265 1368 1484 1410 Caeterum
1522 1365 1683 1424 linguae

295 1431 419 1488 aliae,
449 1449 549 1496 quae
573 1434 788 1480 naturales
811 1447 1040 1491 vocantur,
1069 1437 1128 1481 ob
1148 1436 1234 1495 1100
1254 1436 1375 1498 quod
1396 1435 1509 1481 nihil
1535 1435 1594 1480 eis
1609 1445 1685 1480 aut

299 1519 437 1566 opum
459 1513 534 1548 aut
569 1504 722 1550 nitoris
747 1506 892 1551 studia
920 1517 1064 1552 secuta
1089 1507 1377 1563 contulerint,
1409 1506 1684 1569 simplicibus

300 1573 481 1629 omnino
500 1575 753 1622 nominibus
766 1578 1065 1624 membrorum
1085 1577 1355 1623 abutuntur:
1373 1577 1489 1623 unde
1505 1588 1546 1622 et
1565 1575 1686 1640 apud

306 1643 542 1701 Hebraeos,
570 1663 761 1709 quorum
787 1665 982 1694 sermone
1007 1649 1333 1712 Scripturarum
1357 1648 1526 1712 puritas
1542 1646 1684 1693 001111-

303 1725 449 1771 netur,
478 1717 669 1780 propriis
694 1720 839 1764 omnia
860 1719 1087 1765 vocabulis
1113 1719 1379 1766 indicantur.
1406 1741 1426 1761 ›>

371 1791 485 1836 AUG-
522 1790 711 1836 Multum
746 1791 905 1838 falleris
934 1810 945 1838 ε
973 1793 1094 1855 quasi
1129 1793 1173 1837 in
1196 1793 1377 1838 hebraeo
1405 1792 1577 1855 eloquio
1600 1807 1688 1835 non

303 1859 358 1906 sit
374 1860 545 1923 tropica
569 1859 735 1907 locutio
749 1899 759 1917 ‚
779 1862 823 1907 in
838 1879 925 1926 qua
945 1864 1095 1926 utique
1110 1880 1197 1908 non
1222 1863 1401 1926 propria
1418 1900 1428 1918 ‚
1457 1862 1531 1908 sed
1553 1873 1688 1906 trans-

301 1930 388 1976 lata
414 1941 514 1977 sunt
548 1932 696 1979 verba.
728 1933 888 1978 Verum
923 1934 1008 1979 hoc
1046 1933 1365 1997 qualecumque
1389 1933 1471 1987 sit,
1506 1931 1615 1995 quid
1649 1941 1689 1976 te

305 2000 520 2061 adjuvat?
564 2002 617 2047 In
652 2003 850 2049 Hebraeis
888 2015 1004 2050 certe
1039 2004 1171 2049 sacris
1216 2004 1390 2049 Litteris
1424 2003 1600 2062 legitur,
1647 2011 1691 2046 et

306 2072 484 2135 quando
520 2072 583 2118 illi
607 2074 738 2136 primi
777 2075 977 2120 homines
1000 2075 1109 2120 nudi
1144 2074 1332 2129 fuerint,
1374 2090 1454 2118 nec
1480 2071 1690 2136 puduerit

307 2159 403 2196 eos;
423 2153 463 2188 et
481 2143 660 2206 quando
675 2143 727 2189 de
746 2162 822 2190 sua
844 2145 1040 2190 nuditate
1057 2144 1227 2190 confusi
1242 2144 1325 2188 sint
1340 2181 1350 2199 ,
1374 2154 1414 2188 et
1434 2159 1689 2206 (101εο111011]-

306 2213 390 2258 bra
416 2213 624 2269 texerint3
653 2225 701 2260 ut
722 2232 947 2278 possemus
965 2232 1087 2261 nosse
1115 2214 1224 2278 quid
1251 2214 1478 2270 senserint,
1510 2223 1552 2259 et
1576 2212 1692 2258 unde

308 2282 480 2332 confusi
511 2284 613 2332 sint.
642 2286 710 2331 Tu
734 2286 767 2332 si
792 2285 855 2333 vis
878 2286 928 2332 in
949 2286 1034 2332 hac
1059 2302 1188 2331 causa
1214 2296 1251 2331 te
1277 2285 1392 2331 unde
1412 2283 1692 2330 confunderis

305 2363 445 2414 tegere
462 2392 472 2409 ‚
497 2355 671 2402 tandem
701 2367 808 2404 tace.

371 2424 553 2472 LXVII.
595 2429 690 2474 Jur..
724 2448 745 2468 c<
768 2427 1020 2491 Eademque
1058 2428 1311 2484 securitate,
1354 2443 1439 2490 qua
1481 2425 1614 2489 pedes
1653 2434 1694 2469 et

305 2511 443 2554 genua
462 2533 473 2552 ,
517 2497 646 2545 etiam
683 2498 885 2558 genitalia
924 2499 1147 2563 utriusque
1177 2516 1296 2545 sexus
1333 2508 1561 2546 vocantur.
1604 2496 1694 2542 Nos

353 2576 362 2597 ¹
382 2589 392 2607 1
411 2579 484 2610 Cor.
501 2590 562 2617 xrr,
579 2582 634 2615 23,
651 2598 694 2604 —
712 2579 726 2602 ²
742 2583 836 2612 Forte
850 2581 1023 2624 sequimur.
