1824 3236
157 244 312 275 ominis
347 242 609 274 mmm-“nen
647 241 821 272 CONTRA
857 245 1104 287 JULtANUM,
1144 248 1230 280 Llss.
1275 252 1311 282 v.
1391 234 1483 281 353

112 308 346 356 Manichaei
366 306 592 353 libidinem
615 323 850 369 corporum
865 326 888 354 a
908 308 1084 356 diabolo
1105 330 1190 358 esse
1213 314 1449 377 plantatam
1471 333 1481 361 :

110 391 158 426 tu
194 379 240 426 id
267 376 553 442 multiplicata
590 376 883 440 disputatione
924 382 1167 429 confirmas.
1201 386 1485 432 (Ioutendunt

111 450 174 498 illi
214 467 293 514 per
331 449 517 495 liberum
565 448 794 494 arbitrium
829 466 913 494 non
953 468 1077 513 posse
1110 454 1272 500 malum
1313 459 1484 514 caveri,

114 522 280 586 quippe
299 519 419 584 quod
442 518 637 565 naturale
660 519 712 565 sit
733 537 742 564 :
769 530 814 566 tu
837 537 1014 583 quoque
1041 522 1188 569 iisdem
1216 528 1489 573 sermonibus

113 591 299 637 liberum
327 589 631 635 commentaris
672 590 929 643 arbitrium,
970 591 1043 636 sed
1075 611 1152 656 per
1189 596 1305 658 quod
1331 596 1492 642 malum

116 661 209 707 fieri
226 660 384 724 possit,
407 677 430 705 a
453 659 568 705 malo
594 670 735 706 autem
758 677 846 705 non
869 661 1005 724 possit
1024 661 1181 711 desisti.
1209 666 1324 712 Dicit
1346 667 1494 712 Mani·-

117 730 267 776 chaeus
287 747 429 775 semen
452 746 538 774 esse
555 728 835 775 maledictum
861 747 871 775 :
901 740 947 776 tu
967 730 1012 776 id
1040 731 1367 796 Scripturarum
1388 753 1492 782 aue-

117 800 290 846 toritate
307 800 496 863 probare
519 799 702 846 conaris.
731 800 851 846 Dicit
872 801 1148 848 Manichacus
1177 804 1498 851 inconvertibi-

117 871 201 917 lem
226 888 312 917 esse
341 870 550 916 malitiam
578 889 589 916 ε
624 882 670 917 tu
705 871 764 917 sic
801 889 887 918 esse
907 873 1167 920 vociferaris.
1208 876 1291 921 Sed
1321 876 1430 923 dicis
1450 888 1499 923 tu

118 942 258 988 Adam
285 941 426 987 solum
459 953 643 990 naturae*
664 941 792 988 fuisse
821 943 1040 989 melioris:
1064 945 1169 991 dicit
1193 946 1320 992 etiam
1357 947 1499 992 Mani-

118 1013 268 1058 chaeus
289 1012 344 1059 ad
371 1013 610 1059 Patricium
624 1051 635 1070 ‚
654 1013 876 1059 meliorem
899 1014 1022 1060 illum
1045 1017 1200 1062 secutis
1221 1018 1339 1063 credi
1359 1035 1496 1081 opor-

117 1095 230 1142 tere,
263 1084 387 1149 quasi
423 1083 476 1130 de
500 1084 657 1148 primae
684 1095 935 1130 concretum
962 1085 1067 1131 flore
1090 1087 1357 1134 substantiae.
1380 1087 1499 1134 Dicis

118 1166 166 1202 tu
190 1154 541 1202 commixtionem
565 1166 748 1219 propter
782 1155 998 1202 naturales
1023 1169 1166 1203 motus
1189 1175 1276 1204 esse
1307 1158 1500 1204 diaboli-

118 1243 214 1272 cam
228 1263 238 1283 ‚
260 1237 387 1290 atque
407 1225 606 1271 homines
628 1244 650 1271 a
669 1226 847 1272 diabolo
864 1226 986 1289 quasi
1011 1226 1181 1273 fruticis
1209 1246 1230 1273 a
1257 1246 1298 1274 se
1314 1228 1503 1292 plantati

116 1295 393 1356 fructusjure
412 1295 587 1359 decerpi
605 1313 615 1341 ε
635 1295 743 1341 dicit
757 1296 885 1341 etiam
901 1296 988 1342 hoc
1013 1298 1287 1343 Manichaeus
1302 1334 1312 1353 ,
1338 1298 1505 1361 qnippe

119 1385 142 1413 a
160 1384 249 1432 quo
269 1366 314 1414 id
336 1366 509 1413 credere
530 1377 573 1412 et
603 1366 814 1412 affirmare
841 1365 1048 1414 didicisti.
1082 1368 1201 1414 Dicit
1230 1369 1503 1415 Manichaeus

118 1447 160 1483 et
171 1448 373 1484 naturam
390 1448 432 1484 et
449 1437 625 1501 nuptias
644 1436 778 1483 malas
798 1454 908 1483 esse:
927 1448 976 1483 tu
993 1449 1137 1485 autem
1154 1439 1290 1484 bonas
1305 1439 1499 1503 nuptias,

119 1508 194 1554 sed
222 1525 340 1554 ream
374 1519 590 1555 naturam.
620 1509 720 1554 Non
740 1518 789 1554 tu
818 1507 892 1553 hic
916 1509 1171 1569 religiosior,
1197 1510 1269 1555 sed
1294 1510 1366 1556 ille
1388 1527 1501 1573 pru-

119 1579 305 1627 dentior.
335 1578 570 1636 Quomodo
594 1595 694 1638 ergo
713 1577 870 1624 falsum
895 1590 957 1625 est
973 1617 983 1636 ,
1008 1580 1126 1642 quod
1145 1580 1299 1626 dicunt
1324 1580 1498 1636 Ariani,

122 1648 374 1695 Catholicos
411 1648 681 1695 Sabellianos
714 1666 831 1694 esse:
859 1650 918 1695 ita
954 1650 1223 1696 verissimum
1264 1661 1354 1707 est,
1381 1649 1500 1713 quod

121 1719 276 1767 dicunt
295 1718 515 1765 Catholici
533 1756 544 1776 ‚
570 1718 868 1766 Traducianos
888 1737 977 1766 non
996 1737 1082 1766 esse
1100 1720 1219 1766 aliud
1241 1737 1371 1783 quam
1398 1721 1499 1766 Ma-

120 1791 339 1846 nichaeos3
365 1789 693 1837 distinctionem
726 1800 870 1836 autem
905 1791 1017 1836 inter
1040 1808 1115 1837 vos
1142 1790 1378 1836 illusoriam
1398 1790 1503 1853 qui-

122 1862 250 1919 dem,
285 1879 375 1908 non
412 1862 498 1908 fide
532 1873 697 1916 vestra,
738 1862 810 1908 sed
843 1862 1062 1925 imperitia
1094 1862 1336 1922 contigisse.
1365 1861 1503 1906 Unius

121 1949 222 1993 ergo
255 1932 358 1978 fidei
383 1943 431 1978 tu
465 1943 507 1978 et
534 1932 808 1978 Manichaeus
834 1950 845 1977 :
874 1933 947 1978 sed
973 1933 1043 1978 ille
1068 1932 1210 1978 minus
1233 1931 1465 1994 impudens
1485 1968 1497 1986 ,

121 2020 253 2067 quam
282 2013 356 2049 tua
384 2002 569 2062 gravitas
599 2002 849 2059 invenitur3
885 2019 1027 2066 neque
1057 2002 1170 2048 enim
1206 2001 1332 2047 facile
1358 2000 1503 2045 Mani-

123 2074 274 2120 chaeus
295 2084 367 2120 aut
384 2072 591 2119 Melitidis
612 2072 718 2119 alter
735 2072 988 2129 offenditur,
1006 2073 1082 2136 qui
1094 2072 1214 2118 dicat
1237 2088 1278 2117 se
1295 2070 1503 2116 damnare

123 2154 328 2190 naturam
350 2144 606 2199 hominum,
641 2143 715 2189 sed
736 2160 823 2188 non
849 2143 1058 2190 infamare
1081 2142 1298 2202 conjugia.
1319 2162 1339 2183 ›>

190 2216 304 2262 Aue.
336 2214 428 2261 Cur
453 2231 529 2274 ego
555 2214 737 2261 Arianos
760 2224 802 2259 et
832 2214 1099 2260 Sabellianos
1131 2227 1503 2259 commemorave-

123 2285 234 2341 rim,
262 2286 339 2348 qui
370 2285 535 2331 librum
558 2284 682 2330 illum
708 2301 853 2330 meum
880 2284 1123 2344 intelligens
1152 2282 1282 2343 legit,
1310 2298 1407 2327 mox
1432 2279 1502 2326 in-

124 2355 267 2413 venit3
292 2365 419 2419 teque
446 2355 646 2418 pervidet
669 2354 814 2400 dolose
839 2372 984 2415 agere,
1014 2355 1090 2417 qui
1113 2353 1309 2399 eamdem
1327 2367 1505 2397 causam

126 2435 263 2472 totam
301 2442 640 2471 commemorare
672 2424 865 2472 noluisti.
909 2425 1012 2471 Tibi
1042 2425 1157 2470 enim
1189 2421 1303 2469 dixi1
1337 2439 1347 2467 τ
1384 2421 1507 2467 Sicut

128 2496 277 2543 Ariani
296 2496 403 2542 dum
426 2496 694 2542 Sabellianos
711 2495 885 2556 fugiunt
903 2533 914 2553 ,
941 2496 984 2543 in
1006 2499 1129 2560 pejus
1151 2492 1316 2557 aliquid
1343 2492 1510 2539 incide-

178 2580 189 2601 ¹
211 2579 280 2613 Lib.
299 2591 328 2610 1.
343 2579 381 2611 de
399 2581 501 2622 Nupt.
519 2584 549 2610 et
567 2580 660 2612 Cone.
690 2590 715 2611 e.
740 2581 796 2614 23,

264 2626 408 2682 cxnlv.
1320 2632 1377 2675 253
