1824 3236
164 281 321 311 opums
358 280 622 311 imitamen
660 279 834 309 CONTRA
869 279 1115 319 summum,
1154 279 1241 309 mu.
1288 280 1346 310 v1.
1399 265 1490 328 447

115 366 137 387 »
161 344 333 409 pristini
355 345 554 391 libertate
574 381 585 400 ‚
617 360 879 407 quaeramus,
907 365 927 385 >2
954 344 1091 390 Audis
1121 344 1288 390 restitui
1319 344 1496 390 liberta-

115 427 200 462 tem
216 453 227 470 ,
251 427 293 462 et
314 434 402 462 non
423 416 596 479 periisse
615 414 870 467 contendis3
896 425 1025 477 atque
1045 415 1239 461 humana
1270 415 1495 461 voluntate

116 497 345 532 contentus
361 485 552 532 divinam
574 502 661 531 non
680 484 790 548 petis
811 485 992 544 gratiam
1014 522 1024 539 ‚
1047 502 1176 548 quam
1200 486 1375 531 libertas
1394 503 1498 531 nos-

117 567 184 602 tra
207 557 334 602 etiam
362 556 408 602 in
435 566 594 601 statum
622 556 856 618 pristinum
884 555 1079 601 restituta
1107 556 1190 601 sibi
1224 573 1310 601 esse
1332 556 1496 601 intelli-

118 626 180 687 git
198 626 494 674 necessariam.
529 626 692 683 Quaero
723 636 863 671 autem
889 644 912 671 a
939 635 996 680 te,
1024 636 1172 671 utrum
1193 629 1284 685 jam
1313 626 1355 671 in
1381 626 1496 689 pris-

118 696 260 742 tinum
287 707 445 742 statum
473 697 531 741 ita
559 695 689 742 fuerit
715 696 910 742 restituta
933 694 1110 741 libertas
1142 699 1233 755 ejus
1256 695 1333 759 qui
1354 695 1462 742 dicit
1485 713 1497 740 ε

120 787 140 807 «
160 766 256 812 Non
275 766 394 830 quod
422 766 520 812 volo
555 783 632 826 ago
653 803 664 822 ‚
701 765 773 812 sed
798 766 918 829 quod
959 764 1033 811 odi
1072 764 1182 810 illud
1203 764 1379 811 faeio1:
1402 787 1421 807 ))
1460 776 1502 811 et

120 836 277 882 «Velle
295 837 465 897 adjacet
493 836 632 892 mihi,
659 838 868 901 perficere
902 846 1046 882 autem
1069 836 1237 881 bonum
1262 853 1349 881 non
1385 837 1501 883 inve-

122 929 143 950 »
167 907 284 953 nio2.
304 929 324 949 n
354 909 410 953 Et
426 908 588 971 quibus
614 908 778 954 dicitur
796 925 806 953 ε
827 929 847 949 «
868 909 981 954 Caro
1001 906 1279 970 concupiscit
1300 906 1505 953 adversus

123 999 144 1020 >2
167 977 370 1041 spiritum
392 1013 403 1033 ‚
424 988 468 1022 et
493 978 670 1041 spiritus
691 978 894 1024 adversus
924 994 1096 1022 carnem
1114 1014 1128 1040 ‚y
1150 988 1198 1022 ut
1226 993 1314 1023 non
1337 995 1384 1023 ea
1402 994 1503 1041 quae

123 1069 143 1090 >³
166 1047 298 1094 vultis
309 1047 476 1094 faciatis
490 1048 682 1094 3.>›Puto
695 1047 813 1112 quod
826 1063 1062 1111 nouusque
1079 1047 1187 1093 adeo
1205 1047 1383 1111 desipis,
1402 1048 1505 1093 utin

122 1118 192 1167 his
209 1117 328 1164 dicas
345 1136 430 1165 esse
456 1129 590 1165 status
616 1119 789 1183 pristini
813 1119 1059 1164 libertatem
1085 1129 1316 1164 :ettamen
1334 1119 1368 1164 si
1383 1119 1504 1165 nulla

123 1189 181 1235 eis
200 1199 328 1247 esset,
346 1189 393 1235 id
415 1189 536 1254 quod
559 1200 759 1236 sanctum
785 1201 826 1235 et
848 1194 1018 1249 justum
1045 1200 1086 1235 et
1114 1189 1282 1235 bonum
1308 1200 1369 1235 cst
1388 1227 1400 1248 ‚
1428 1206 1506 1236 nec

124 1259 232 1306 velle
250 1260 509 1324 potuissent.
537 1261 650 1306 Sunt
669 1262 782 1306 enim
806 1277 916 1325 quos
940 1276 1121 1324 peccare
1149 1261 1208 1305 ita
1230 1259 1440 1317 delectat,
1461 1271 1511 1307 ut

125 1330 266 1377 nolint
285 1330 543 1395 oderintque
559 1331 773 1393 justitiam
807 1349 817 1376 ι
845 1348 979 1394 quani
1013 1347 1093 1376 nec
1117 1330 1224 1376 velle
1247 1330 1403 1394 aliquis
1424 1348 1510 1395 poa-

126 1412 238 1459 test,
267 1402 348 1448 nisi
366 1413 547 1466 paretur
569 1402 771 1449 voluntas
795 1421 817 1448 a
844 1400 1086 1456 Domino-⁴,
1114 1411 1162 1447 ut
1187 1401 1242 1447 ad
1272 1403 1509 1465 peificienss—

127 1470 456 1532 damjustitiam
481 1472 705 1536 praecedat
723 1471 984 1518 desiderium
1009 1471 1268 1528 voluntatis,
1290 1483 1333 1518 et
1354 1472 1512 1535 paula-³

129 1542 206 1587 tim
231 1544 407 1589 effectus
435 1542 660 1607 potestatis
690 1542 896 1598 accedat,
922 1542 1013 1588 aliis
1041 1541 1195 1592 citius,
1215 1542 1308 1588 aliis
1325 1543 1509 1601 tardius,

128 1613 368 1677 unicuique
391 1614 504 1661 sicut
525 1614 738 1660 Dominus
761 1613 908 1669 dedit,
930 1614 1006 1676 qui
1031 1612 1146 1658 solus
1162 1624 1306 1675 potest
1321 1613 1514 1660 hominis

129 1681 329 1748 reparare
346 1686 527 1732 salutem
553 1697 682 1749 atque
710 1702 864 1746 augere
894 1689 984 1745 jam
1025 1684 1242 1747 perditam
1277 1695 1320 1730 et
1350 1685 1513 1732 donare

131 1756 259 1801 etiam
285 1755 396 1813 hoc,
422 1760 574 1816 utjam
599 1756 740 1819 perire
767 1773 854 1801 non
874 1755 1022 1819 possit.
1047 1756 1098 1800 In
1120 1771 1208 1817 quo
1225 1754 1513 1801 liberatorum

132 1843 314 1872 numero
343 1838 405 1872 est
430 1837 472 1872 et
497 1837 672 1872 sanctus
710 1825 844 1882 Abel,
883 1839 1014 1889 quem
1047 1824 1156 1871 dicis
1192 1826 1303 1871 bene
1339 1826 1515 1872 vivendi

132 1913 221 1942 non
246 1897 433 1942 caruisse
462 1897 638 1944 virtute.
679 1918 698 1938 «
716 1897 813 1941 Non
846 1896 987 1941 caruit
1006 1895 1156 1959 plane,
1185 1895 1258 1942 sed
1282 1907 1517 1960 postquam

135 1987 156 2009 n
177 1967 343 2029 coepit,
365 1966 430 2012 illi
453 1983 540 2012 esse
568 1984 579 2011 ε
607 1976 730 2011 antea
753 1982 873 2020 vero,
902 1965 999 2028 quis
1017 1975 1079 2010 est
1104 1965 1296 2010 mundus
1313 1983 1337 2010 a
1360 1966 1517 2013 sorde?

136 2060 156 2079 »
180 2053 260 2082 nec
293 2036 459 2094 infans,
496 2040 622 2097 cujus
648 2047 709 2082 est
735 2035 821 2082 diei
849 2036 977 2081 unius
1004 2036 1093 2082 vita
1117 2053 1244 2099 super
1270 2047 1424 2082 terram
1436 2037 1469 2084 5.
1495 2055 1516 2080 s>

135 2106 432 2154 Redimuntur
467 2124 583 2167 ergo,
605 2108 873 2170 quicumque
896 2105 1223 2162 rediinuntur⁶‚
1261 2107 1316 2152 ab
1350 2124 1399 2152 eo
1438 2108 1515 2171 qui

138 2178 253 2224 venit
277 2195 472 2241 quaerere
494 2177 615 2241 quod
644 2177 858 2241 perieram
891 2176 968 2240 qui
994 2192 1036 2221 et
1063 2187 1294 2240 antequam
1318 2177 1363 2223 in
1387 2185 1517 2224 carn'e

136 2249 328 2306 veniret,
351 2266 429 2311 per
446 2248 577 2294 fidem
603 2248 742 2311 ipsam
769 2247 976 2300 redemit,
1016 2263 1103 2309 qua
1138 2247 1400 2293 credebatur
1431 2265 1518 2294 esse

138 2329 362 2365 venturus
392 2318 689 2364 Redimuntur
712 2328 858 2362 autem
886 2317 932 2362 in
964 2316 1209 2362 libertatem
1235 2318 1519 2365 beatitudinis

139 2388 463 2452 sempiternam,
484 2388 562 2434 ubi
580 2392 672 2448 jam
696 2398 879 2451 peccato
904 2387 1062 2433 servire
1084 2404 1172 2433 non
1195 2389 1376 2451 possint.
1406 2391 1516 2435 Nam

188 2497 198 2519 ¹
223 2499 319 2529 Romi
347 2507 401 2533 vn,
441 2497 490 2528 15.
517 2505 562 2519 —2
589 2495 605 2517 ‘²
635 2495 716 2527 Ibid.
755 2497 807 2528 18.
834 2513 880 2521 -—
902 2492 917 2518 3
942 2496 1048 2527 Galat.
1078 2501 1106 2533 v,
1140 2509 1190 2536 17.
1223 2515 1267 2521 —
1293 2495 1308 2519 ⁴
1327 2501 1421 2532 Prov.
1444 2502 1528 2537 vm,

138 2545 231 2585 juxta
252 2564 324 2584 Lxx.
343 2570 386 2576 —
407 2550 421 2574 ⁵
440 2553 516 2586 Job.
535 2564 601 2594 xiv,
620 2559 638 2591 4
653 2576 661 2592 ,
679 2553 771 2595 juna
787 2564 862 2586 mxx.
879 2571 921 2577 —
944 2549 960 2574 ὃ
975 2555 1084 2596 Lupus
1103 2555 1229 2586 Ferrar.
1246 2555 1371 2587 collect.
1386 2562 1491 2598 quest.
1509 2559 1526 2588 3

144 2607 183 2640 de
200 2618 284 2650 sung.
300 2607 377 2641 Chr.
