1824 3236
349 233 442 288 384
771 244 805 272 s.
850 240 1095 272 Aueusrim
1134 241 1339 272 EPISCOPI

345 331 445 373 ergo
466 312 551 357 hoc
588 309 669 355 tibi
703 309 869 373 placuit
904 308 1123 372 appellare
1148 307 1381 371 possibile,
1406 308 1527 371 quod
1558 309 1615 354 ita
1643 309 1734 354 fieri

345 394 515 447 potest,
554 392 599 427 ut
627 397 715 425 non
744 379 799 424 sit
833 396 1029 431 000055ος
1068 378 1178 423 illud
1221 389 1366 423 autern
1400 380 1692 425 necessarium
1720 417 1730 435 ‚

345 453 465 518 quod
488 470 576 498 non
608 450 750 497 solum
787 450 880 495 fieri
911 460 1082 513 potest,
1114 449 1400 496 verumetiam
1434 467 1602 496 necesse
1630 462 1690 496 est
1720 469 1729 495 ε

343 525 523 588 loquere
544 534 592 568 ut
616 540 707 575 vls;
732 521 810 567 ubi
825 538 889 566 res
914 532 1145 584 apparent,
1173 539 1262 566 non
1290 531 1352 566 est
1377 520 1429 566 de
1451 522 1595 568 verbis
1621 540 1733 568 con—

348 595 555 641 troversia
581 593 796 640 facienda.
824 592 936 637 Satis
956 602 1018 637 est
1043 608 1163 636 nosse
1182 609 1309 637 omne
1330 593 1613 638 necessarium
1648 611 1734 639 esse

345 666 574 731 possibile,
600 683 689 712 non
710 681 838 710 omne
856 663 1064 726 possibile
1083 679 1169 707 esse
1197 663 1499 710 necessarium.

411 738 568 786 XLVI.
598 738 698 784 JUL.
744 734 975 780 «Transiit
1012 751 1111 793 ergo
1134 734 1180 778 in
1210 735 1505 779 necessitatem
1533 735 1697 781 conditi
1719 773 1728 787 ,

345 810 466 875 quod
497 819 673 856 venerat
700 807 752 853 de
772 805 1061 870 possibilitate
1085 804 1327 851 condentis.
1362 805 1481 851 Fecit
1503 808 1631 851 etinn
1660 807 1732 852 di-

344 899 485 928 versas
508 891 683 926 naturas
714 878 991 939 diversasque
1029 875 1192 938 species
1219 875 1264 920 in
1286 877 1452 922 naturis
1471 914 1481 934 ,
1512 877 1732 923 custodito

343 970 393 999 eo
414 952 566 998 ordine
585 950 661 1014 qui
682 967 704 994 a
733 965 879 994 rerum
898 947 1067 993 fluebat
1088 945 1286 1003 exordio,
1309 958 1355 992 ut
1381 947 1463 993 alia
1488 959 1625 993 essent
1652 965 1732 994 00-

343 1024 541 1079 cessaria,
575 1021 657 1066 alia
683 1019 925 1084 possibilia.
955 1018 1187 1082 Quidquid
1208 1035 1309 1078 ergo
1331 1019 1498 1065 habent
1518 1031 1732 1066 creaturae

344 1094 619 1147 naturaliter,
651 1109 675 1136 a
698 1090 925 1136 necessarii
961 1100 1084 1152 parte
1113 1089 1275 1135 501111εο
1301 1100 1445 1136 sunt.»

408 1171 528 1214 AUG.
557 1165 602 1211 Si
619 1161 839 1227 quidquid
857 1161 1024 1206 habent
1043 1171 1255 1206 creaturae
1275 1160 1548 1218 naturaliter,
1567 1180 1587 1207 a
1606 1172 1730 1226 parte

343 1238 570 1286 necessarii
594 1235 757 1281 sortitae
785 1244 912 1287 sunt3
936 1250 1023 1278 non
1050 1250 1150 1292 ergo
1182 1232 1438 1278 naturaliter
1461 1233 1625 1279 liabent
1651 1235 1730 1279 ho-

341 1312 477 1358 mines
491 1307 610 1373 quod
625 1305 930 1352 concumbunt
947 1341 957 1359 ,
974 1303 1045 1348 sed
1067 1303 1186 1366 quod
1208 1314 1390 1366 possunt
1410 1305 1725 1350 concumbere:

340 1401 421 1429 nec
455 1381 527 1427 ille
561 1394 690 1443 quem
732 1375 970 1438 Apostolus
1007 1374 1394 1430 comme1noravit‚
1432 1375 1638 1420 naturalis
1668 1388 1730 1421 est

342 1471 443 1501 usus
459 1450 681 1504 foeminae,
712 1446 782 1491 sed
809 1445 1072 1508 possibilitas
1091 1448 1181 1504 ejus
1201 1465 1211 1497 ;
1235 1445 1267 1489 si
1290 1445 1401 1490 enim
1424 1445 1532 1490 nolit
1564 1446 1697 1491 homo
1715 1484 1724 1501 ,

340 1543 428 1571 non
452 1533 515 1569 est
536 1521 628 1584 ipse
653 1534 771 1571 0505,
794 1516 994 1579 quamvis
1014 1516 1149 1579 possit
1168 1533 1255 1561 esse
1274 1552 1284 1569 ‚
1311 1516 1343 1560 si
1370 1516 1473 1561 velit
1498 1534 1507 1560 ε
1544 1517 1727 1579 possibi-

338 1595 436 1641 litas
456 1609 556 1652 ergo
586 1594 677 1649 ejus
714 1586 923 1632 naturalis
950 1597 1031 1642 051,
1060 1586 1152 1648 ipse
1178 1601 1263 1631 non
1289 1597 1352 1631 est
1378 1603 1388 1630 ι
1420 1603 1507 1631 000
1533 1587 1645 1632 enim
1667 1598 1728 1633 est

339 1662 601 1712 necessarius
619 1697 628 1715 ‚
657 1657 734 1722 qui
760 1656 904 1702 nullus
935 1667 996 1702 est
1014 1694 1024 1709 ,
1049 1656 1081 1701 51
1101 1655 1288 1701 nolimus
1307 1694 1317 1713 ,
1341 1667 1381 1701 01
1406 1657 1565 1703 erravit
1592 1660 1728 1721 Apos-

339 1735 453 1783 tolus
471 1771 481 1791 ‚
506 1732 583 1797 qui
611 1729 718 1775 dixit
738 1744 823 1773 esse
849 1744 974 1772 ‘usum
999 1726 1196 1772 foennnae
1221 1727 1460 1772 naturalem
1485 1727 1516 1773 -ῑ,
1548 1729 1632 1772 Ubi
1665 1739 1727 1773 est

339 1807 469 1854 etiam
495 1801 615 1867 quod
641 1809 740 1844 ante
762 1797 924 1851 dixisti,
947 1807 1148 1842 naturam
1169 1814 1318 1856 genus,
1347 1798 1669 1861 speciemqueej
1681 1817 1726 1843 us

337 1895 423 1924 esse
442 1873 721 1933 conjugium3
749 1867 1107 1931 quandoquidem
1134 1884 1222 1911 non
1244 1868 1493 1912 necessitate
1509 1904 1519 1923 ‚
1544 1868 1616 1913 sed
1644 1885 1725 1914 vo-

335 1950 502 1995 luntate
535 1940 740 2001 conjugia
778 1938 1077 2001 copulantur?
1107 1943 1172 1982 An
1197 1937 1310 1982 forte
1342 1947 1388 1982 ut
1417 1936 1504 1982 hoc
1533 1937 1722 1994 diceres,

334 2019 531 2066 nondum
555 2013 633 2059 tibi
658 2012 702 2057 in
723 2021 907 2055 mentem
929 2019 1104 2054 venerat
1123 2008 1312 2054 duorum
1334 2008 1514 2053 istorum
1535 2046 1545 2065 ,
1566 2009 1610 2055 id
1631 2021 1689 2055 est
1710 2047 1719 2066 ,

336 2085 561 2137 necessarii
581 2080 888 2147 possibilisque
910 2078 1160 2123 distinctio?
1180 2080 1297 2123 11101
1316 2089 1416 2141 post
1436 2079 1722 2124 concubitum

337 2175 513 2207 sexuum
540 2163 746 2200 nascatur
772 2151 921 2205 homo,
950 2148 1147 2194 naturale
1173 2166 1260 2193 non
1286 2160 1373 2204 051,
1411 2149 1511 2211 quia
1549 2167 1635 2195 non
1662 2161 1723 2195 est

336 2226 623 2277 necessarium
644 2226 661 2268 P
685 2221 782 2265 Non
797 2219 909 2264 enim
927 2236 1094 2263 necesse
1114 2229 1175 2263 051
1194 2229 1240 2263 01
1262 2229 1467 2281 sequatur
1485 2231 1722 2283 conceptus

337 2312 379 2347 01
396 2310 572 2364 partus,
600 2309 699 2339 cum
721 2308 810 2335 mas
835 2300 876 2334 et
893 2288 1074 2333 foemina
1100 2289 1421 2334 concubuerint
1444 2307 1454 2334 :
1478 2289 1562 2335 lioc
1580 2302 1718 2336 autem

337 2368 567 2435 possibile,
595 2380 682 2409 non
723 2359 1009 2405 necessarium
1046 2357 1258 2414 definisti,
1286 2358 1405 2421 quod
1433 2360 1523 2405 fieri
1548 2372 1716 2423 potest,

335 2442 408 2488 sed
436 2451 703 2486 necessenon
725 2444 800 2478 est.
837 2431 926 2475 Nec
954 2428 1211 2474 naturaliter
1236 2429 1581 2477 manducamus?
1605 2433 1719 2488 Quia

336 2524 377 2560 et
393 2512 480 2557 hoc
501 2509 535 2555 si
552 2506 774 2561 nolumus,
803 2518 891 2548 non
915 2502 985 2558 fit5
1014 2509 1056 2546 et
1075 2498 1172 2546 ideo
1191 2500 1397 2563 possibile
1421 2513 1482 2547 est
1502 2538 1513 2558 ,
1537 2520 1622 2548 non
1649 2522 1720 2549 ne-

384 2597 510 2627 ι11001.
539 2602 569 2634 1,
592 2600 646 2629 27.
