1863 3262
134 282 290 315 ors-,ins
325 278 587 314 nn‘narncri
626 277 806 310 CONTRA
841 277 1087 322 aethmun,
1128 280 1214 314 tin.
1259 282 1327 314 111.
1378 267 1463 315 113

95 347 168 395 dic
185 365 273 413 quo
296 347 448 394 merito
465 345 607 404 imago
635 343 714 390 Dei
743 360 842 389 cum
872 354 991 390 tanta
1023 346 1175 392 mentis
1193 346 1465 396 deformitate

95 429 314 475 nascatur,
348 427 396 463 ut
422 414 543 462 nullo
567 414 723 460 robore
750 413 889 460 aetatis
907 451 919 471 ,
949 414 1068 460 nulla
1092 417 1333 478 prolixitate
1354 429 1466 466 tem-

94 490 213 554 poris
228 526 240 546 ‚
264 487 385 535 nullo
403 487 550 533 labore
570 485 837 543 studiorum,
861 485 983 531 nulla
999 485 1211 533 industria
1234 490 1466 550 magistro-

94 577 190 607 rum
211 596 222 616 ,
242 559 373 605 nullis
397 557 541 622 poenis
563 557 793 604 verberum
814 557 974 620 possit,
995 573 1083 602 non
1110 557 1209 603 dico
1233 559 1287 605 ad
1300 561 1467 624 sapien-

99 630 218 687 tiam,
239 628 312 675 sed
323 628 376 674 ad
396 627 764 692 qualemcumque
787 626 1031 673 doctrinam
1053 626 1202 673 utilem
1217 632 1466 691 pervenire;

92 701 169 766 qui
195 717 282 746 non
304 699 366 747 vis
387 698 561 745 credere
587 699 729 744 Deum
750 701 916 757 ι1113111111
936 696 1033 743 ideo
1054 697 1108 742 de
1129 698 1332 760 paradiso
1351 736 1362 755 ‚
1383 701 1470 749 hoc

92 782 182 829 est,
209 770 426 818 felicitatis
464 769 561 816 loco
578 807 590 828 ,
613 769 810 817 vitiatam
840 779 970 833 atque
988 767 1239 815 damnatam
1267 781 1468 818 naturam

92 843 330 890 humanam
346 840 554 887 dimisisse
569 877 580 898 ,
596 857 649 886 116
663 857 777 887 mors
796 839 887 885 illic
903 839 990 885 ulla
1009 839 1276 899 contingeret
1294 876 1305 897 ,
1325 841 1371 887 id
1386 853 1464 900 est,

92 930 172 960 nec
189 911 440 977 temporalis
464 911 662 976 corporis
678 948 690 969 ,
717 928 796 958 1166
821 910 953 956 totius
977 909 1166 955 hominis
1188 910 1465 974 sempiterna,

92 1001 172 1030 nec
194 986 273 1029 ista
291 992 354 1028 tot
376 999 426 1028 ac
443 993 565 1028 tanta
583 999 684 1046 quae
707 982 752 1028 in
772 999 923 1043 genere
940 981 1134 1027 humano
1156 981 1372 1028 cernimus
1398 984 1470 1029 in·-

93 1054 314 1115 geniorum
332 1063 375 1100 et
401 1070 638 1117 corporum
668 1053 781 1099 mala
800 1091 810 1110 ,
837 1070 936 1117 quae
970 1051 1023 1098 de
1057 1051 1202 1097 radice
1233 1051 1471 1116 depravata

93 1135 219 1189 atque
234 1123 391 1189 punita
407 1133 450 1169 et
469 1141 606 1169 massa
632 1123 805 1186 perdita
821 1122 939 1168 nasci
964 1121 1216 1185 oportebat,
1235 1121 1280 1168 in
1300 1123 1472 1184 regione

90 1194 207 1241 illius
235 1193 517 1241 beatitudinis
551 1204 860 1247 nascerentur3
899 1192 972 1239 sed
1005 1192 1150 1255 potius
1184 1192 1230 1238 in
1256 1193 1326 1239 his
1349 1195 1471 1241 terris

91 1265 273 1312 miseriae
291 1264 542 1310 mortalium
558 1301 568 1321 ,
590 1282 692 1328 quae
705 1265 939 1324 justissime
952 1263 1117 1308 inflicta
1134 1272 1212 1318 est,
1231 1262 1466 1326 deputatis,

87 1346 208 1382 reatu
224 1344 506 1399 persequente
526 1344 761 1390 nascentes,
783 1350 922 1397 neque
936 1351 959 1378 a
979 1332 1302 1379 renascentibus
1317 1333 1468 1381 labore

90 1405 314 1452 recedente
342 1420 588 1450 aerumnoso
615 1421 751 1468 usque
772 1403 827 1449 ad
845 1403 1039 1467 corporis
1057 1412 1256 1450 mortem.

157 1476 337 1523 CLXII.
378 1475 482 1521 Jun.
525 1496 546 1517 c<
571 1475 655 1520 Res
681 1475 798 1521 clara
817 1484 902 1529 est,
929 1483 970 1519 et
993 1473 1039 1519 in
1064 1473 1207 1537 primo
1230 1490 1360 1537 opere
1376 1477 1472 1535 jam

89 1546 352 1594 sufficienter
373 1544 568 1609 impleta.
592 1545 752 1593 Verum
782 1544 989 1610 quoniam
1010 1555 1058 1590 tu
1081 1543 1188 1590 adeo
1211 1544 1353 1607 pellax
1385 1563 1471 1592 esse

90 1618 294 1675 voluisti,
331 1628 381 1663 ut
406 1617 597 1680 aliquam
627 1616 741 1663 inter
769 1627 809 1662 te
829 1627 871 1662 et
895 1615 1197 1663 Manichaeum
1220 1615 1469 1664 distinctio-m

90 1705 190 1735 nem
207 1688 347 1735 facere
369 1687 562 1734 nitereris
591 1704 601 1732 :
629 1687 727 1733 ideo
748 1703 916 1733 necesse
950 1685 1060 1732 mihi
1086 1702 1204 1732 nunc
1224 1696 1288 1732 est
1311 1703 1460 1748 urgere

91 1775 298 1815 causam,
326 1768 480 1804 utnon
500 1757 639 1804 solum
666 1757 899 1822 praeteritis
918 1756 1044 1802 dictis
1078 1756 1190 1814 tuis,
1213 1756 1285 1803 sed
1310 1759 1438 1805 etiam
1454 1795 1467 1817 ,

91 1829 229 1894 siqua
253 1829 456 1894 deinceps
472 1828 627 1875 inferre
645 1828 903 1886 tentaveris,
931 1827 1092 1874 clareat
1109 1827 1352 1876 obviatum.
1382 1830 1469 1876 Di-

92 1900 415 1964 cimusstaque,
443 1910 531 1945 tam
554 1900 722 1946 bonum
751 1916 837 1945 esse
871 1915 981 1963 opus
1006 1898 1117 1944 Dei
1105 1916 1150 1945 1n
1171 1911 1394 1959 nascente,
1423 1911 1472 1947 ut

92 1989 140 2018 ca
160 1987 259 2034 quae
277 1971 530 2017 substantiae
549 1975 641 2031 eJ'us
665 1980 767 2016 sunt
789 1969 1031 2025 naturalia,
1065 1985 1175 2032 opus
1198 1970 1471 2018 emendatore

91 2060 180 2090 non
198 2043 404 2089 habeant.
431 2042 654 2100 Quoniam
679 2041 948 2105 quicumque
969 2005 1184 2086 ceiisuerit
1199 2077 1210 2096 ,
1231 2041 1277 2087 id
1301 2043 1421 2106 quod
1447 2062 1470 2091 a

92 2118 188 2161 Deo
218 2111 386 2159 factum
420 2112 673 2167 confitetur,
702 2111 826 2157 aliter
854 2111 946 2156 fieri
976 2109 1208 2156 debuisse:
1230 2110 1352 2158 11111111
1378 2114 1469 2162 31116

93 2185 231 2232 dubio
255 2181 563 2248 reprehendit,
589 2198 719 2246 quem
741 2180 1009 2242 corrigendae
1023 2179 1069 2226 i'n
1083 2179 1261 2227 alteram
1284 2182 1469 2233 formam

94 2267 304 2304 creaturae
326 2254 558 2300 confitetur
582 2253 807 2300 artificem.

160 2330 279 2375 Ano.
321 2326 453 2382 Tace,
475 2325 654 2371 obsecro
677 2341 688 2369 ε
711 2323 820 2388 quid
837 2322 1027 2387 loquaris
1044 2323 1230 2383 ignoras.
1256 2326 1468 2376 Nonnulli

94 2398 249 2446 clausis
267 2397 417 2443 oribus
436 2395 526 2442 nati
541 2405 658 2452 sunt,
671 2406 713 2440 ct
728 2396 786 2440 eis
810 2412 834 2440 a
859 2393 1036 2440 medicis
1054 2405 1155 2440 sunt
1174 2407 1334 2459 aperta.
1366 2400 1471 2448 Erat

94 2469 210 2534 apud
234 2486 312 2515 nos
330 2467 507 2515 Acatius
523 2466 703 2530 quidam
720 2503 732 2523 ,
755 2465 937 2512 honesto
957 2464 1075 2530 apud
1088 2482 1187 2512 suos
1205 2479 1324 2515 ortus
1340 2469 1465 2521 loco:

95 2540 251 2588 clausis
275 2539 413 2586 oculis
436 2548 590 2584 natum
618 2554 660 2584 se
685 2553 772 2583 esse
802 2536 1006 2592 dicebat3
1030 2535 1102 2582 sed
1126 2537 1228 2601 quia
1245 2538 1361 2588 intus
1381 2547 1473 2594 sani

94 2610 323 2677 palpebris
342 2608 670 2657 cohaerentibus
683 2624 768 2655 non
785 2607 1021 2672 patebant,
1040 2606 1259 2655 medicum
1277 2626 1348 2658 eos
1362 2614 1475 2665 ferro

270 2697 417 2733 cxmv.
1322 2684 1351 2730 8
