1863 3262
334 297 393 339 26
753 309 788 337 s.
836 306 1077 337 Aueusrmi
1114 303 1321 333 EPISCOPI

332 375 521 439 peccatis
559 383 735 436 patrum
771 373 881 418 filios
915 389 1001 417 non
1034 388 1118 415 esse
1150 369 1395 431 puniendos
1426 387 1435 414 z
1473 371 1595 432 quasi
1629 385 1708 430 ego

333 463 469 491 unum
505 445 664 489 horum
693 444 835 489 dicam
860 481 870 499 ‚
901 443 1082 488 alterum
1109 442 1235 486 Deus.
1276 440 1415 486 Surde
1434 479 1443 495 ‚
1474 452 1709 505 utrumque

334 517 449 561 Deus
469 515 605 560 dixit:
633 531 732 573 ergo
755 524 990 576 utrumque
1015 516 1182 571 justum
1205 521 1265 555 est
1284 548 1294 566 ,
1330 512 1431 574 quia
1450 516 1593 572 justus
1622 512 1710 558 hoe

335 586 457 634 dixit.
489 586 572 632 Sed
588 585 704 650 quod
736 586 848 631 inter
872 603 913 631 se
932 583 1148 630 contraria
1168 586 1284 628 'Deus
1305 596 1393 628 non
1419 585 1472 629 sit
1500 584 1706 639 locutus,

330 668 381 703 ut
405 657 641 717 intelligas,
669 657 745 701 Dei
761 656 925 716 judicis
950 666 992 700 et
1020 653 1210 700 hominis
1227 653 1389 713 judicis
1412 672 1493 717 pro
1526 655 1711 700 diversi-

333 739 419 774 tate
444 734 672 773 causarum
692 726 886 772 discerne
903 741 1110 789 personas
1136 742 1147 769 z
1172 723 1232 769 ita
1254 741 1333 770 nec
1354 725 1495 770 Deum
1514 724 1712 788 quamvis

329 801 376 844 in
399 799 508 844 filios
522 809 699 861 patrum
718 809 898 861 peccata
928 797 1199 849 reddentem,
1223 812 1344 840 reum
1362 796 1509 850 facies,
1532 813 1611 841 nee
1629 796 1711 841 ho·

332 870 494 914 minem
515 869 576 914 sic
595 867 794 928 judicare
818 867 1065 930 compelles.
1093 865 1178 913 Sed
1203 876 1249 911 tu
1269 866 1358 912 duo
1375 865 1455 911 ista
1471 866 1713 912 velutinte'r

331 957 375 986 se
399 941 633 987 contraria.
668 949 788 984 tanta
807 938 1052 1002 prolixitate
1074 947 1115 983 et
1145 937 1426 1000 perplexitate
1445 936 1713 1000 disputatio-

333 1011 401 1057 nis
427 1029 513 1057 non
538 1011 597 1056 ob
616 1009 734 1056 aliud
761 1010 872 1056 mihi
894 1009 1067 1069 objicis,
1086 1008 1165 1054 nisi
1177 1008 1279 1071 quia
1299 1007 1487 1053 multum
1506 1006 1709 1071 loqueriS,

332 1094 372 1127 et
397 1099 553 1145 parum
572 1082 699 1144 sapis,

398 1151 579 1197 XXXV.
612 1156 708 1197 Jut.
732 1172 750 1190 <‹
769 1150 813 1195 Si
840 1162 985 1196 autem
1003 1150 1157 1195 dixeris
1174 1153 1590 1213 Utrumquerstum
1605 1166 1710 1206 esse,

334 1233 374 1266 et
413 1221 532 1284 quod
561 1239 638 1266 nos
666 1221 856 1266 dicimus
874 1257 884 1276 ‚
910 1232 951 1266 et
975 1220 1095 1284 quod
1129 1238 1226 1276 vos,
1259 1220 1305 1265 id
1329 1230 1417 1276 est,
1447 1231 1487 1265 et
1511 1220 1628 1283 quod
1651 1219 1716 1265 lex

334 1292 503 1347 sanxit,
531 1302 571 1336 et
594 1291 716 1354 quod
737 1291 1011 1336 Manichaeus
1037 1290 1429 1354 Traducianusque
1464 1290 1673 1344 confinxit
1700 1308 1711 1335 ε

334 1361 408 1406 hic
440 1379 538 1406 sane
566 1361 743 1406 rationis
775 1362 1033 1424 perspicuae
1056 1363 1298 1424 potentiam
1325 1361 1580 1406 cohibentes
1599 1397 1610 1415 ,
1634 1362 1716 1406 be-

334 1432 508 1491 nignius
531 1444 569 1477 te
584 1432 866 1478 convenimus
885 1443 926 1477 et
947 1433 1107 1478 mitius.
1140 1433 1233 1487 Cur
1255 1449 1356 1491 ergo
1393 1432 1427 1477 si
1448 1432 1646 1487 creditis,
1675 1442 1717 1477 et

333 1501 422 1548 hoe
443 1504 609 1548 bonum
633 1520 719 1548 esse
743 1504 861 1566 quod
888 1503 1075 1549 dicimus
1090 1541 1100 1559 ‚
1122 1514 1163 1548 et
1177 1496 1287 1548 illud
1306 1504 1473 1548 bonum
1495 1519 1581 1548 esse
1596 1503 1718 1566 quod.

332 1573 477 1618 dicitis
499 1611 509 1629 ‚
548 1574 675 1619 tantis
716 1585 851 1620 totam
882 1575 1054 1620 Italiam
1092 1574 1360 1621 factionibus
1385 1575 1715 1621 commovistis?

336 1646 429 1689 Cur
447 1644 675 1690 seditiones
707 1647 861 1697 Romae
886 1646 1116 1692 conductis
1150 1646 1327 1709 populis
1353 1646 1603 1692 excitastis?
1627 1647 1718 1692 Cur

333 1714 386 1759 de
414 1717 667 1778 sumptibus
692 1724 938 1780 pauperum
966 1717 1187 1776 saginastis
1212 1734 1288 1780 per
1311 1727 1443 1761 totam
1464 1727 1574 1778 pene
1597 1715 1716 1762 Afri-

333 1790 429 1831 Cam
458 1804 671 1849 equorum
694 1805 857 1847 greges,
875 1805 983 1851 quos
1008 1798 1296 1852 prosequente
1334 1787 1493 1850 Alypio
1531 1787 1718 1832 tribunis

334 1867 375 1901 et
390 1859 721 1904 centurionibus
736 1858 1008 1905 destinastis?
1027 1859 1116 1906 Cur
1129 1869 1426 1904 matronarum
1449 1857 1608 1903 oblatis
1625 1858 1718 1903 hae-

334 1927 595 1974 feditatibus
611 1940 844 1992 potestates
865 1931 1014 1976 saeculi
1035 1930 1308 1994 corrupisti&
1330 1940 1378 1974 ut
1397 1929 1440 1974 in
1460 1944 1537 1974 nos
1558 1926 1718 1991 stipula

331 1997 492 2044 furoris
512 1999 683 2063 publici
705 2001 905 2046 arderet?
924 2005 1014 2047 Cur
1026 2001 1265 2065 dissipastis
1283 2000 1573 2046 Ecclesiarum
1588 2000 1714 2063 quie-

337 2072 457 2114 tem?
503 2074 593 2115 (jur
646 2070 833 2130 religiosi
873 2073 1088 2135 principis
1122 2083 1317 2134 tempora
1356 2070 1713 2133 persecutionum

330 2139 555 2201 impietate
576 2141 849 2187 maculastis.
841 2144 858 2172 Ἴ
881 2142 925 2187 Si
945 2161 965 2187 a
980 2143 1108 2188 nobis
1125 2142 1237 2187 nihil
1253 2141 1372 2186 aliud
1388 2140 1568 2196 dicitur,
1584 2158 1717 2204 quam

333 2209 451 2271 quod
473 2210 600 2255 etiam
628 2221 671 2255 tu
694 2212 856 2256 bonum
881 2213 1044 2272 cogeris
1065 2212 1325 2259 confiteri.»

402 2281 797 2328 AUG.Sientf‘11sa
824 2294 926 2328 sunt
949 2283 1132 2329 crimina
1155 2301 1257 2347 quae
1287 2283 1442 2343 objicis
1472 2283 1631 2339 nobis,
1656 2260 1718 2328 ita

332 2349 440 2396 falsa
463 2361 564 2396 sunt
589 2351 790 2412 dogmata
813 2370 914 2415 quae
942 2354 1105 2413 fingitis
1128 2353 1268 2400 vobis
1301 2353 1386 2399 Sed
1415 2353 1548 2398 dicite
1570 2320 1716 2416 qtian-

298 2453 304 2455 Α
330 2430 422 2466 tum
436 2423 615 2484 potestis
640 2440 767 2468 omne
783 2424 945 2469 malum
966 2425 1170 2470 adversus
1184 2434 1277 2479 no‘sl
1302 2423 1613 2470 mentientes1:
1636 2441 1716 2474 nos

333 2494 640 2539 tantummodo
681 2495 887 2540 adversus
912 2512 986 2541 vos
1010 2496 1294 2542 christianam
1323 2495 1453 2546 fldem
1483 2506 1526 2541 et
1555 2495 1717 2545 catho-

328 2563 460 2610 licam
476 2564 770 2614 defendemus.
805 2568 860 2613 Et
884 2567 993 2630 quid
1016 2575 1128 2632 opus
1150 2579 1214 2614 est
1238 2567 1362 2615 vobis
1384 2567 1563 2620 reddere
1586 2566 1714 2613 sim'i-

382 2649 390 2670 ¹
409 2648 525 2681 Manli.
543 2661 586 2683 ix.
608 2663 616 2680 ι
633 2663 657 2680 1.
