1863 3262
196 291 351 322 OPERIS
389 290 647 323 IMPERFEC'I'I
683 289 859 320 COM'RA
894 291 1138 334 JULIANCM,
1178 292 1263 325 Lm.
1303 293 1361 324 IV.
1423 276 1514 340 269

140 357 370 404 informata
384 356 421 413 ¹¹,
441 356 690 404 faterentur.
714 357 896 420 Hocque
911 374 1131 415 concesso,
1150 359 1350 405 adderem
1369 370 1516 405 utrum

140 429 342 489 conjugia
360 446 381 473 a
406 429 495 473 Deo
521 437 758 473 annuerent
782 426 993 474 ordinata.
1020 428 1120 484 Quo
1143 429 1338 475 similiter
1359 430 1518 475 confir-

140 509 257 544 mato
278 535 288 554 ‚
321 508 508 562 peterem
543 497 714 554 denuo,
758 508 907 543 utrum
946 509 1050 544 esset
1087 499 1174 545 sine
1215 500 1518 546 commixtione

137 568 312 615 foetura.
341 569 525 632 Hocque
553 566 764 628 denegato
785 605 795 624 ‚
823 567 932 632 quid
955 569 1247 632 sequebatur?
1267 569 1466 616 videlicet
1483 570 1518 616 si

139 640 312 688 nonnisi
334 656 412 703 per
431 639 571 683 Deum
587 655 765 702 corpus,
785 639 955 684 nonnisi
973 656 1051 702 per
1068 656 1228 703 corpus
1247 640 1516 698 commixtio,

139 711 308 758 nonnisi
329 728 408 774 per
427 709 780 756 commixtionem
801 708 965 756 foetus?
996 710 1049 755 ad
1074 711 1273 756 eumdem
1298 722 1518 758 auctorem

137 783 352 848 pertinere
371 793 413 828 et
434 781 591 828 foetum
612 792 653 827 et
682 781 1031 828 commixtionem
1050 821 1061 840 ‚
1095 782 1148 827 ad
1174 799 1303 846 quem
1334 799 1519 846 corpora

138 855 417 919 pertinerent.
443 874 464 895 ›>

208 929 319 973 Auo.
353 922 582 987 Numquid
605 922 704 968 haec
723 922 834 968 inter
855 940 931 969 nos
950 923 1348 988 vertiturquaestio,
1372 935 1520 970 utrum

138 995 256 1042 bona
283 996 338 1042 sit
354 995 604 1042 commixtio
629 993 904 1053 conjugalis?
933 1011 1031 1039 cum
1053 1012 1146 1040 eam
1171 996 1331 1041 bonam
1350 997 1522 1059 utrique

139 1066 352 1113 dicamus.
385 1065 506 1122 Quid
532 1075 593 1110 est
615 1080 716 1123 ergo
734 1064 854 1127 quod
883 1074 967 1109 tam
990 1065 1101 1110 male
1124 1065 1252 1111 sentis
1276 1066 1328 1112 de
1344 1066 1427 1112 illis
1449 1083 1520 1111 sa-

139 1138 410 1195 cerdotibus,
438 1154 625 1202 quorum
653 1152 758 1192 non,
786 1147 834 1182 ut
857 1137 1078 1194 menti1i5‚
1113 1138 1250 1184 deluis
1275 1139 1419 1196 dicta,
1447 1139 1521 1186 sed

138 1209 317 1274 polluiS,
345 1220 393 1256 ut
411 1210 468 1256 eis
494 1208 619 1273 quasi
643 1207 951 1253 dubitantibus
973 1208 1076 1254 velis
1096 1210 1353 1272 persuadere
1368 1247 1380 1267 ,
1405 1210 1522 1256 unde

139 1298 221 1327 nec
244 1281 359 1337 illos,
378 1298 457 1327 nec
482 1297 560 1325 nos
579 1279 1024 1325 dubitare-convincis
1042 1282 1059 1325 ἶ»)
1086 1281 1207 1326 Bona
1227 1291 1289 1327 est
1307 1282 1522 1327 commix-

140 1351 200 1397 tio
219 1350 478 1411 conjugalis‚
499 1366 600 1414 quae
620 1349 670 1393 fit
689 1365 816 1394 eausa
840 1348 1116 1411 procreandi.
1142 1350 1226 1396 Sed
1243 1351 1517 1409 Ambrosius,

138 1423 218 1488 qui
246 1423 353 1469 dixit
383 1440 430 1469 ex
456 1420 761 1468 commixtione
788 1421 1012 1485 utriusque
1046 1439 1164 1468 sexus
1194 1424 1410 1470 neminem
1434 1441 1524 1470 esse

138 1505 355 1559 expertem
379 1493 557 1549 delicti,
581 1509 669 1538 non
690 1492 1040 1538 commixtionem
1064 1492 1288 1554 redarguit
1308 1498 1522 1555 conjuga-

139 1565 222 1612 lem
243 1585 255 1620 ς
289 1565 361 1611 sed
386 1564 496 1611 vidit
525 1563 689 1609 malum
710 1599 721 1618 ,
746 1566 869 1622 cujus
906 1562 1024 1609 bono
1052 1580 1134 1609 usu
1160 1564 1210 1609 fit
1232 1565 1343 1611 illud
1360 1600 1371 1621 ‚
1400 1565 1521 1629 quod

140 1653 268 1683 nemo
287 1635 530 1682 catholicus
547 1634 722 1680 dubitat
742 1651 830 1679 esse
854 1651 964 1697 opus
988 1635 1169 1683 bonum.
1192 1636 1344 1682 Inania
1364 1636 1521 1700 loque-

140 1707 198 1753 ris
216 1745 227 1764 ‚
249 1707 478 1771 superfluis
498 1717 669 1769 tempus
687 1704 906 1768 impendis
928 1721 938 1750 t
968 1705 1090 1770 quod
1118 1706 1451 1766 agiturdeseris‚
1479 1717 1521 1752 et

140 1777 257 1825 unde
292 1795 380 1824 non
423 1777 676 1832 dubitatur,
734 1786 943 1839 tanquam
983 1775 1211 1822 dubitetur
1229 1814 1240 1834 ,
1285 1777 1353 1824 vel
1391 1777 1522 1824 etiam

140 1859 336 1910 negetur,
358 1849 513 1895 docere
535 1847 711 1894 moliris.
744 1845 864 1903 Quid
891 1864 991 1907 ergo
1009 1848 1168 1894 mirum
1187 1859 1273 1906 est,
1295 1847 1415 1912 quod
1432 1859 1522 1895 tam

141 1919 301 1965 multos
326 1919 462 1965 libros
486 1929 661 1980 tamque
683 1933 815 1962 vanos
833 1914 970 1961 facis?

209 1989 415 2036 CXVIII.
436 1989 460 2033 J
467 2005 534 2035 un.
556 2008 575 2029 <x
592 1986 708 2032 Huic
733 1987 884 2032 effecto
908 1986 997 2031 sine
1024 1986 1162 2033 dubio
1185 1987 1422 2052 prudentes
1439 1989 1523 2036 viri

142 2061 351 2108 catholici
376 2070 614 2107 annuerent
639 2058 881 2105 sacerdotes
899 2094 908 2113 ‚
932 2058 1213 2123 videntesque
1232 2060 1344 2106 nihil
1366 2061 1411 2107 in
1430 2079 1521 2108 sen-

142 2133 263 2179 sibus
278 2132 437 2187 carnis,
451 2131 565 2177 nihil
588 2131 633 2176 in
650 2130 831 2176 foetibus
852 2146 1046 2187 sexuum,
1072 2131 1253 2177 alterum
1271 2133 1523 2196 quempiam

142 2213 305 2267 praeter
332 2204 470 2248 Deum
499 2218 650 2249 verum
674 2199 853 2254 fecisse;
879 2200 994 2246 nihil
1030 2211 1173 2247 autem
1205 2203 1346 2248 Deum
1376 2202 1524 2250 fecisse

144 2273 263 2338 quod
290 2273 451 2320 malum
473 2284 605 2327 esset3
639 2271 889 2336 malumque
910 2271 1024 2317 nihil
1047 2289 1134 2318 esse
1149 2272 1267 2318 aliud
1292 2290 1426 2337 quam
1441 2292 1524 2322 vo·-

144 2345 357 2391 luntatem
385 2343 542 2390 malam
562 2381 573 2400 ‚
607 2343 696 2389 sine
725 2342 872 2405 aliquo
903 2353 1059 2388 coactu
1092 2343 1355 2389 naturalium
1380 2344 1508 2392 delin-

146 2426 385 2480 quentem3
424 2413 759 2478 pronuntiarent
800 2412 1000 2475 profecto
1038 2413 1305 2459 Manichaeos
1336 2425 1377 2459 et
1411 2416 1523 2461 Tra-

145 2487 356 2533 ducianos
379 2484 708 2550 splendentibus
730 2482 963 2531 catholicae
989 2483 1169 2530 rationis
1194 2484 1424 2532 dissiluisse
1441 2485 1525 2533 ful-

146 2558 351 2606 minibus,

195 2643 205 2666 1
226 2644 317 2674 Forte
336 2640 479 2673 formata.
