1863 3262
320 306 408 339 212
739 306 774 336 S.
818 302 1062 336 AUGUSTINI
1099 304 1302 337 EPISCOPI

320 373 514 419 membra
531 369 737 435 pudenda
753 371 931 435 proprie
948 383 1225 428 vocarentur,
1244 388 1344 436 quae
1355 370 1477 434 prius
1493 370 1698 435 pudenda

318 462 406 490 non
447 443 622 488 fuerunt
638 482 647 497 ,
672 442 851 505 quando
878 442 939 487 illi
976 443 1174 488 homines
1215 442 1316 488 recti
1355 452 1483 505 atque
1520 443 1700 506 perfecti

317 515 425 562 nudi
443 524 567 560 crant
586 551 595 569 ‚
620 524 661 558 et
681 531 768 558 non
791 513 985 576 pudebat
1007 531 1090 560 eos.
1123 513 1255 571 Quod
1277 514 1309 558 si
1330 513 1567 576 prudenter
1585 514 1701 572 cogi-

320 599 409 633 tare
421 585 647 642 voluisses,
664 601 749 629 non
763 584 854 647 ipse
865 584 1145 648 impudenter
1160 585 1329 631 veritati
1342 582 1701 630 manifestissimae

319 657 552 705 restitisses.

384 729 551 774 LXllt.
580 730 674 773 Jrr.
702 747 722 767 α
745 728 844 772 Esse
863 737 1008 772 autem
1026 725 1294 786 sacrilegium
1314 762 1324 781 ‚
1350 726 1606 789 pudendum
1626 726 1701 772 ali-

318 800 426 865 quid
462 798 582 862 quod
615 799 730 843 Deus
770 796 918 842 fecisse
958 797 1178 854 credatur,
1221 807 1382 860 praeter
1418 797 1533 843 hanc
1560 798 1701 843 carnis

314 869 713 934 concupiscentiam
735 867 933 928 judicare
963 885 973 912 ε
1003 868 1229 914 Christum
1254 884 1355 915 Vero
1380 885 1468 913 non
1493 868 1702 914 habuisse

319 945 436 990 hanc
461 940 862 1003 concupiscentiam
891 939 1032 984 carnis
1050 977 1059 994 ‚
1083 957 1183 1003 quae
1201 939 1460 985 mortalibus
1477 939 1580 985 facit
1596 956 1704 985 cau-

319 1033 407 1061 sani
428 1012 623 1076 pudoris.
653 1010 772 1066 Quid
794 1010 926 1069 igitur
947 1010 999 1055 ad
1019 1010 1117 1055 beec
1138 1020 1409 1067 occurreret,
1431 1027 1519 1056 non
1537 1010 1701 1066 vidisti,

321 1084 524 1131 videlicet
562 1080 730 1126 nudum
771 1097 887 1135 eum,
915 1079 959 1124 id
1000 1091 1078 1137 est,
1120 1081 1365 1136 Christum,
1390 1080 1705 1126 conventiculis

321 1154 519 1202 debuisse
562 1151 757 1205 misceri3
784 1167 862 1195 nee
902 1150 1089 1214 aliquem
1124 1151 1400 1197 verecundiae
1425 1151 1588 1196 habere
1613 1168 1706 1196 res-

321 1237 522 1291 pomum,
547 1241 599 1268 ne
620 1221 887 1281 sacrilegium
909 1222 1026 1284 quod
1049 1223 1355 1268 commentaris
1376 1222 1640 1277 incurreret,
1663 1221 1707 1266 in

323 1313 452 1343 carne
473 1294 677 1341 videlicet
703 1309 776 1337 sua
792 1329 802 1347 ,
826 1309 926 1354 quae
953 1294 1352 1355 conczqiiscentiam
1381 1309 1467 1337 non
1492 1292 1703 1346 habebat,

323 1368 377 1414 de
401 1368 487 1412 suis
506 1376 546 1411 et
565 1365 702 1428 patris
721 1363 928 1426 operibus
947 1364 1218 1409 erubescens.
1248 1364 1292 1408 Si
1317 1374 1460 1408 autem
1480 1363 1517 1408 ei
1536 1373 1577 1407 et
1598 1379 1708 1407 con-

322 1437 591 1501 cupiscentia
626 1452 714 1480 non
754 1434 839 1479 fuit
859 1471 869 1489 ‚
897 1445 938 1479 et
971 1445 1111 1479 tamen
1137 1434 1208 1479 ille
1236 1445 1298 1479 est
1330 1433 1511 1496 pudoris
1532 1433 1709 1478 functus

323 1510 493 1562 oflicio3
534 1503 865 1552 irrefutabiliter
901 1505 1028 1549 etiam
1075 1522 1169 1549 secu
1180 1505 1313 1549 ndum
1344 1515 1383 1550 te
1421 1504 1709 1568 approbatur,

324 1578 635 1628 verecundiam
659 1577 834 1639 corpori
861 1575 1059 1621 humano
1084 1575 1278 1621 debitam
1297 1613 1306 1631 ‚
1338 1593 1425 1621 non
1451 1575 1600 1621 calori.
1627 1596 1647 1616 ›>

393 1653 506 1697 Aua.
543 1650 629 1693 lsta
666 1658 740 1692 tua
774 1645 943 1691 ratione
984 1657 1069 1691 tam
1098 1657 1224 1691 acuta
1249 1657 1289 1691 et
1312 1646 1548 1710 exquisita,
1582 1645 1713 1690 debet

325 1723 472 1783 negari
509 1720 756 1783 baptismus
781 1717 961 1763 Joannis
993 1717 1119 1762 datus
1153 1717 1281 1763 fuisse
1320 1718 1365 1762 in
1404 1717 1711 1780 poenitentiam

327 1804 631 1859 peccatorum,
655 1789 759 1853 quia
776 1806 825 1834 eo
843 1789 1094 1852 baptizatus
1114 1800 1176 1834 est
1197 1789 1400 1834 christus
1414 1826 1424 1844 ,
1444 1789 1520 1852 qui
1541 1788 1713 1834 nullum

328 1865 526 1912 habebat
554 1862 732 1908 omnino
757 1869 1003 1923 peccatum.
1032 1860 1078 1905 Si
1104 1870 1244 1905 autem
1276 1859 1421 1922 potuit
1451 1859 1533 1904 alia
1557 1875 1713 1915 causa,

330 1954 419 1983 non
442 1953 489 1981 ea
513 1951 599 1997 qua
625 1930 770 1977 caeteri
789 1967 799 1982 ,
827 1929 1040 1992 baptizari
1056 1967 1066 1986 ,
1097 1930 1142 1975 id
1171 1940 1258 1986 est,
1283 1947 1370 1975 non
1394 1940 1577 1993 propter
1613 1945 1713 1974 car-

330 2024 428 2053 nem
443 2005 615 2069 peccati
634 2040 644 2058 ‚
668 2018 799 2065 quam
820 2017 906 2045 non
926 1999 1147 2053 habebam
1166 2000 1238 2045 sed
1262 2011 1444 2064 propter
1461 1999 1715 2045 similitudi-

332 2095 431 2124 nem
456 2075 597 2121 carnis
630 2069 852 2135 pcccati1,
880 2087 1013 2133 quam
1039 2087 1121 2133 pro
1145 2070 1372 2115 liberanda
1397 2071 1569 2133 peccati
1587 2088 1715 2116 carne

334 2155 583 2209 susceperat
606 2161 616 2188 ε
640 2141 789 2206 potuit
811 2140 939 2185 etiam
972 2140 1169 2185 membra
1200 2150 1365 2199 tegere,
1395 2157 1482 2185 non
1510 2158 1554 2186 ea
1587 2158 1717 2186 causa

336 2238 423 2285 qua
459 2214 625 2271 caeteri3
651 2211 723 2258 sed
757 2220 806 2255 ut
842 2209 902 2254 sie
936 2220 1192 2270 congrueret
1215 2209 1424 2272 pudenda
1449 2210 1716 2270 tegentibus,

336 2290 447 2338 nihil
462 2288 630 2334 habens
648 2280 904 2348 pudendum
923 2300 934 2334 ;
952 2279 1326 2344 quemadmodum
1343 2280 1590 2343 baptizatus
1606 2298 1717 2326 con-

340 2366 455 2425 gruit
480 2355 799 2424 poenitentibus
816 2390 827 2409 ‚
855 2351 970 2397 nihil
1009 2351 1190 2397 abluens
1213 2351 1536 2415 poenitendum.
1580 2353 1716 2397 Dece-

339 2437 450 2482 bant
469 2431 636 2496 quippe
653 2423 980 2472 similitudinem
1007 2423 1148 2469 carnis
1166 2423 1360 2487 peccati,
1388 2440 1435 2468 ea
1462 2423 1623 2486 quibus
1644 2424 1719 2468 in·-

341 2505 518 2566 digebat
542 2517 643 2546 caro
672 2495 857 2561 peccati.
889 2495 1154 2557 Quanquam
1178 2505 1218 2539 et
1241 2494 1333 2557 ipsa
1353 2493 1515 2557 species
1536 2493 1718 2539 humani

341 2575 537 2640 corporis
557 2570 683 2627 nudi,
701 2567 972 2630 ubicumque
990 2565 1161 2613 insolita
1179 2576 1264 2622 est,
1282 2565 1523 2611 humanum
1539 2565 1718 2612 offendit

391 2663 399 2684 1
419 2662 515 2692 Rom.
538 2656 653 2694 V111‚3.
