1824 3236
141 342 297 374 omnus
335 339 596 372 mer-„nmen
634 333 809 368 CONTRA
846 338 1092 381 wlstanum,
1134 341 1220 371 mn.
1264 343 1324 373 v1.
1378 327 1463 383 431

94 405 373 470 particulam,
398 403 470 451 sed
488 403 602 450 illius
631 402 758 448 malae
789 402 1072 466 permixtione
1100 405 1381 463 maculatam,
1424 406 1469 452 in

93 476 272 522 homine
288 492 372 523 uno
383 491 468 522 esse
482 471 706 520 contendit
725 489 735 518 ε
753 483 796 519 et
814 472 917 518 hinc
936 473 1032 519 vult
1055 475 1162 531 fieri,
1179 486 1226 521 ut
1247 493 1350 522 caro
1370 494 1474 522 con-

94 547 291 610 cupiscat
310 545 512 593 adversus
534 543 755 608 spiritum,
778 543 928 607 utique
956 543 1142 601 bonurn,
1168 563 1247 608 per
1281 547 1473 592 animam

93 633 211 663 suam
238 616 415 672 malam,
439 624 483 662 tit
507 631 604 660 eum
627 625 767 660 teneat
800 613 1096 676 implicatum3
1132 615 1310 678 spiritus
1332 627 1474 663 autem

94 686 295 733 adversus
316 703 510 742 carnem,
535 695 582 731 ut
598 685 652 731 ab
667 682 739 730 illa
762 683 1066 730 commixtione
1086 682 1309 734 liberetur.
1338 685 1470 743 Quod

94 757 127 802 si
140 769 219 803 nec
232 756 383 803 ultima
402 755 556 802 mundi
573 755 881 815 cossagratione
899 755 1111 818 potuerit,
1133 765 1237 802 tunc
1257 773 1353 802 eum
1368 757 1477 803 dicit

94 825 205 886 affigi
221 827 498 872 tenebrarum
521 824 670 886 globo,
700 832 829 890 atque
852 825 896 870 in
921 835 1132 871 aeternum
1151 825 1225 871 tali
1253 826 1472 890 supplicio

94 895 290 943 detineri.
320 898 416 943 Non
439 897 601 960 itaque,
626 907 674 942 ut
698 896 824 952 dicis,
854 896 1092 942 Manichaei
1117 896 1265 942 Deus«
1292 899 1379 942 Pro
1401 915 1475 943 na-

97 966 310 1012 turalibus
330 967 472 1030 culpis
495 977 658 1012 aeterno
684 965 886 1012 incendio
914 966 1075 1011 animas
1104 965 1290 1012 destinat
1316 984 1326 1012 :
1351 989 1371 1009 »
1402 967 1476 1012 sed

95 1047 250 1082 natura
274 1037 410 1082 bonas
430 1036 593 1082 animas
621 1054 701 1100 pro
740 1035 888 1082 alienae
918 1035 1044 1081 malie
1069 1047 1237 1083 naturae
1263 1037 1475 1083 commix-

96 1108 226 1162 tione,
250 1107 320 1152 c'ui
339 1105 453 1152 malo
463 1124 532 1152 eas
552 1107 643 1170 ipse
660 1106 953 1161 commiscuit,
971 1121 1079 1169 quas
1100 1107 1200 1152 inde
1218 1124 1303 1152 non
1319 1118 1472 1170 potue-

96 1176 154 1222 rit
169 1175 370 1233 liberare,
396 1193 482 1222 non
508 1176 710 1222 incendio
731 1187 919 1230 aetern03
941 1193 1041 1222 nam
1073 1177 1242 1223 nullum
1267 1189 1478 1224 aeternum

103 1247 372 1294 Manichaeus
396 1247 604 1312 opinatur
646 1247 932 1301 incendium3
969 1246 1043 1292 sed
1089 1257 1268 1305 aeterno,
1297 1259 1345 1294 ut
1370 1248 1474 1305 dixi,

99 1317 378 1365 tenebrarum
414 1319 576 1380 globo,
618 1334 706 1382 quo
741 1335 861 1364 mens
897 1318 1172 1364 tenebrarum
1200 1319 1477 1376 includetur,

101 1387 256 1449 affiget.

168 1458 396 1505 CatholIca
423 1476 525 1505 vero
544 1460 667 1512 fides,
704 1475 836 1523 quarn
861 1458 1113 1521 reliquistis,
1139 1468 1187 1504 ut
1208 1459 1483 1506 Manichaeoa

102 1539 219 1584 rum,
246 1545 334 1575 non
363 1529 492 1593 plane
510 1528 883 1593 quemadmodum
915 1528 1080 1591 putatis
1099 1539 1172 1575 aut
1196 1530 1373 1590 fingitis,
1399 1547 1483 1594 opi

103 1600 403 1662 pugnatricem
422 1637 433 1656 ‚
469 1600 541 1645 sed
583 1600 729 1663 potius
776 1598 1034 1658 adjutricem
1070 1609 1230 1645 sectam
1273 1599 1482 1646 novitiam

104 1669 360 1728 conderetis,
383 1687 483 1716 cum
505 1670 625 1716 audit
644 1680 716 1715 aut
733 1669 834 1729 legit
848 1668 967 1732 quod
989 1668 1047 1713 ait
1061 1668 1313 1731 Apostolus,
1331 1691 1350 1711 «
1370 1670 1484 1715 Caro

106 1754 127 1781 ἡ)
150 1739 424 1805 concupiscit
443 1740 647 1787 adversus
670 1740 889 1804 spiritum,
918 1739 1096 1802 spiritus
1121 1750 1263 1785 autem
1283 1740 1486 1787 adversus

108 1829 129 1851 »
154 1825 352 1866 carnem3
378 1810 477 1857 haec
493 1811 606 1857 enim
628 1811 812 1857 invicem
828 1809 1128 1865 adversantur,
1147 1820 1194 1856 ut
1216 1827 1303 1856 non
1318 1828 1366 1856 ea
1385 1827 1485 1874 quae

109 1899 131 1922 ›>
156 1879 288 1926 vultis
317 1879 488 1927 faciatis
510 1879 546 1928 1.
573 1901 594 1922 »
619 1898 708 1926 non
741 1890 916 1926 naturas
952 1879 1060 1924 duas
1078 1916 1088 1935 ,
1114 1879 1221 1926 boni
1261 1880 1425 1926 scilicet
1446 1892 1486 1926 et

109 1949 229 2006 mali,
246 1951 359 1997 inter
380 1967 422 1996 se
437 1952 493 1997 ab
516 1951 757 1997 aeternitate
778 1950 1034 2002 contrarias,
1055 1961 1096 1996 et
1118 1950 1234 1996 bello
1253 1952 1488 2015 posteriore

110 2021 382 2078 commixtas,
428 2021 540 2067 sicut
576 2020 850 2067 Manichaeus
882 2020 1114 2067 haereticus
1138 2021 1374 2084 opinatur3
1414 2022 1488 2068 sed

111 2092 224 2137 sicut
249 2092 494 2138 catholicus
529 2092 684 2139 doctor
725 2092 981 2138 Ambrosius
1005 2095 1041 2147 2,
1076 2094 1201 2138 istam
1225 2093 1487 2140 discordiam

112 2161 253 2207 carnis
278 2169 319 2208 et
340 2163 517 2225 spiritus
536 2180 584 2208 ex
607 2162 966 2225 praevaricatione
991 2163 1124 2225 primi
1141 2163 1332 2209 hominis
1350 2165 1394 2209 in
1413 2181 1488 2209 na-

113 2241 256 2278 turam
281 2235 453 2279 vertisse
477 2233 725 2293 cognoscit3
763 2242 914 2278 utnon
934 2231 1306 2293 intelligaturhaec
1329 2244 1484 2281 natura

113 2302 304 2348 hominis
340 2304 545 2367 primitus
563 2303 749 2349 instituti
768 2341 778 2357 ,
817 2303 890 2349 sed
916 2303 961 2349 in
982 2314 1182 2349 naturam
1206 2321 1324 2350 versa
1350 2322 1486 2368 poena

117 2372 326 2421 damnati.
359 2375 465 2419 Haec
484 2374 589 2419 fides
614 2390 702 2420 non
724 2385 785 2420 est
806 2385 920 2442 cet-ra
948 2374 1201 2431 Numidica,
1224 2375 1276 2421 cle
1300 2393 1386 2439 qua
1405 2393 1490 2422 no·-

117 2444 186 2490 bis
220 2444 338 2490 velut
371 2444 534 2490 facetus
566 2445 773 2499 insultas;
799 2445 872 2491 sed
895 2456 956 2491 est
979 2445 1217 2492 veridicum
1250 2458 1421 2493 scutum
1445 2448 1491 2493 in

118 2529 206 2578 quo
226 2524 373 2561 omnes
388 2515 562 2574 sagittas
593 2515 747 2574 ignitas
765 2515 960 2576 maligni,
987 2515 1100 2562 sicut
1125 2516 1330 2563 hortatur
1349 2525 1493 2581 Apos-

121 2583 252 2640 toluS,
297 2585 584 2646 extinguimus
600 2584 633 2631 ³.
689 2585 787 2631 Hoc
825 2585 1106 2632 muniebatur
1127 2596 1275 2645 scuto,
1315 2587 1493 2652 quando

169 2666 179 2688 ¹
198 2666 301 2697 Galat.
317 2677 346 2704 v,
361 2678 414 2706 17.
431 2675 475 2689 d
491 2664 506 2689 ²
523 2665 670 2700 Ambrofl.
691 2666 749 2702 lib.
771 2679 801 2708 7.
822 2667 854 2700 in
874 2671 951 2703 Luc.
973 2678 988 2698 1
1000 2681 1027 2702 1.
1043 2679 1086 2693 ’-
1100 2667 1115 2691 3
1131 2669 1250 2714 Ephes.
1266 2680 1313 2707 vr,
1332 2670 1382 2701 ιδ.
