1824 3236
149 326 304 358 OPERIS
340 325 605 358 IMPERFECTI
640 324 815 356 CONTM
851 327 1094 369 J'cmANUM,
1133 329 1221 360 LIB.
1264 328 1327 359 vl.
1382 310 1472 372 507

100 413 121 434 >2
141 389 291 437 num1.
316 413 336 433 ›>
366 390 577 454 Voluptas
603 389 770 454 quippe
805 389 878 436 illa
916 391 1135 454 paradisi,
1174 392 1291 457 quod
1311 406 1478 437 necesse

97 464 337 521 fateamini,
357 465 391 511 si
405 463 702 510 Christianum
724 481 881 510 nomen
901 465 1097 511 nondum
1118 467 1216 512 estis
1228 466 1371 518 obliti,
1392 481 1479 510 non

100 535 403 599 turpitudinis,
445 533 519 580 sed
554 534 837 581 beatitudinis
878 536 1109 595 cogitanda
1136 548 1207 583 est.
1241 537 1350 582 Haec
1380 551 1480 595 ergo

99 622 251 670 poena,
273 622 405 670 quam
424 605 584 652 meruit
596 605 733 652 Adam
747 643 756 661 ,
773 622 826 650 ne
840 605 1002 651 viveret
1017 606 1060 651 in
1076 618 1308 662 aeternum,
1329 617 1370 652 et
1383 604 1480 650 idco

99 677 299 723 dimissus
317 686 379 721 cst
399 675 452 721 de
473 675 571 722 loco
586 687 720 723 tantae
735 677 813 721 bea
823 675 1040 732 titudinis,
1056 677 1133 722 ubi
1154 677 1186 722 si
1200 688 1322 732 essct,
1343 691 1483 739 neque

98 757 341 812 peccasset,
367 747 525 811 procul
543 747 682 794 dubio
701 747 863 794 viveret
881 747 926 793 in
952 757 1163 792 aeternum
1185 765 1312 811 quam
1329 763 1483 806 magna

98 835 234 883 poena
259 829 342 877 est,
366 828 455 865 tam
479 836 688 879 magnum
724 818 932 864 debemus
959 817 1198 878 intelligere
1224 827 1453 882 peccatum
1469 853 1479 872 ,

100 888 220 953 quod
234 906 282 935 ea
303 906 438 953 poena
458 888 639 950 dignum
654 889 797 936 fuerat
814 887 1042 934 vindicari.
1071 887 1191 944 Quid
1214 888 1347 948 igitur
1374 886 1480 946 agi5‚

102 960 283 1006 obsecro
313 971 372 1017 te,
401 977 501 1006 cum
520 971 755 1024 peccatum
781 959 890 1005 Adae
914 970 1035 1004 tanta
1064 969 1292 1004 extenuare
1316 956 1486 1004 conaris

100 1030 325 1087 instantia,
342 1031 424 1077 nisi
447 1032 587 1077 Deum
613 1031 756 1092 arguis
770 1030 972 1076 immanis
984 1029 1219 1075 horrendae
1237 1045 1338 1093 quae
1358 1027 1486 1074 saevi-

105 1101 176 1147 tiae
189 1139 199 1157 ,
222 1103 299 1165 qui
320 1102 409 1148 hoc
427 1112 566 1159 tanta,
581 1120 669 1148 non
680 1101 779 1148 dico
795 1101 1019 1147 severitate
1033 1137 1043 1155 ‚
1061 1099 1489 1162 sedcrudelitatepu-

103 1172 244 1218 nivit?
270 1171 402 1229 Quod
424 1172 476 1219 de
491 1175 583 1219 Deo
605 1173 640 1218 si
661 1171 781 1218 nefas
803 1183 866 1218 est
886 1171 1059 1227 sentire,
1079 1188 1248 1217 curnon
1261 1171 1486 1235 quantita-

107 1253 191 1288 tem
207 1242 367 1307 culpae,
381 1242 435 1289 de
445 1260 531 1307 qua
543 1244 743 1290 homines
749 1243 950 1304 judicare
961 1260 1048 1288 non
1059 1251 1254 1306 possunt,
1262 1241 1489 1303 judicante

98 1312 248 1373 judice
263 1312 670 1377 incomparabiliter
684 1318 804 1375 Justo
825 1314 878 1359 de
896 1330 1044 1377 poenae
1058 1312 1301 1373 granditate
1313 1311 1490 1366 metiris,

102 1393 143 1429 et
160 1394 280 1430 tuam
308 1384 504 1445 linguam
525 1403 547 1431 a
571 1385 778 1445 sacrilega
802 1385 1067 1448 loquacitate
1087 1383 1358 1448 compescis?

172 1455 263 1515 Ego
288 1465 433 1501 autem
456 1456 700 1519 iniquitatis
733 1473 823 1501 non
859 1472 992 1516 arguo
1033 1457 1178 1501 Deum
1198 1491 1208 1510 ,
1244 1457 1367 1514 cujus
1391 1453 1490 1499 dico

105 1530 266 1586 justum
299 1529 460 1586 Jugum
494 1544 625 1590 super
646 1526 759 1572 filios
785 1526 927 1572 Adam
949 1545 972 1572 a
998 1525 1067 1572 die
1102 1525 1237 1572 exitus
1265 1525 1318 1570 de
1342 1534 1491 1570 ventre

107 1597 258 1643 matris
287 1597 466 1644 eorum1
488 1616 500 1644 ε
529 1598 602 1644 sed
632 1609 678 1644 tu
699 1598 850 1662 potius
872 1598 1076 1661 iniquum
1095 1596 1200 1642 facis
1227 1598 1368 1642 Deum
1386 1633 1395 1650 ,
1416 1594 1493 1658 qui

106 1679 237 1733 putas
269 1686 342 1715 eos
372 1668 459 1715 hoc
495 1669 668 1733 perpeti
706 1669 797 1714 sine
842 1668 938 1714 ullov
964 1667 1118 1713 merito
1163 1667 1496 1730 qualiscumque

108 1740 295 1803 peccati.
326 1740 417 1785 Nec
440 1750 626 1804 propter
647 1756 759 1803 opus
785 1738 904 1802 quod
925 1738 1028 1784 fecit
1052 1740 1167 1783 Deus
1183 1774 1195 1793 ,
1223 1736 1295 1782 scd
1314 1746 1494 1800 propter

108 1810 264 1857 vitium
286 1810 408 1874 quod
431 1810 587 1857 insevit
606 1811 830 1867 inimicuS,
851 1827 922 1855 eos
946 1809 1028 1855 sub
1044 1808 1194 1855 eodem
1215 1807 1395 1853 inimico
1411 1822 1496 1853 esse

109 1880 231 1935 dico,
253 1881 336 1944 qui·
356 1897 405 1926 ex
426 1881 571 1945 primo
594 1880 773 1927 homine
794 1889 1050 1936 nascuntur,
1077 1879 1111 1924 si
1135 1879 1180 1924 in
1204 1877 1394 1924 secundo
1409 1894 1496 1922 non

110 1962 412 1998 renascuntur.
442 1953 494 1997 In
511 1952 677 2017 quibus
699 1962 747 1997 tu
768 1951 1008 1997 Ecclesiam
1028 1949 1293 1996 catholicam
1319 1949 1498 1994 crimine

108 2023 340 2082 majestatis
362 2039 554 2078 accusas,
581 2023 615 2069 si
635 2033 683 2069 ut
703 2022 831 2079 dicis,
857 2040 947 2068 non
971 2031 1189 2067 eruuntur
1209 2019 1262 2066 de
1291 2029 1499 2083 potestate

110 2093 405 2150 tenebrarum,
426 2111 529 2140 cum
552 2094 838 2158 baptizantur
858 2092 1034 2157 parvuli
1052 2130 1062 2149 ‚
1081 2103 1123 2139 et
1149 2091 1222 2137 illa
1239 2090 1498 2154 priusquam

107 2165 388 2229 baptizentur
410 2166 621 2212 exorcizat
645 2177 687 2212 et
722 2165 922 2212 exsufflat
958 2175 1023 2210 tot
1053 2163 1260 2224 imagines
1284 2161 1378 2208 Dei.
1414 2161 1505 2206 Nec

107 2235 391 2283 honorabiles
423 2237 601 2301 nuptias
637 2236 803 2301 deputo
826 2235 1031 2301 principi
1062 2235 1341 2281 tenebrarum
1359 2269 1371 2289 ,
1398 2249 1505 2296 quas

109 2324 250 2372 purgo
274 2307 330 2353 ab
352 2309 474 2354 omni
496 2326 608 2355 noxa
627 2309 826 2356 libidinis
842 2346 853 2365 ‚
882 2309 917 2354 si
938 2325 986 2354 ea
1008 2307 1121 2353 bene.
1151 2316 1339 2352 utuntur
1358 2303 1497 2350 inten-

113 2379 227 2425 tione
249 2379 519 2443 propaginis,
556 2381 627 2427 Tu
658 2397 760 2427 vero
792 2379 957 2426 malum
983 2395 1072 2442 quo
1102 2394 1204 2423 caro
1225 2373 1506 2439 concupiscit

111 2449 314 2497 adversus
336 2451 537 2514 spiritum
558 2489 569 2508 ,
597 2451 860 2498 constituere
883 2451 926 2497 in
959 2448 1165 2514 paradiso
1194 2464 1281 2494 non
1306 2445 1502 2510 perhor-

110 2521 252 2577 rescis,
273 2520 359 2567 hoc
379 2531 464 2578 est,
486 2521 532 2567 in
550 2522 650 2569 loco
674 2533 806 2568 tantae
827 2523 947 2586 pacis
968 2559 978 2579 ,
1005 2531 1140 2567 tantae
1164 2517 1322 2583 quietis
1341 2555 1352 2574 ,
1372 2526 1507 2562 tantae

109 2593 366 2650 honestatis,
385 2604 519 2641 tantae
536 2594 767 2642 felicitatis.
786 2596 876 2641 Nec
895 2593 1109 2658 parvulos
1129 2592 1174 2638 in
1192 2591 1403 2638 habentes
1423 2587 1503 2634 nisi

163 2675 175 2699 ¹
190 2678 272 2710 Gen.
285 2688 344 2720 111,
366 2688 423 2720 22,
444 2679 557 2711 23.—
572 2676 589 2702 ²
613 2679 710 2713 Eccli.
734 2690 788 2718 η,
810 2690 838 2710 1.
