1863 3262
186 271 344 303 OPERlS
381 268 642 301 IMPERFECTI
679 267 855 299 CONTRA
888 268 1133 313 JcLIANUM,
1172 270 1261 302 LIB.
1303 271 1372 304 111.
1448 259 1503 315 41

135 337 339 383 tationem
366 333 560 399 putabi5‚
581 333 783 379 videlicet
808 345 854 380 ut
878 346 1127 398 parentum,
1152 337 1264 382 sicut
1285 353 1365 383 nec
1385 336 1515 384 adul-

137 407 190 452 tis
213 444 224 463 ‚
271 407 331 452 ita
369 421 448 450 nec
487 405 763 449 nascentibus
800 405 898 450 filiis
941 405 1089 450 obsint
1131 406 1322 452 delicta?
1361 411 1429 453 An
1468 418 1518 454 ut

136 474 445 523 tantummodo
466 479 554 535 jam
577 475 818 534 grandioris
841 477 980 521 aetatis
1004 487 1044 520 et
1068 476 1279 535 justitiam
1303 479 1520 542 operanti-

135 548 219 593 bus
235 565 322 593 non
344 547 543 592 sinantur
562 563 716 591 nocere
735 568 745 603 3
767 547 974 609 parvulos
1000 558 1163 600 autem,
1192 558 1420 610 antequam
1438 567 1518 613 per

133 618 356 682 propriam
372 617 587 677 justitiam
612 617 809 662 naturale
828 618 948 663 virus
966 617 1251 671 exhauriant,
1267 618 1421 664 scelere
1440 638 1516 680 ge-

132 687 375 733 nerantium
396 686 583 747 gravari,
609 687 757 750 sicque
775 688 850 734 fiat
873 687 992 751 quod
1013 705 1093 750 per
1109 688 1378 751 Prophetam
1398 690 1511 736 Deus

131 757 326 805 futurum
356 757 556 817 negavit?
581 779 601 799 »

200 833 314 875 Auo.
351 830 450 874 lino
468 829 528 874 sic
552 829 602 874 fit
621 827 739 892 quod
763 829 844 874 alio
869 828 964 874 loco
988 829 1095 875 dicit
1113 830 1228 875 Deus
1244 865 1254 883 ‚
1275 850 1294 870 «
1310 829 1512 876 Reddam

132 920 154 942 »
179 910 358 963 peccata
380 909 555 961 patrum
584 899 626 944 in
650 899 807 946 filios1.
836 922 854 941 ›>
883 901 995 944 (jum
1022 900 1136 945 enim
1164 911 1399 964 utrumque
1422 900 1515 964 ipse

131 969 270 1025 dicat,
294 969 339 1015 id
362 980 443 1025 est,
467 979 508 1014 et
533 980 708 1032 patrum
730 970 782 1015 ad
810 970 921 1016 filios
954 987 1041 1015 non
1061 970 1275 1033 pertinere
1300 982 1478 1034 peccata
1494 1007 1508 1026 ,

131 1051 174 1087 et
192 1040 371 1087 reddere
387 1040 490 1085 sein
518 1040 630 1085 filios
652 1051 824 1103 patrum
848 1051 1027 1103 peccata
1045 1061 1055 1093 ς
1076 1058 1163 1086 non
1185 1052 1327 1104 potest
1362 1041 1512 1104 utique

131 1111 214 1157 sibi
233 1129 321 1158 esse
341 1111 600 1157 contrarius.
629 1113 685 1156 Et
708 1111 805 1156 ideo
823 1123 954 1167 recte,
979 1112 1278 1174 quaerentibus
1291 1111 1514 1175 quomodo

132 1193 367 1246 utrumque
391 1182 444 1227 sit
462 1198 608 1226 verum
631 1218 642 1236 ‚
667 1198 802 1227 unum
830 1182 989 1227 horum
1019 1182 1300 1240 generationi,
1330 1181 1512 1227 alterum

130 1252 438 1312 regenerationi
463 1252 718 1312 intelligitur
748 1253 992 1299 convenire.
1021 1254 1087 1298 Tu
1108 1253 1182 1316 qui
1205 1252 1416 1315 pervertis
1437 1269 1514 1298 cor

132 1332 254 1368 tuum
275 1360 286 1378 ,
313 1339 417 1368 eave
451 1323 576 1368 illum
600 1342 612 1377 ς
649 1333 691 1368 et
714 1323 833 1386 quod
854 1340 1004 1369 verum
1031 1323 1153 1369 audis
1172 1360 1183 1379 ,
1223 1340 1312 1368 non
1336 1323 1514 1369 vocabis

130 1393 352 1440 cavillum.

196 1465 271 1511 Ll.
313 1464 413 1511 JUL.
442 1483 460 1504 c«
484 1463 569 1509 Sed
598 1462 651 1509 ad
675 1463 761 1509 hoc
800 1481 878 1510 nos
911 1464 1150 1511 referimus.
1185 1466 1241 1511 Et
1269 1463 1379 1510 illud
1412 1480 1512 1524 ergo

133 1535 250 1581 aliud
286 1535 410 1598 quod
447 1535 630 1599 paribus
655 1535 886 1581 momentis
922 1536 1189 1600 appenditur
1213 1573 1224 1592 ‚
1254 1535 1344 1581 fieri
1371 1535 1514 1599 profi-

131 1616 236 1662 tere‚
266 1605 311 1651 id
333 1617 395 1651 est
412 1643 423 1659 ,
449 1616 498 1651 ut
516 1605 698 1666 justitiae
717 1616 949 1669 parentum
977 1606 1076 1652 siliis
1095 1607 1181 1652 suis
1199 1606 1394 1670 prosint,
1425 1622 1515 1651 eos-

132 1693 217 1740 que
251 1676 523 1722 sanctificent
542 1713 553 1733 ,
592 1687 721 1740 atque
744 1677 827 1722 illis
853 1677 1158 1723 tantummodo
1187 1694 1275 1722 non
1310 1675 1514 1722 dicantur

131 1747 352 1811 prodesse,
373 1747 450 1811 qui
472 1746 713 1807 grandioris
732 1751 822 1807 jam
857 1748 938 1794 aevi
959 1785 970 1803 ,
1004 1747 1167 1793 natales
1197 1748 1386 1808 Justitias
1405 1764 1514 1810 pro-

130 1817 239 1880 priis
261 1817 465 1863 attrivere
484 1817 743 1863 criminibus
765 1835 776 1863 :
803 1829 849 1864 ut
872 1819 974 1882 quia
1012 1829 1248 1882 utrumque
1274 1837 1295 1864 a
1317 1821 1408 1864 Deo
1441 1836 1514 1865 ne-

131 1897 297 1947 gatum,
320 1898 362 1934 et
384 1887 424 1933 al
436 1899 575 1934 terum
597 1888 773 1934 alterius
792 1889 988 1952 exemplo
1017 1888 1247 1935 dissertum
1280 1900 1409 1952 atque
1441 1890 1514 1935 in-

134 1957 354 2003 culcatum
380 1969 462 2010 est,
488 1976 621 2021 quam
647 1969 693 2004 tu
716 1960 984 2018 negationem
1009 1960 1251 2005 rationibus
1267 1961 1349 2005 tuis
1364 1960 1513 2006 videns

134 2045 225 2074 esse
251 2029 511 2074 contrariam
533 2064 544 2084 ,
571 2029 616 2074 in
651 2029 846 2092 parvulis
878 2030 1102 2075 mentitam
1134 2047 1221 2076 esse
1259 2030 1511 2087 contendis,

135 2098 284 2143 ambas
308 2102 399 2158 ejus
419 2109 563 2161 partes
593 2110 844 2144 nascentum
875 2100 1124 2146 conditione
1145 2101 1340 2146 confutes
1382 2101 1514 2158 Quod

133 2185 234 2215 cum
258 2167 424 2225 feceriS‚
452 2168 542 2214 duo
567 2168 676 2214 mala
701 2172 862 2233 pariter
886 2171 1156 2234 perpetrabis
1178 2208 1189 2227 ,
1231 2188 1365 2217 unum
1389 2172 1512 2236 quod

134 2240 395 2303 oppugnat2
421 2240 676 2286 sententiam
701 2241 774 2286 Dei
790 2277 800 2294 ‚
826 2240 944 2287 aliud
963 2242 1169 2305 quoniam
1192 2243 1310 2301 nasci
1328 2243 1382 2289 de
1397 2248 1515 2303 Justo

129 2313 316 2370 justum,
339 2310 448 2356 etde
475 2311 708 2357 criminoso
735 2313 883 2358 asseris
907 2313 1205 2360 criminosum.

204 2382 318 2429 Arc.
350 2382 632 2442 Negationem
656 2384 894 2447 Prophetae
924 2402 1012 2430 non
1040 2384 1140 2431 dico
1166 2385 1388 2431 mentitam
1409 2422 1420 2441 ‚
1444 2386 1517 2432 sect

136 2469 160 2497 a
183 2463 225 2498 te
238 2469 327 2498 non
344 2452 621 2501 intellectam.
652 2454 729 2500 Ille
751 2455 919 2519 quippe
940 2456 1297 2516 regenerationem
1314 2457 1515 2521 prophe-

134 2524 260 2579 tavit,
285 2540 385 2587 quae
408 2542 432 2570 a
454 2524 645 2588 peccatis
658 2536 886 2589 parentum
906 2526 961 2573 ad
978 2526 1075 2585 Dei,
1095 2544 1185 2574 non
1208 2526 1262 2574 ad
1286 2527 1516 2576 hominum

184 2605 194 2628 ¹
214 2608 309 2639 Deut.
323 2617 354 2646 v,
369 2618 403 2648 9.
422 2625 466 2632 —
480 2605 496 2629 2
512 2609 608 2640 Forte
622 2619 798 2653 oppugnas,
