<?xml version="1.0" encoding="UTF-8"?>
<!DOCTYPE html PUBLIC "-//W3C//DTD XHTML 1.0 Transitional//EN"
    "http://www.w3.org/TR/xhtml1/DTD/xhtml1-transitional.dtd">
<html xmlns="http://www.w3.org/1999/xhtml" xml:lang="en" lang="en">
 <head>
  <title>
</title>
<meta http-equiv="Content-Type" content="text/html;charset=utf-8" />
  <meta name='ocr-system' content='tesseract 3.04.00' />
  <meta name='ocr-capabilities' content='ocr_page ocr_carea ocr_par ocr_line ocrx_word'/>
</head>
<body>
  <div class='ocr_page' id='page_1' title='image "./operaomniaaccura37auguuoft/operaomniaaccura37auguuoft_0162.png"; bbox 0 0 1863 3262; ppageno 0'>
   <div class='ocr_carea' id='block_1_1' title="bbox 308 236 1266 289">
    <p class='ocr_par' dir='ltr' id='par_1_1' title="bbox 308 236 1266 289">
     <span class='ocr_line' id='line_1_1' title="bbox 308 236 1266 289; baseline 0.008 -8"><span class='ocrx_word' id='word_1_1' title='bbox 308 236 390 282; x_wconf 69' lang='lat'>15⁴2</span> <span class='ocrx_word' id='word_1_2' title='bbox 707 255 742 286; x_wconf 80' lang='lat' dir='ltr'>s,</span> <span class='ocrx_word' id='word_1_3' title='bbox 785 256 1029 287; x_wconf 48' lang='lat' dir='ltr'>[incusum</span> <span class='ocrx_word' id='word_1_4' title='bbox 1065 258 1266 289; x_wconf 67' lang='lat' dir='ltr'>imiscom</span> 
     </span>
    </p>
   </div>
   <div class='ocr_carea' id='block_1_2' title="bbox 295 317 1682 2625">
    <p class='ocr_par' dir='ltr' id='par_1_2' title="bbox 300 317 1671 452">
     <span class='ocr_line' id='line_1_2' title="bbox 300 317 1671 387; baseline 0.008 -26"><span class='ocrx_word' id='word_1_5' title='bbox 300 317 413 362; x_wconf 85' lang='lat' dir='ltr'>malo</span> <span class='ocrx_word' id='word_1_6' title='bbox 435 333 511 362; x_wconf 87' lang='lat' dir='ltr'>suo</span> <span class='ocrx_word' id='word_1_7' title='bbox 532 317 758 365; x_wconf 86' lang='lat' dir='ltr'>diabolum</span> <span class='ocrx_word' id='word_1_8' title='bbox 782 321 1019 377; x_wconf 79' lang='lat' dir='ltr'>miscuisse3</span> <span class='ocrx_word' id='word_1_9' title='bbox 1054 322 1150 368; x_wconf 84' lang='lat' dir='ltr'>haec</span> <span class='ocrx_word' id='word_1_10' title='bbox 1186 336 1404 387; x_wconf 83' lang='lat' dir='ltr'>postremo</span> <span class='ocrx_word' id='word_1_11' title='bbox 1436 324 1565 385; x_wconf 82' lang='lat' dir='ltr'>digna</span> <span class='ocrx_word' id='word_1_12' title='bbox 1586 342 1671 372; x_wconf 85' lang='lat' dir='ltr'>esse</span> 
     </span>
     <span class='ocr_line' id='line_1_3' title="bbox 307 389 1404 452; baseline 0.01 -20"><span class='ocrx_word' id='word_1_13' title='bbox 307 389 399 432; x_wconf 83' lang='lat' dir='ltr'>Deo</span> <span class='ocrx_word' id='word_1_14' title='bbox 420 399 599 446; x_wconf 85' lang='lat' dir='ltr'>rectore,</span> <span class='ocrx_word' id='word_1_15' title='bbox 627 389 700 436; x_wconf 88' lang='lat' dir='ltr'>illa</span> <span class='ocrx_word' id='word_1_16' title='bbox 727 393 817 437; x_wconf 88' lang='lat' dir='ltr'>Deo</span> <span class='ocrx_word' id='word_1_17' title='bbox 841 392 1089 452; x_wconf 79' lang='lat' dir='ltr'>dignissima</span> <span class='ocrx_word' id='word_1_18' title='bbox 1116 395 1353 443; x_wconf 85' lang='lat' dir='ltr'>conditore.</span> <span class='ocrx_word' id='word_1_19' title='bbox 1384 418 1404 438; x_wconf 88' lang='lat'>»</span> 
     </span>
    </p>

    <p class='ocr_par' dir='ltr' id='par_1_3' title="bbox 295 460 1675 1507">
     <span class='ocr_line' id='line_1_4' title="bbox 372 460 1675 525; baseline 0.008 -22"><span class='ocrx_word' id='word_1_20' title='bbox 372 460 426 504; x_wconf 83' lang='lat' dir='ltr'>A1</span> <span class='ocrx_word' id='word_1_21' title='bbox 447 477 490 504; x_wconf 87' lang='lat' dir='ltr'>G.</span> <span class='ocrx_word' id='word_1_22' title='bbox 523 460 876 521; x_wconf 83' lang='lat' dir='ltr'>Congressionem</span> <span class='ocrx_word' id='word_1_23' title='bbox 918 474 1036 509; x_wconf 88' lang='lat' dir='ltr'>tuam</span> <span class='ocrx_word' id='word_1_24' title='bbox 1059 466 1321 525; x_wconf 69' lang='lat' dir='ltr'>Manichaei,</span> <span class='ocrx_word' id='word_1_25' title='bbox 1359 485 1411 513; x_wconf 85' lang='lat' dir='ltr'>nc</span> <span class='ocrx_word' id='word_1_26' title='bbox 1453 468 1497 512; x_wconf 91' lang='lat' dir='ltr'>in</span> <span class='ocrx_word' id='word_1_27' title='bbox 1530 478 1675 514; x_wconf 88' lang='lat' dir='ltr'>nostra</span> 
     </span>
     <span class='ocr_line' id='line_1_5' title="bbox 301 530 1668 598; baseline 0.008 -26"><span class='ocrx_word' id='word_1_28' title='bbox 301 530 601 588; x_wconf 72' lang='lat' dir='ltr'>congressione</span> <span class='ocrx_word' id='word_1_29' title='bbox 621 544 944 595; x_wconf 79' lang='lat' dir='ltr'>superarentur,</span> <span class='ocrx_word' id='word_1_30' title='bbox 975 552 1056 597; x_wconf 90' lang='lat' dir='ltr'>pro</span> <span class='ocrx_word' id='word_1_31' title='bbox 1081 537 1236 582; x_wconf 84' lang='lat' dir='ltr'>auxilio</span> <span class='ocrx_word' id='word_1_32' title='bbox 1258 555 1412 598; x_wconf 85' lang='lat' dir='ltr'>magno</span> <span class='ocrx_word' id='word_1_33' title='bbox 1435 549 1668 595; x_wconf 79' lang='lat' dir='ltr'><strong>sumerent,</strong></span> 
     </span>
     <span class='ocr_line' id='line_1_6' title="bbox 297 596 1672 671; baseline 0.009 -30"><span class='ocrx_word' id='word_1_34' title='bbox 297 596 378 642; x_wconf 90' lang='lat' dir='ltr'>nisi</span> <span class='ocrx_word' id='word_1_35' title='bbox 404 609 445 642; x_wconf 87' lang='lat' dir='ltr'>et</span> <span class='ocrx_word' id='word_1_36' title='bbox 468 615 544 644; x_wconf 85' lang='lat' dir='ltr'>vos</span> <span class='ocrx_word' id='word_1_37' title='bbox 578 617 679 646; x_wconf 89' lang='lat' dir='ltr'>cum</span> <span class='ocrx_word' id='word_1_38' title='bbox 716 603 772 647; x_wconf 87' lang='lat' dir='ltr'>eis</span> <span class='ocrx_word' id='word_1_39' title='bbox 797 603 903 649; x_wconf 87' lang='lat' dir='ltr'>fides</span> <span class='ocrx_word' id='word_1_40' title='bbox 934 604 1150 650; x_wconf 83' lang='lat' dir='ltr'>catholica</span> <span class='ocrx_word' id='word_1_41' title='bbox 1189 619 1440 670; x_wconf 85' lang='lat' dir='ltr'>superaret:</span> <span class='ocrx_word' id='word_1_42' title='bbox 1468 607 1672 671; x_wconf 87' lang='lat' dir='ltr'>quando-</span> 
     </span>
     <span class='ocr_line' id='line_1_7' title="bbox 297 667 1666 740; baseline 0.008 -28"><span class='ocrx_word' id='word_1_43' title='bbox 297 667 473 728; x_wconf 70' lang='lat' dir='ltr'>quidem</span> <span class='ocrx_word' id='word_1_44' title='bbox 500 669 760 716; x_wconf 79' lang='lat' dir='ltr'>discordiam</span> <span class='ocrx_word' id='word_1_45' title='bbox 776 675 1233 737; x_wconf 82' lang='lat' dir='ltr'>concupiscentiarum</span> <span class='ocrx_word' id='word_1_46' title='bbox 1254 679 1393 722; x_wconf 86' lang='lat' dir='ltr'>carnis</span> <span class='ocrx_word' id='word_1_47' title='bbox 1411 688 1452 722; x_wconf 90' lang='lat' dir='ltr'>et</span> <span class='ocrx_word' id='word_1_48' title='bbox 1471 677 1666 740; x_wconf 79' lang='lat' dir='ltr'>spiritUS‚</span> 
     </span>
     <span class='ocr_line' id='line_1_8' title="bbox 295 738 1671 809; baseline 0.008 -28"><span class='ocrx_word' id='word_1_49' title='bbox 295 748 336 781; x_wconf 89' lang='lat' dir='ltr'>et</span> <span class='ocrx_word' id='word_1_50' title='bbox 357 738 543 784; x_wconf 75' lang='lat' dir='ltr'>miserias</span> <span class='ocrx_word' id='word_1_51' title='bbox 563 742 728 799; x_wconf 82' lang='lat' dir='ltr'>generis</span> <span class='ocrx_word' id='word_1_52' title='bbox 754 742 952 799; x_wconf 74' lang='lat' dir='ltr'>humani,</span> <span class='ocrx_word' id='word_1_53' title='bbox 976 745 1138 807; x_wconf 87' lang='lat' dir='ltr'>quibus</span> <span class='ocrx_word' id='word_1_54' title='bbox 1159 746 1286 809; x_wconf 86' lang='lat' dir='ltr'>plena</span> <span class='ocrx_word' id='word_1_55' title='bbox 1303 758 1364 792; x_wconf 86' lang='lat' dir='ltr'>est</span> <span class='ocrx_word' id='word_1_56' title='bbox 1382 758 1534 792; x_wconf 85' lang='lat' dir='ltr'>natura</span> <span class='ocrx_word' id='word_1_57' title='bbox 1559 764 1671 792; x_wconf 81' lang='lat' dir='ltr'>rnor-</span> 
     </span>
     <span class='ocr_line' id='line_1_9' title="bbox 300 808 1670 881; baseline 0.007 -28"><span class='ocrx_word' id='word_1_58' title='bbox 300 808 447 854; x_wconf 86' lang='lat' dir='ltr'>talium</span> <span class='ocrx_word' id='word_1_59' title='bbox 471 847 480 866; x_wconf 81' lang='lat'>‚</span> <span class='ocrx_word' id='word_1_60' title='bbox 511 811 766 874; x_wconf 76' lang='lat' dir='ltr'>incipientes</span> <span class='ocrx_word' id='word_1_61' title='bbox 800 832 820 859; x_wconf 89' lang='lat' dir='ltr'>a</span> <span class='ocrx_word' id='word_1_62' title='bbox 845 815 1018 860; x_wconf 83' lang='lat' dir='ltr'>fletibus</span> <span class='ocrx_word' id='word_1_63' title='bbox 1042 827 1083 861; x_wconf 88' lang='lat' dir='ltr'>et</span> <span class='ocrx_word' id='word_1_64' title='bbox 1117 817 1438 863; x_wconf 76' lang='lat' dir='ltr'>calamitatibus</span> <span class='ocrx_word' id='word_1_65' title='bbox 1458 817 1670 881; x_wconf 86' lang='lat' dir='ltr'>parvulo-</span> 
     </span>
     <span class='ocr_line' id='line_1_10' title="bbox 295 886 1669 951; baseline 0.004 -26"><span class='ocrx_word' id='word_1_66' title='bbox 295 897 393 926; x_wconf 87' lang='lat' dir='ltr'>rum</span> <span class='ocrx_word' id='word_1_67' title='bbox 413 918 423 935; x_wconf 82' lang='lat'>,</span> <span class='ocrx_word' id='word_1_68' title='bbox 452 893 680 945; x_wconf 84' lang='lat' dir='ltr'>propterea</span> <span class='ocrx_word' id='word_1_69' title='bbox 707 901 793 929; x_wconf 89' lang='lat' dir='ltr'>non</span> <span class='ocrx_word' id='word_1_70' title='bbox 817 886 1020 931; x_wconf 69' lang='lat' dir='ltr'>sinuntur</span> <span class='ocrx_word' id='word_1_71' title='bbox 1044 887 1247 944; x_wconf 88' lang='lat' dir='ltr'>duarum,</span> <span class='ocrx_word' id='word_1_72' title='bbox 1283 905 1391 951; x_wconf 87' lang='lat' dir='ltr'>quas</span> <span class='ocrx_word' id='word_1_73' title='bbox 1420 888 1669 943; x_wconf 88' lang='lat' dir='ltr'>inducunt,</span> 
     </span>
     <span class='ocr_line' id='line_1_11' title="bbox 295 954 1673 1020; baseline 0.005 -25"><span class='ocrx_word' id='word_1_74' title='bbox 295 962 551 997; x_wconf 87' lang='lat' dir='ltr'>naturarum</span> <span class='ocrx_word' id='word_1_75' title='bbox 574 954 870 1000; x_wconf 86' lang='lat' dir='ltr'>commixtioni</span> <span class='ocrx_word' id='word_1_76' title='bbox 892 956 1104 1011; x_wconf 81' lang='lat' dir='ltr'>tribuere3</span> <span class='ocrx_word' id='word_1_77' title='bbox 1130 957 1233 1020; x_wconf 81' lang='lat' dir='ltr'>quia</span> <span class='ocrx_word' id='word_1_78' title='bbox 1258 958 1356 1003; x_wconf 81' lang='lat' dir='ltr'>haec</span> <span class='ocrx_word' id='word_1_79' title='bbox 1381 958 1525 1003; x_wconf 83' lang='lat' dir='ltr'>onmia</span> <span class='ocrx_word' id='word_1_80' title='bbox 1543 967 1673 1002; x_wconf 90' lang='lat' dir='ltr'>natu-</span> 
     </span>
     <span class='ocr_line' id='line_1_12' title="bbox 296 1023 1674 1088; baseline 0.004 -22"><span class='ocrx_word' id='word_1_81' title='bbox 296 1039 357 1067; x_wconf 87' lang='lat' dir='ltr'>rae</span> <span class='ocrx_word' id='word_1_82' title='bbox 372 1033 552 1085; x_wconf 82' lang='lat' dir='ltr'>peccato</span> <span class='ocrx_word' id='word_1_83' title='bbox 575 1023 755 1077; x_wconf 81' lang='lat' dir='ltr'>vitiatae,</span> <span class='ocrx_word' id='word_1_84' title='bbox 782 1042 913 1088; x_wconf 89' lang='lat' dir='ltr'>quam</span> <span class='ocrx_word' id='word_1_85' title='bbox 941 1030 1059 1072; x_wconf 89' lang='lat' dir='ltr'>Deus</span> <span class='ocrx_word' id='word_1_86' title='bbox 1080 1027 1242 1073; x_wconf 78' lang='lat' dir='ltr'>bonam</span> <span class='ocrx_word' id='word_1_87' title='bbox 1262 1028 1478 1084; x_wconf 78' lang='lat' dir='ltr'>condidit,</span> <span class='ocrx_word' id='word_1_88' title='bbox 1502 1044 1581 1082; x_wconf 82' lang='lat' dir='ltr'>nee</span> <span class='ocrx_word' id='word_1_89' title='bbox 1604 1027 1674 1072; x_wconf 88' lang='lat' dir='ltr'>vi-</span> 
     </span>
     <span class='ocr_line' id='line_1_13' title="bbox 299 1090 1670 1160; baseline 0.004 -24"><span class='ocrx_word' id='word_1_90' title='bbox 299 1092 447 1136; x_wconf 85' lang='lat' dir='ltr'>tiatam</span> <span class='ocrx_word' id='word_1_91' title='bbox 466 1090 766 1138; x_wconf 84' lang='lat' dir='ltr'>foecunditatis</span> <span class='ocrx_word' id='word_1_92' title='bbox 787 1110 964 1140; x_wconf 86' lang='lat' dir='ltr'>munere</span> <span class='ocrx_word' id='word_1_93' title='bbox 976 1110 1016 1140; x_wconf 84' lang='lat' dir='ltr'>et</span> <span class='ocrx_word' id='word_1_94' title='bbox 1036 1096 1155 1141; x_wconf 85' lang='lat' dir='ltr'>bono</span> <span class='ocrx_word' id='word_1_95' title='bbox 1179 1098 1357 1160; x_wconf 89' lang='lat' dir='ltr'>opificio</span> <span class='ocrx_word' id='word_1_96' title='bbox 1381 1114 1457 1142; x_wconf 90' lang='lat' dir='ltr'>suo</span> <span class='ocrx_word' id='word_1_97' title='bbox 1481 1096 1638 1142; x_wconf 88' lang='lat' dir='ltr'>deserit</span> <span class='ocrx_word' id='word_1_98' title='bbox 1659 1133 1670 1151; x_wconf 90' lang='lat'><strong><em>‚</em></strong></span> 
     </span>
     <span class='ocr_line' id='line_1_14' title="bbox 296 1162 1673 1222; baseline 0.002 -14"><span class='ocrx_word' id='word_1_99' title='bbox 296 1163 553 1208; x_wconf 85' lang='lat' dir='ltr'>auctoritate</span> <span class='ocrx_word' id='word_1_100' title='bbox 580 1162 729 1209; x_wconf 84' lang='lat' dir='ltr'>divina</span> <span class='ocrx_word' id='word_1_101' title='bbox 750 1174 791 1208; x_wconf 89' lang='lat' dir='ltr'>et</span> <span class='ocrx_word' id='word_1_102' title='bbox 806 1164 1023 1211; x_wconf 85' lang='lat' dir='ltr'>verissima</span> <span class='ocrx_word' id='word_1_103' title='bbox 1049 1167 1214 1212; x_wconf 89' lang='lat' dir='ltr'>ratione</span> <span class='ocrx_word' id='word_1_104' title='bbox 1240 1167 1507 1212; x_wconf 85' lang='lat' dir='ltr'>tribuuntur.</span> <span class='ocrx_word' id='word_1_105' title='bbox 1541 1165 1673 1222; x_wconf 88' lang='lat' dir='ltr'>Quod</span> 
     </span>
     <span class='ocr_line' id='line_1_15' title="bbox 296 1234 1674 1299; baseline 0.002 -22"><span class='ocrx_word' id='word_1_106' title='bbox 296 1249 372 1278; x_wconf 84' lang='lat' dir='ltr'>vos</span> <span class='ocrx_word' id='word_1_107' title='bbox 395 1244 613 1292; x_wconf 81' lang='lat' dir='ltr'>negantes,</span> <span class='ocrx_word' id='word_1_108' title='bbox 634 1251 753 1278; x_wconf 87' lang='lat' dir='ltr'>arma</span> <span class='ocrx_word' id='word_1_109' title='bbox 773 1234 951 1297; x_wconf 90' lang='lat' dir='ltr'>quidem</span> <span class='ocrx_word' id='word_1_110' title='bbox 985 1237 1147 1299; x_wconf 85' lang='lat' dir='ltr'>quibus</span> <span class='ocrx_word' id='word_1_111' title='bbox 1170 1238 1431 1294; x_wconf 79' lang='lat' dir='ltr'>vincuntur,</span> <span class='ocrx_word' id='word_1_112' title='bbox 1454 1235 1674 1282; x_wconf 86' lang='lat' dir='ltr'>conamini</span> 
     </span>
     <span class='ocr_line' id='line_1_16' title="bbox 295 1304 1673 1364; baseline 0.001 -14"><span class='ocrx_word' id='word_1_113' title='bbox 295 1304 557 1363; x_wconf 74' lang='lat' dir='ltr'>infringere;</span> <span class='ocrx_word' id='word_1_114' title='bbox 582 1304 656 1350; x_wconf 90' lang='lat' dir='ltr'>sed</span> <span class='ocrx_word' id='word_1_115' title='bbox 676 1315 760 1350; x_wconf 88' lang='lat' dir='ltr'>tam</span> <span class='ocrx_word' id='word_1_116' title='bbox 782 1316 882 1351; x_wconf 87' lang='lat' dir='ltr'>sunt</span> <span class='ocrx_word' id='word_1_117' title='bbox 904 1307 1027 1352; x_wconf 80' lang='lat' dir='ltr'>firma</span> <span class='ocrx_word' id='word_1_118' title='bbox 1050 1319 1091 1353; x_wconf 87' lang='lat' dir='ltr'>et</span> <span class='ocrx_word' id='word_1_119' title='bbox 1116 1308 1302 1364; x_wconf 86' lang='lat' dir='ltr'>invicta,</span> <span class='ocrx_word' id='word_1_120' title='bbox 1331 1318 1379 1353; x_wconf 89' lang='lat' dir='ltr'>ut</span> <span class='ocrx_word' id='word_1_121' title='bbox 1401 1308 1487 1354; x_wconf 83' lang='lat' dir='ltr'>sive</span> <span class='ocrx_word' id='word_1_122' title='bbox 1513 1307 1595 1352; x_wconf 89' lang='lat' dir='ltr'>illis</span> <span class='ocrx_word' id='word_1_123' title='bbox 1620 1306 1673 1352; x_wconf 90' lang='lat' dir='ltr'>ad</span> 
     </span>
     <span class='ocr_line' id='line_1_17' title="bbox 296 1375 1671 1442; baseline 0.002 -23"><span class='ocrx_word' id='word_1_124' title='bbox 296 1392 387 1429; x_wconf 89' lang='lat' dir='ltr'>vos,</span> <span class='ocrx_word' id='word_1_125' title='bbox 415 1375 501 1420; x_wconf 79' lang='lat' dir='ltr'>sive</span> <span class='ocrx_word' id='word_1_126' title='bbox 522 1375 645 1420; x_wconf 83' lang='lat' dir='ltr'>vobis</span> <span class='ocrx_word' id='word_1_127' title='bbox 669 1375 723 1421; x_wconf 90' lang='lat' dir='ltr'>ad</span> <span class='ocrx_word' id='word_1_128' title='bbox 739 1376 836 1422; x_wconf 90' lang='lat' dir='ltr'>illos</span> <span class='ocrx_word' id='word_1_129' title='bbox 855 1379 1063 1424; x_wconf 75' lang='lat' dir='ltr'>transfixis</span> <span class='ocrx_word' id='word_1_130' title='bbox 1077 1389 1117 1424; x_wconf 90' lang='lat' dir='ltr'>et</span> <span class='ocrx_word' id='word_1_131' title='bbox 1140 1379 1377 1442; x_wconf 85' lang='lat' dir='ltr'>peremptis</span> <span class='ocrx_word' id='word_1_132' title='bbox 1396 1378 1671 1442; x_wconf 85' lang='lat' dir='ltr'>perveniant,</span> 
     </span>
     <span class='ocr_line' id='line_1_18' title="bbox 297 1455 812 1507; baseline 0.002 -17"><span class='ocrx_word' id='word_1_133' title='bbox 297 1455 501 1506; x_wconf 86' lang='lat' dir='ltr'>utrosque</span> <span class='ocrx_word' id='word_1_134' title='bbox 520 1455 812 1507; x_wconf 83' lang='lat' dir='ltr'>prosternant.</span> 
     </span>
    </p>

    <p class='ocr_par' dir='ltr' id='par_1_4' title="bbox 298 1516 1678 1861">
     <span class='ocr_line' id='line_1_19' title="bbox 365 1516 1676 1574; baseline 0.003 -14"><span class='ocrx_word' id='word_1_135' title='bbox 365 1516 424 1561; x_wconf 91' lang='lat' dir='ltr'>II.</span> <span class='ocrx_word' id='word_1_136' title='bbox 455 1516 555 1562; x_wconf 76' lang='lat' dir='ltr'><strong>JUL.</strong></span> <span class='ocrx_word' id='word_1_137' title='bbox 584 1516 802 1572; x_wconf 83' lang='lat' dir='ltr'>«Quibus</span> <span class='ocrx_word' id='word_1_138' title='bbox 830 1516 1003 1562; x_wconf 88' lang='lat' dir='ltr'>duobus</span> <span class='ocrx_word' id='word_1_139' title='bbox 1027 1518 1060 1563; x_wconf 89' lang='lat' dir='ltr'>si</span> <span class='ocrx_word' id='word_1_140' title='bbox 1094 1518 1289 1572; x_wconf 81' lang='lat' dir='ltr'>creditis,</span> <span class='ocrx_word' id='word_1_141' title='bbox 1314 1518 1360 1564; x_wconf 88' lang='lat' dir='ltr'>id</span> <span class='ocrx_word' id='word_1_142' title='bbox 1383 1529 1469 1574; x_wconf 85' lang='lat' dir='ltr'>est,</span> <span class='ocrx_word' id='word_1_143' title='bbox 1498 1519 1577 1564; x_wconf 89' lang='lat' dir='ltr'>Dei</span> <span class='ocrx_word' id='word_1_144' title='bbox 1597 1535 1676 1564; x_wconf 87' lang='lat' dir='ltr'>nec</span> 
     </span>
     <span class='ocr_line' id='line_1_20' title="bbox 298 1585 1678 1651; baseline 0.002 -20"><span class='ocrx_word' id='word_1_145' title='bbox 298 1603 427 1648; x_wconf 86' lang='lat' dir='ltr'>opera</span> <span class='ocrx_word' id='word_1_146' title='bbox 464 1585 575 1630; x_wconf 88' lang='lat' dir='ltr'>mala</span> <span class='ocrx_word' id='word_1_147' title='bbox 607 1603 693 1631; x_wconf 89' lang='lat' dir='ltr'>esse</span> <span class='ocrx_word' id='word_1_148' title='bbox 710 1623 720 1642; x_wconf 85' lang='lat'>‚</span> <span class='ocrx_word' id='word_1_149' title='bbox 761 1604 840 1632; x_wconf 90' lang='lat' dir='ltr'>nec</span> <span class='ocrx_word' id='word_1_150' title='bbox 879 1587 1029 1651; x_wconf 86' lang='lat' dir='ltr'>iniqua</span> <span class='ocrx_word' id='word_1_151' title='bbox 1068 1588 1237 1648; x_wconf 86' lang='lat' dir='ltr'>judicia</span> <span class='ocrx_word' id='word_1_152' title='bbox 1257 1609 1268 1642; x_wconf 85' lang='lat'>3</span> <span class='ocrx_word' id='word_1_153' title='bbox 1308 1598 1446 1634; x_wconf 89' lang='lat' dir='ltr'>totum</span> <span class='ocrx_word' id='word_1_154' title='bbox 1485 1588 1678 1634; x_wconf 84' lang='lat' dir='ltr'>traducis</span> 
     </span>
     <span class='ocr_line' id='line_1_21' title="bbox 299 1655 1677 1722; baseline 0.003 -22"><span class='ocrx_word' id='word_1_155' title='bbox 299 1655 456 1715; x_wconf 83' lang='lat' dir='ltr'>dogma</span> <span class='ocrx_word' id='word_1_156' title='bbox 479 1656 749 1702; x_wconf 89' lang='lat' dir='ltr'>conteritur:</span> <span class='ocrx_word' id='word_1_157' title='bbox 784 1657 896 1702; x_wconf 89' lang='lat' dir='ltr'>sicut</span> <span class='ocrx_word' id='word_1_158' title='bbox 931 1675 953 1703; x_wconf 93' lang='lat' dir='ltr'>e</span> <span class='ocrx_word' id='word_1_159' title='bbox 986 1659 1156 1718; x_wconf 85' lang='lat' dir='ltr'>regione</span> <span class='ocrx_word' id='word_1_160' title='bbox 1178 1696 1189 1714; x_wconf 85' lang='lat'>‚</span> <span class='ocrx_word' id='word_1_161' title='bbox 1228 1658 1422 1704; x_wconf 87' lang='lat' dir='ltr'>traducis</span> <span class='ocrx_word' id='word_1_162' title='bbox 1455 1658 1677 1722; x_wconf 85' lang='lat' dir='ltr'>impietate</span> 
     </span>
     <span class='ocr_line' id='line_1_22' title="bbox 299 1726 1677 1792; baseline 0.002 -21"><span class='ocrx_word' id='word_1_163' title='bbox 299 1737 516 1789; x_wconf 73' lang='lat' dir='ltr'>suscepta,</span> <span class='ocrx_word' id='word_1_164' title='bbox 537 1727 633 1773; x_wconf 78' lang='lat' dir='ltr'>haec</span> <span class='ocrx_word' id='word_1_165' title='bbox 651 1726 740 1772; x_wconf 89' lang='lat' dir='ltr'>duo</span> <span class='ocrx_word' id='word_1_166' title='bbox 765 1728 960 1773; x_wconf 87' lang='lat' dir='ltr'>conditio</span> <span class='ocrx_word' id='word_1_167' title='bbox 987 1729 1065 1774; x_wconf 89' lang='lat' dir='ltr'>Dei</span> <span class='ocrx_word' id='word_1_168' title='bbox 1089 1729 1458 1792; x_wconf 84' lang='lat' dir='ltr'>atquejudicatio‚</span> <span class='ocrx_word' id='word_1_169' title='bbox 1484 1746 1563 1792; x_wconf 83' lang='lat' dir='ltr'>per</span> <span class='ocrx_word' id='word_1_170' title='bbox 1576 1745 1677 1792; x_wconf 83' lang='lat' dir='ltr'>quae</span> 
     </span>
     <span class='ocr_line' id='line_1_23' title="bbox 300 1797 1351 1861; baseline 0.004 -19"><span class='ocrx_word' id='word_1_171' title='bbox 300 1797 437 1842; x_wconf 89' lang='lat' dir='ltr'>solum</span> <span class='ocrx_word' id='word_1_172' title='bbox 468 1799 584 1842; x_wconf 90' lang='lat' dir='ltr'>Deus</span> <span class='ocrx_word' id='word_1_173' title='bbox 610 1809 752 1861; x_wconf 89' lang='lat' dir='ltr'>potest</span> <span class='ocrx_word' id='word_1_174' title='bbox 782 1798 987 1858; x_wconf 82' lang='lat' dir='ltr'>intelligi,</span> <span class='ocrx_word' id='word_1_175' title='bbox 1011 1800 1309 1846; x_wconf 87' lang='lat' dir='ltr'>destruuntur.</span> <span class='ocrx_word' id='word_1_176' title='bbox 1332 1822 1351 1841; x_wconf 89' lang='lat'>»</span> 
     </span>
    </p>

    <p class='ocr_par' dir='ltr' id='par_1_5' title="bbox 296 1868 1682 2569">
     <span class='ocr_line' id='line_1_24' title="bbox 367 1868 1679 1933; baseline 0.002 -21"><span class='ocrx_word' id='word_1_177' title='bbox 367 1870 487 1914; x_wconf 68' lang='lat' dir='ltr'>Aue.</span> <span class='ocrx_word' id='word_1_178' title='bbox 534 1868 623 1913; x_wconf 78' lang='lat' dir='ltr'>Nec</span> <span class='ocrx_word' id='word_1_179' title='bbox 646 1886 777 1932; x_wconf 86' lang='lat' dir='ltr'>opera</span> <span class='ocrx_word' id='word_1_180' title='bbox 804 1869 914 1914; x_wconf 87' lang='lat' dir='ltr'>mala</span> <span class='ocrx_word' id='word_1_181' title='bbox 939 1881 1038 1917; x_wconf 77' lang='lat' dir='ltr'>sunt</span> <span class='ocrx_word' id='word_1_182' title='bbox 1067 1871 1169 1926; x_wconf 85' lang='lat' dir='ltr'>Dei,</span> <span class='ocrx_word' id='word_1_183' title='bbox 1195 1870 1373 1933; x_wconf 84' lang='lat' dir='ltr'>quando</span> <span class='ocrx_word' id='word_1_184' title='bbox 1397 1881 1439 1916; x_wconf 89' lang='lat' dir='ltr'>et</span> <span class='ocrx_word' id='word_1_185' title='bbox 1469 1869 1522 1916; x_wconf 89' lang='lat' dir='ltr'>de</span> <span class='ocrx_word' id='word_1_186' title='bbox 1556 1869 1679 1915; x_wconf 88' lang='lat' dir='ltr'>malis</span> 
     </span>
     <span class='ocr_line' id='line_1_25' title="bbox 299 1938 1679 2005; baseline 0.001 -22"><span class='ocrx_word' id='word_1_187' title='bbox 299 1938 654 2002; x_wconf 83' lang='lat' dir='ltr'>quibuscumque</span> <span class='ocrx_word' id='word_1_188' title='bbox 671 1940 781 1985; x_wconf 88' lang='lat' dir='ltr'>bene</span> <span class='ocrx_word' id='word_1_189' title='bbox 805 1951 1028 2003; x_wconf 83' lang='lat' dir='ltr'>operatur,</span> <span class='ocrx_word' id='word_1_190' title='bbox 1054 1951 1095 1986; x_wconf 93' lang='lat' dir='ltr'>et</span> <span class='ocrx_word' id='word_1_191' title='bbox 1114 1941 1308 2005; x_wconf 85' lang='lat' dir='ltr'>parvulis</span> <span class='ocrx_word' id='word_1_192' title='bbox 1321 1979 1331 1997; x_wconf 83' lang='lat'>,</span> <span class='ocrx_word' id='word_1_193' title='bbox 1347 1958 1457 2005; x_wconf 87' lang='lat' dir='ltr'>quos</span> <span class='ocrx_word' id='word_1_194' title='bbox 1476 1941 1529 1987; x_wconf 88' lang='lat' dir='ltr'>de</span> <span class='ocrx_word' id='word_1_195' title='bbox 1542 1957 1679 1986; x_wconf 85' lang='lat' dir='ltr'>massa</span> 
     </span>
     <span class='ocr_line' id='line_1_26' title="bbox 300 2009 1677 2075; baseline 0.001 -22"><span class='ocrx_word' id='word_1_196' title='bbox 300 2026 380 2072; x_wconf 88' lang='lat' dir='ltr'>per</span> <span class='ocrx_word' id='word_1_197' title='bbox 405 2009 537 2072; x_wconf 86' lang='lat' dir='ltr'>primi</span> <span class='ocrx_word' id='word_1_198' title='bbox 562 2009 752 2055; x_wconf 87' lang='lat' dir='ltr'>hominis</span> <span class='ocrx_word' id='word_1_199' title='bbox 780 2011 1184 2073; x_wconf 73' lang='lat' dir='ltr'>praevaricationem</span> <span class='ocrx_word' id='word_1_200' title='bbox 1206 2011 1376 2075; x_wconf 88' lang='lat' dir='ltr'>perdita</span> <span class='ocrx_word' id='word_1_201' title='bbox 1393 2012 1504 2056; x_wconf 87' lang='lat' dir='ltr'>bene</span> <span class='ocrx_word' id='word_1_202' title='bbox 1524 2027 1677 2073; x_wconf 87' lang='lat' dir='ltr'>opera-</span> 
     </span>
     <span class='ocr_line' id='line_1_27' title="bbox 302 2079 1678 2143; baseline 0 -19"><span class='ocrx_word' id='word_1_203' title='bbox 302 2090 370 2124; x_wconf 86' lang='lat' dir='ltr'>tus</span> <span class='ocrx_word' id='word_1_204' title='bbox 404 2090 494 2134; x_wconf 87' lang='lat' dir='ltr'>est,</span> <span class='ocrx_word' id='word_1_205' title='bbox 537 2079 665 2125; x_wconf 81' lang='lat' dir='ltr'>ctiam</span> <span class='ocrx_word' id='word_1_206' title='bbox 701 2080 903 2125; x_wconf 86' lang='lat' dir='ltr'>sanandis</span> <span class='ocrx_word' id='word_1_207' title='bbox 926 2081 1112 2141; x_wconf 79' lang='lat' dir='ltr'>benigne</span> <span class='ocrx_word' id='word_1_208' title='bbox 1137 2081 1404 2143; x_wconf 80' lang='lat' dir='ltr'>opitulatur3</span> <span class='ocrx_word' id='word_1_209' title='bbox 1425 2098 1504 2126; x_wconf 91' lang='lat' dir='ltr'>nec</span> <span class='ocrx_word' id='word_1_210' title='bbox 1529 2081 1678 2142; x_wconf 89' lang='lat' dir='ltr'>iniqua</span> 
     </span>
     <span class='ocr_line' id='line_1_28' title="bbox 296 2149 1680 2214; baseline 0 -20"><span class='ocrx_word' id='word_1_211' title='bbox 296 2149 462 2209; x_wconf 88' lang='lat' dir='ltr'>judicia</span> <span class='ocrx_word' id='word_1_212' title='bbox 483 2186 493 2203; x_wconf 82' lang='lat'><strong>‚</strong></span> <span class='ocrx_word' id='word_1_213' title='bbox 518 2149 695 2213; x_wconf 80' lang='lat' dir='ltr'>quando</span> <span class='ocrx_word' id='word_1_214' title='bbox 715 2150 833 2211; x_wconf 86' lang='lat' dir='ltr'>gravi</span> <span class='ocrx_word' id='word_1_215' title='bbox 852 2155 960 2211; x_wconf 84' lang='lat' dir='ltr'>jugo</span> <span class='ocrx_word' id='word_1_216' title='bbox 981 2168 1109 2214; x_wconf 87' lang='lat' dir='ltr'>super</span> <span class='ocrx_word' id='word_1_217' title='bbox 1125 2151 1235 2196; x_wconf 86' lang='lat' dir='ltr'>filios</span> <span class='ocrx_word' id='word_1_218' title='bbox 1256 2151 1393 2196; x_wconf 85' lang='lat' dir='ltr'>Adam</span> <span class='ocrx_word' id='word_1_219' title='bbox 1417 2168 1439 2195; x_wconf 89' lang='lat' dir='ltr'>a</span> <span class='ocrx_word' id='word_1_220' title='bbox 1457 2150 1526 2196; x_wconf 88' lang='lat' dir='ltr'>die</span> <span class='ocrx_word' id='word_1_221' title='bbox 1545 2150 1680 2195; x_wconf 81' lang='lat' dir='ltr'>exitus</span> 
     </span>
     <span class='ocr_line' id='line_1_29' title="bbox 301 2220 1680 2285; baseline -0.001 -20"><span class='ocrx_word' id='word_1_222' title='bbox 301 2220 356 2266; x_wconf 88' lang='lat' dir='ltr'>de</span> <span class='ocrx_word' id='word_1_223' title='bbox 381 2230 529 2265; x_wconf 86' lang='lat' dir='ltr'>ventre</span> <span class='ocrx_word' id='word_1_224' title='bbox 570 2221 717 2266; x_wconf 87' lang='lat' dir='ltr'>matris</span> <span class='ocrx_word' id='word_1_225' title='bbox 754 2237 935 2277; x_wconf 79' lang='lat' dir='ltr'>eorum,</span> <span class='ocrx_word' id='word_1_226' title='bbox 977 2238 1063 2267; x_wconf 90' lang='lat' dir='ltr'>non</span> <span class='ocrx_word' id='word_1_227' title='bbox 1100 2221 1180 2267; x_wconf 91' lang='lat' dir='ltr'>nisi</span> <span class='ocrx_word' id='word_1_228' title='bbox 1207 2232 1486 2285; x_wconf 84' lang='lat' dir='ltr'>peccatorum</span> <span class='ocrx_word' id='word_1_229' title='bbox 1529 2220 1680 2265; x_wconf 88' lang='lat' dir='ltr'>merita</span> 
     </span>
     <span class='ocr_line' id='line_1_30' title="bbox 304 2291 1681 2356; baseline 0 -20"><span class='ocrx_word' id='word_1_230' title='bbox 304 2291 573 2338; x_wconf 57' lang='lat' dir='ltr'>ulcisciturl.</span> <span class='ocrx_word' id='word_1_231' title='bbox 602 2292 711 2337; x_wconf 86' lang='lat' dir='ltr'>Haec</span> <span class='ocrx_word' id='word_1_232' title='bbox 735 2308 835 2337; x_wconf 92' lang='lat' dir='ltr'>cum</span> <span class='ocrx_word' id='word_1_233' title='bbox 861 2292 1102 2338; x_wconf 91' lang='lat' dir='ltr'>creduntur</span> <span class='ocrx_word' id='word_1_234' title='bbox 1126 2303 1253 2356; x_wconf 89' lang='lat' dir='ltr'>atque</span> <span class='ocrx_word' id='word_1_235' title='bbox 1285 2291 1588 2352; x_wconf 86' lang='lat' dir='ltr'>intelliguntur</span> <span class='ocrx_word' id='word_1_236' title='bbox 1606 2329 1616 2347; x_wconf 92' lang='lat'>,</span> <span class='ocrx_word' id='word_1_237' title='bbox 1639 2301 1681 2336; x_wconf 90' lang='lat' dir='ltr'>et</span> 
     </span>
     <span class='ocr_line' id='line_1_31' title="bbox 304 2362 1682 2423; baseline -0.001 -15"><span class='ocrx_word' id='word_1_238' title='bbox 304 2362 653 2408; x_wconf 61' lang='lat' dir='ltr'>Manichaeorum</span> <span class='ocrx_word' id='word_1_239' title='bbox 683 2374 724 2408; x_wconf 91' lang='lat' dir='ltr'>et</span> <span class='ocrx_word' id='word_1_240' title='bbox 751 2362 1082 2423; x_wconf 85' lang='lat' dir='ltr'>Pelagianorum</span> <span class='ocrx_word' id='word_1_241' title='bbox 1109 2380 1230 2409; x_wconf 86' lang='lat' dir='ltr'>error</span> <span class='ocrx_word' id='word_1_242' title='bbox 1256 2362 1520 2423; x_wconf 79' lang='lat' dir='ltr'>extinguitur</span> <span class='ocrx_word' id='word_1_243' title='bbox 1542 2379 1552 2406; x_wconf 94' lang='lat'><strong>:</strong></span> <span class='ocrx_word' id='word_1_244' title='bbox 1581 2362 1682 2406; x_wconf 86' lang='lat' dir='ltr'>Ma-</span> 
     </span>
     <span class='ocr_line' id='line_1_32' title="bbox 303 2432 1680 2497; baseline -0.002 -17"><span class='ocrx_word' id='word_1_245' title='bbox 303 2433 577 2480; x_wconf 84' lang='lat' dir='ltr'>nichaeorum</span> <span class='ocrx_word' id='word_1_246' title='bbox 609 2432 796 2490; x_wconf 82' lang='lat' dir='ltr'>scilicet,</span> <span class='ocrx_word' id='word_1_247' title='bbox 831 2434 932 2497; x_wconf 90' lang='lat' dir='ltr'>quia</span> <span class='ocrx_word' id='word_1_248' title='bbox 955 2433 1068 2479; x_wconf 86' lang='lat' dir='ltr'>mala</span> <span class='ocrx_word' id='word_1_249' title='bbox 1102 2434 1180 2479; x_wconf 85' lang='lat' dir='ltr'>ista</span> <span class='ocrx_word' id='word_1_250' title='bbox 1210 2433 1373 2495; x_wconf 81' lang='lat' dir='ltr'>generis</span> <span class='ocrx_word' id='word_1_251' title='bbox 1402 2432 1585 2479; x_wconf 87' lang='lat' dir='ltr'>humani</span> <span class='ocrx_word' id='word_1_252' title='bbox 1604 2448 1680 2478; x_wconf 83' lang='lat' dir='ltr'>Vo-</span> 
     </span>
     <span class='ocr_line' id='line_1_33' title="bbox 302 2500 1680 2569; baseline -0.003 -19"><span class='ocrx_word' id='word_1_253' title='bbox 302 2503 401 2550; x_wconf 90' lang='lat' dir='ltr'>lunt</span> <span class='ocrx_word' id='word_1_254' title='bbox 435 2503 638 2568; x_wconf 84' lang='lat' dir='ltr'>deputari</span> <span class='ocrx_word' id='word_1_255' title='bbox 671 2503 814 2550; x_wconf 88' lang='lat' dir='ltr'>nescio</span> <span class='ocrx_word' id='word_1_256' title='bbox 841 2503 911 2552; x_wconf 87' lang='lat' dir='ltr'>cui</span> <span class='ocrx_word' id='word_1_257' title='bbox 941 2503 1042 2550; x_wconf 81' lang='lat' dir='ltr'>mali</span> <span class='ocrx_word' id='word_1_258' title='bbox 1070 2504 1292 2569; x_wconf 86' lang='lat' dir='ltr'>principio</span> <span class='ocrx_word' id='word_1_259' title='bbox 1331 2502 1560 2550; x_wconf 81' lang='lat' dir='ltr'>aeternitati</span> <span class='ocrx_word' id='word_1_260' title='bbox 1600 2500 1680 2547; x_wconf 88' lang='lat' dir='ltr'>Dei</span> 
     </span>
    </p>

    <p class='ocr_par' dir='ltr' id='par_1_6' title="bbox 353 2585 604 2625">
     <span class='ocr_line' id='line_1_34' title="bbox 353 2585 604 2625; baseline -0.008 -7"><span class='ocrx_word' id='word_1_261' title='bbox 353 2585 362 2609; x_wconf 83' lang='lat'><strong>¹</strong></span> <span class='ocrx_word' id='word_1_262' title='bbox 383 2585 478 2620; x_wconf 85' lang='lat' dir='ltr'>Eccli.</span> <span class='ocrx_word' id='word_1_263' title='bbox 502 2597 553 2625; x_wconf 66' lang='lat' dir='ltr'>xl„</span> <span class='ocrx_word' id='word_1_264' title='bbox 577 2598 604 2618; x_wconf 83' lang='lat'>1.</span> 
     </span>
    </p>
   </div>
  </div>
 </body>
</html>
