1824 3236
310 306 403 360 [220
734 320 768 349 S.
812 318 1058 348 AUGUSTINI
1095 317 1297 348 EPISCOPI

311 388 511 434 homines
531 396 649 442 sunt,
669 387 837 431 bonum
858 397 919 432 est
942 398 1127 442 naturae,
1150 389 1275 445 cujus
1290 395 1443 430 auctor
1459 393 1520 429 est
1541 384 1682 428 Deus:

310 458 357 504 in
381 469 598 521 quantum
624 468 764 503 autem
791 474 889 502 cum
911 467 1094 520 peccato
1122 466 1384 510 nascuntur,
1412 454 1594 518 perituri
1611 453 1687 516 qui

311 546 401 576 non
418 540 706 576 renascuntur
725 567 734 585 ,
760 528 813 573 ad
839 546 980 573 semen
1000 528 1186 591 pertinet
1213 526 1490 572 maledictum
1517 527 1572 571 ab
1598 525 1687 570 ini-

312 600 374 646 tio
394 637 405 656 ‚
431 601 548 646 illius
579 600 773 663 antiquae
802 599 1110 645 inobedientia:
1135 598 1239 645 vitio
1262 616 1272 643 :
1303 615 1391 662 quo
1416 609 1561 643 tamen
1579 597 1689 641 bene

312 671 452 717 utitur
473 671 615 717 factor
638 671 767 717 etiam
792 687 992 717 vasorum
1017 671 1094 714 irae
1111 706 1121 725 ,
1146 679 1193 713 ut
1218 680 1340 714 notas
1363 669 1494 714 faciat
1517 667 1690 713 divitias

311 759 402 788 suae
429 743 578 802 gloriae
604 743 649 788 in
679 760 780 790 vasa
815 739 1186 793 misericorcliae1;
1225 756 1277 784 nc
1306 740 1466 784 meritis
1500 738 1586 784 suis
1611 738 1690 783 tri-

310 814 448 871 buat,
473 814 508 861 si
526 814 579 859 ad
597 813 793 859 eamdem
820 830 998 857 massam
1025 811 1208 874 quisque
1234 811 1455 873 pertinens
1479 810 1613 869 gratia
1634 809 1691 854 li-

307 885 486 930 beretur
507 921 519 942 ‚
552 884 624 929 sed
647 884 723 946 qui
745 883 953 943 gloriatur
973 920 983 939 ,
1021 883 1066 927 in
1100 882 1290 927 Domino
1323 881 1529 941 glorietur
1546 881 1578 926 2.
1614 879 1691 924 His

312 955 440 1001 dictis
465 956 546 1000 ista
571 955 775 1014 subjunxi
797 972 807 999 :
837 955 904 1000 Ab
931 954 1015 999 hac
1050 952 1135 999 fide
1155 990 1164 1008 ‚
1203 953 1384 1016 inquam
1404 990 1415 1009 ‚
1452 951 1691 1015 apostolica

311 1037 442 1088 atque
466 1025 700 1077 catholica,
721 1024 993 1071 veracissima
1018 1035 1059 1069 et
1078 1023 1385 1069 fundatissima
1400 1061 1410 1080 ,
1441 1040 1541 1068 cum
1563 1021 1691 1066 Pela-

311 1096 446 1156 gianis
466 1096 543 1142 iste
557 1095 779 1142 discedens
797 1133 807 1152 ‚
830 1112 918 1141 non
937 1095 1032 1141 vult
1054 1105 1274 1140 nascentes
1294 1111 1379 1139 esse
1392 1093 1473 1140 sub
1494 1092 1687 1148 diaholo,

310 1184 365 1213 ne
391 1166 564 1230 parvuli
589 1177 818 1230 portentur
837 1165 891 1211 ad
917 1166 1143 1211 Christum
1168 1200 1178 1221 ,
1204 1175 1252 1210 ut
1268 1175 1477 1210 eruantur
1494 1182 1515 1209 a
1542 1173 1691 1226 potes-

311 1248 400 1284 tate
423 1238 703 1284 tenebrarum
722 1275 733 1295 ‚
759 1238 863 1283 etin
885 1254 1065 1297 regnum
1090 1237 1226 1300 ipsius
1247 1236 1561 1282 transferantur
1576 1234 1619 1280 3:
1644 1252 1692 1280 ac

310 1310 371 1356 sic
390 1320 567 1356 accusat
583 1319 671 1355 toto
701 1309 806 1354 orbe
827 1308 1027 1354 diffusam
1054 1308 1292 1354 Ecclesiam
1311 1345 1321 1364 ,
1345 1308 1391 1353 in
1416 1324 1501 1370 qua
1526 1307 1693 1369 ubique

310 1396 459 1426 omnes
493 1379 750 1443 baptizandi
780 1378 985 1424 infantuli
1021 1396 1109 1424 non
1140 1379 1198 1424 ob
1235 1378 1354 1424 aliud
1386 1379 1689 1433 exsufflantur,

311 1450 394 1496 nisi
418 1461 467 1497 ut
491 1450 547 1496 ab
567 1451 625 1496 eis
652 1450 861 1513 princeps
888 1450 1045 1501 mundi
1068 1449 1266 1495 mittatur
1292 1449 1405 1495 foras
1425 1467 1435 1494 ε
1465 1467 1485 1494 a
1503 1466 1589 1512 quo
1615 1465 1694 1494 ne-

312 1538 426 1567 cesse
448 1532 509 1567 est
532 1521 721 1567 vasairae
743 1520 1064 1583 possideantur,
1088 1536 1190 1565 cum
1209 1537 1257 1565 ex
1277 1519 1415 1565 Adam
1436 1529 1691 1576 nascuntur,

313 1591 349 1637 si
371 1592 416 1637 in
437 1592 615 1638 Christo
636 1608 725 1636 non
740 1601 1038 1646 renascantur,
1058 1601 1098 1636 ot
1121 1591 1166 1635 in
1189 1593 1280 1649 ejus
1300 1608 1478 1651 regnum
1500 1608 1579 1654 per
1603 1607 1694 1651 gra-

314 1661 420 1707 tiam
457 1662 571 1708 facta
604 1678 705 1708 vasa
741 1661 1050 1706 misericordiae
1080 1661 1432 1707 transferantur:
1471 1671 1512 1706 et
1541 1672 1694 1708 caetera

314 1748 414 1795 quae
434 1731 499 1777 ibi
518 1732 632 1792 legat
651 1768 661 1786 ,
690 1731 759 1777 vel
792 1731 1003 1790 legentem
1027 1731 1206 1787 audiat,
1241 1732 1319 1795 qui
1343 1732 1436 1777 vult
1462 1743 1503 1777 ct
1534 1742 1688 1795 potest.

314 1801 445 1847 Nunc
472 1818 572 1861 ergo
600 1802 702 1865 quia
726 1800 794 1845 his
818 1801 977 1846 relictis
994 1839 1004 1857 ‚
1037 1802 1201 1865 quibus
1227 1819 1274 1847 ea
1295 1820 1395 1865 quae
1414 1803 1592 1866 posuisti
1625 1820 1695 1848 as-

314 1882 521 1918 truuntur
547 1882 675 1934 atque
693 1871 971 1927 muniuntur,
994 1872 1054 1917 sic
1079 1871 1152 1916 illa
1174 1873 1337 1934 putasti
1364 1890 1449 1917 esse
1467 1872 1666 1936 ponenda
1682 1910 1692 1928 ‚

314 1953 365 1988 ut
393 1953 600 2005 tanquam
625 1943 670 1987 in
693 1940 924 1987 solitudine
958 1941 1215 1987 defendente
1238 1942 1359 1988 nullo
1389 1943 1697 1988 latrocinanter

315 2012 569 2066 invadere53
594 2012 741 2071 legant
778 2011 878 2057 haec
902 2012 979 2074 qui
1010 2012 1166 2057 volunt
1191 2012 1298 2058 scire
1319 2012 1423 2075 quid
1449 2013 1604 2075 egeris,
1630 2012 1698 2059 vel

314 2083 462 2145 potius
483 2083 537 2128 ad
566 2082 757 2142 ejusdem
777 2081 882 2127 libri
903 2082 1290 2128 considerationem
1315 2094 1556 2140 recurrant,
1582 2083 1697 2129 unde

315 2153 395 2198 ista
418 2154 607 2216 reposui,
627 2164 668 2197 et
685 2151 862 2198 videant
886 2170 933 2197 ea
954 2169 1128 2199 manere
1149 2154 1393 2198 firmissima
1411 2191 1422 2210 ,
1449 2171 1549 2217 quae
1576 2153 1697 2200 velut

315 2224 490 2269 infirma
510 2222 766 2268 labefactari
787 2224 973 2269 tentasti.

302 2348 305 2353 ι
384 2293 502 2350 Quid
526 2293 657 2352 igitur
678 2303 718 2338 te
740 2292 921 2352 adjuvat
937 2292 974 2349 Δ,
992 2293 1111 2356 quod
1135 2311 1206 2339 eos
1226 2295 1336 2339 mihi
1353 2294 1569 2354 objecisti,
1589 2311 1698 2358 quos

318 2374 516 2428 expectat
543 2366 625 2410 Dei
654 2365 862 2427 patientia
885 2382 963 2427 per
993 2365 1302 2427 poenitentiam
1330 2365 1607 2424 corrigendos
1624 2402 1635 2422 ,
1657 2376 1698 2411 et

317 2434 415 2481 ideo
437 2452 566 2499 super
585 2452 657 2481 eos
682 2436 788 2481 oriri
806 2435 935 2481 solem
958 2453 1083 2481 suum
1110 2436 1215 2482 facit
1236 2448 1278 2482 et
1294 2437 1434 2500 pluit5
1459 2454 1470 2482 ι
1495 2454 1595 2483 cum
1621 2453 1697 2496 ego

367 2545 375 2565 ¹
397 2546 491 2575 Rom.
523 2556 569 2582 1x‚
600 2556 640 2575 22
668 2551 699 2576 et
725 2547 779 2575 23.
806 2562 852 2567 ——
872 2543 887 2565 2
906 2556 917 2575 1
937 2548 1010 2579 Cor.
1034 2558 1062 2587 1,
1086 2548 1140 2581 31,
1171 2565 1214 2570 ——
1231 2544 1244 2568 3
1264 2549 1308 2577 Ex
1333 2547 1389 2578 lib.
1414 2557 1443 2577 2.
1466 2546 1505 2576 de
1524 2545 1650 2588 Nuptiis
1668 2551 1699 2576 et

317 2600 417 2629 Cone.
434 2609 504 2641 cap.
532 2601 580 2630 18.
598 2617 643 2622 —
663 2598 676 2621 4
694 2603 801 2642 Lupus
816 2601 939 2632 Ferrflri
954 2601 987 2631 in
1005 2602 1137 2633 Collecr.
1158 2608 1267 2645 quaest.
1292 2613 1320 2635 1.
1337 2601 1376 2632 de
1395 2600 1491 2644 praed
1511 2606 1540 2632 et
1558 2601 1588 2632 in
1602 2600 1696 2643 epist.

318 2663 356 2684 au
378 2654 525 2686 Carolum
544 2665 659 2697 regem.
679 2673 726 2680 —
740 2654 753 2678 5
768 2654 890 2690 Manli.
911 2667 938 2694 v,
956 2658 1010 2693 45.
