1824 3236
169 251 321 281 opttus
360 246 613 278 ‚mensuum
651 244 825 274 CONTRA
861 245 1107 285 συιιΑΝυΜ,
1147 245 1236 274 Liss.
1278 244 1318 272 v.
1392 226 1485 288 393

115 320 268 365 Deum.
291 317 345 361 Et
364 313 566 378 posthoc
586 349 596 368 ,
621 310 741 374 quasi
767 310 989 370 religiosus
1006 348 1016 364 ,
1045 328 1097 356 ne
1123 310 1402 356 criminosum
1420 307 1490 352 fa-

114 389 199 435 ciat
219 390 357 433 Deum
376 423 386 441 ‚
409 385 484 430 dat
505 383 781 428 tenebrarum
803 395 1027 437 naturam,
1052 382 1123 427 cui
1144 381 1305 426 malum
1333 379 1490 424 debea-

114 475 210 505 mus
234 457 459 503 ascribere.
492 454 606 499 Hinc
645 463 685 498 et
720 452 1015 512 Augustinus:
1057 453 1181 498 Unde
1217 451 1411 496 malum?
1437 448 1491 494 de

114 529 351 576 voluntate.
379 525 525 581 Unde,
552 525 726 587 inquit,
746 524 840 586 ipsa
860 524 1060 570 voluntas
1077 527 1094 569 ἶ)
1111 524 1164 569 de
1188 523 1365 568 homine
1385 558 1395 577 ‚
1416 519 1491 584 qui

114 610 176 645 est
195 615 304 662 opus
328 597 421 643 uei.
452 598 505 641 Et
526 594 689 654 colligit
715 612 724 639 :
749 594 791 640 Si
814 594 978 640 malum
997 612 1043 640 ex
1059 595 1280 640 voluntate
1298 630 1308 647 ,
1329 591 1492 637 volun-

115 679 177 714 tas
190 686 237 714 ex
256 667 449 723 homine,
471 666 604 711 homo
623 682 734 728 opus
756 665 865 719 Dei;
893 664 1056 710 malum
1075 666 1208 725 igitur
1234 681 1310 727 per
1334 665 1485 707 Deum.

116 738 248 796 Quod
278 737 405 802 quasi
437 748 618 782 conatus
655 735 877 781 absolvere
896 773 905 791 ‚
951 753 1004 781 ne
1032 738 1173 782 Deum
1211 734 1494 780 criminosum

115 809 258 855 dicere
275 807 509 856 videretur.
532 806 679 869 (quod
699 806 849 852 tradux
870 810 960 866 ejus
983 806 1167 852 affirmat
1185 843 1194 862 ‚
1224 821 1230 858 )
1254 804 1494 851 violentum

116 896 241 943 teque
265 896 346 942 pro
369 880 458 923 Deo
482 878 607 923 nohis
634 878 743 923 nihil
763 877 953 933 obtulit,
984 877 1029 923 id
1054 888 1115 923 est
1135 915 1145 933 ‚
1173 877 1371 922 tenebras
1392 873 1495 936 qui-

114 951 198 995 hus
226 949 392 995 malum
425 949 510 994 hoc
540 949 753 994 ascribere
778 948 1045 994 deberemus,
1080 970 1099 991 »
1126 950 1223 994 Non
1249 946 1390 1003 enim,
1423 944 1496 990 in-

116 1021 241 1084 quit,
267 1020 365 1066 ideo
401 1021 447 1065 in
469 1020 646 1066 homine
670 1020 833 1066 malum
858 1031 1009 1065 natum
1034 1031 1120 1076 est,
1154 1019 1255 1083 quia
1278 1033 1389 1080 opus
1415 1014 1497 1059 Dei

116 1103 235 1149 erat,
262 1092 335 1137 sed
358 1091 456 1137 ideo
481 1092 584 1155 quia
609 1092 662 1138 de
689 1092 828 1138 nihilo
852 1091 989 1139 cratst.
1016 1113 1034 1132 α
1056 1092 1190 1148 Quasi
1223 1090 1378 1136 veritas
1405 1104 1497 1133 res-

116 1163 312 1227 pondere
332 1180 418 1208 non
443 1163 579 1227 possit
600 1181 610 1207 :
637 1164 692 1208 Et
716 1179 804 1226 qua
828 1161 1101 1226 impudentia
1122 1162 1266 1226 primo
1292 1158 1499 1204 mentitur

119 1235 234 1279 Deus
258 1244 355 1279 tuus
373 1271 383 1290 ‚
405 1251 490 1278 esse
517 1233 561 1278 in
576 1232 756 1278 homine
782 1233 1051 1278 voluntatem
1073 1252 1082 1285 3
1104 1231 1263 1278 deinde
1285 1228 1499 1275 condem-

118 1315 220 1357 nat3
245 1321 346 1349 cum
370 1304 535 1349 malum
556 1303 694 1358 istud,
723 1303 924 1349 videlicet
943 1315 1174 1366 peccatum
1192 1340 1202 1358 ‚
1231 1301 1284 1347 de
1316 1299 1498 1346 necessi-

119 1385 203 1420 tate
221 1374 389 1420 noverit
403 1374 681 1419 tenebrarum
701 1411 711 1428 ,
733 1374 779 1418 id
799 1384 876 1430 est,
901 1374 1070 1437 antiqui
1093 1373 1222 1419 nihili
1243 1370 1501 1431 contigisse?

120 1445 366 1491 Insseximus
386 1462 465 1509 per
488 1461 616 1490 casus
638 1444 751 1489 nihil
771 1481 781 1500 ‚
806 1455 854 1489 ut
879 1456 1109 1508 appareret
1134 1441 1397 1489 Traduciani
1417 1440 1502 1485 vir-

120 1527 188 1562 tus
205 1517 251 1561 in
267 1516 406 1561 nihilo
425 1514 679 1561 collocantis
692 1532 812 1578 spem
837 1532 974 1560 suam.
1004 1516 1113 1561 Vide
1136 1526 1279 1560 tamen
1300 1509 1503 1558 imbecil-

119 1587 283 1633 litatem
316 1586 393 1631 Dei
409 1624 420 1643 ,
443 1602 575 1650 quem
596 1585 899 1631 Traducianus
917 1585 1104 1632 inducit.
1141 1587 1290 1648 Ipsum
1311 1581 1502 1627 nihilum

120 1674 325 1721 superare
348 1675 434 1702 non
455 1656 592 1703 valuit
613 1674 624 1701 ε
647 1673 835 1720 cumque
849 1656 1072 1702 hominem
1089 1656 1258 1702 fecisset
1276 1671 1323 1699 ex
1342 1651 1502 1707 nihilo,

120 1747 208 1775 non
231 1746 328 1775 eum
353 1729 500 1792 potuit
523 1746 545 1774 a
568 1727 818 1773 conditione
846 1728 946 1773 mali
961 1765 971 1783 ‚
992 1745 1093 1791 quae
1117 1727 1170 1772 de
1191 1726 1332 1772 nihilo
1355 1723 1506 1771 venie-

121 1801 200 1846 bat
217 1838 228 1858 ‚
255 1818 405 1846 exuere
432 1817 442 1845 ε
466 1799 539 1845 sed
574 1817 720 1844 rerum
742 1799 999 1845 difficultate
1033 1799 1172 1844 factus
1197 1797 1400 1852 amarior‚
1424 1811 1506 1858 pro

122 1872 208 1917 suis
237 1871 380 1933 culpis
404 1870 628 1915 hominem
658 1870 931 1926 criminatur2
967 1880 1008 1915 et
1041 1869 1238 1929 imaginis
1269 1885 1358 1913 suae
1381 1867 1506 1912 exitio

124 1940 238 1987 nihil
277 1940 436 1986 delicta
464 1939 742 1986 condemnat.
780 1940 1014 2000 Benignius
1046 1957 1148 1986 cum
1186 1956 1235 1985 eo
1265 1939 1352 1999 agit
1385 1954 1506 1982 senex

125 2013 272 2058 Manes
291 2048 302 2068 ‚
345 2021 394 2056 ut
432 2009 552 2055 dicat
596 2010 722 2056 illum
759 2028 846 2056 non
882 2027 1193 2074 usquequaque
1226 2009 1505 2054 tenebrarum

122 2093 247 2142 gente
269 2091 511 2138 vastatum3
535 2085 660 2141 cujus
678 2081 946 2127 debilitatem
968 2093 1130 2128 tantam
1149 2080 1320 2126 inducit
1339 2079 1508 2125 Tradu-

123 2152 297 2209 cianus,
321 2162 369 2198 ut
389 2162 706 2197 commentetur
720 2169 819 2197 eum
843 2171 865 2198 a
887 2152 1028 2198 nihilo
1048 2151 1176 2197 fuisse
1197 2160 1465 2214 superatum.
1487 2171 1508 2191 »

190 2226 301 2270 Ano,
348 2224 486 2269 Nemo
510 2234 744 2286 superatur
765 2241 787 2268 a
813 2223 975 2281 nihilo3
1003 2222 1074 2268 sed
1096 2234 1143 2268 tu
1163 2221 1379 2285 superaris
1397 2220 1512 2266 nihil

123 2294 311 2342 dicendo
334 2312 345 2339 ι
366 2311 446 2340 nec
465 2311 542 2354 ego
565 2296 612 2340 in
634 2295 774 2340 nihilo
793 2295 1006 2341 collocavi
1030 2311 1149 2358 spem
1173 2310 1340 2347 meam3
1363 2291 1437 2338 sed
1463 2302 1510 2338 tu

125 2366 180 2412 ad
199 2366 391 2412 nihilum
414 2364 654 2428 perduxisti
673 2366 981 2430 loquacitatem
1010 2376 1142 2411 tuam.
1173 2364 1283 2410 Sane
1300 2400 1310 2419 ,
1338 2363 1373 2409 si
1394 2373 1509 2408 recte

123 2436 363 2497 intelligas,
406 2436 526 2500 quod
561 2453 758 2500 perverse
793 2437 1012 2501 loqueris,
1058 2437 1139 2482 isto
1165 2434 1298 2480 modo
1333 2436 1448 2480 Deus
1485 2452 1509 2477 a

115 2510 264 2557 nihilo
282 2521 532 2575 superatur,
552 2511 761 2575 quoniam
783 2511 923 2558 Deum
940 2509 1060 2557 nulla
1079 2527 1144 2556 res
1163 2517 1341 2572 superat
1361 2525 1372 2552 ε
1392 2507 1505 2555 nihil

174 2594 184 2617 ¹
200 2594 268 2626 Lib.
287 2606 316 2626 2.
332 2594 370 2625 de
385 2596 487 2638 Nupt.
508 2600 540 2626 et
557 2597 657 2627 Cone.
682 2605 708 2627 c.
729 2596 784 2627 28.
