1863 3262
324 284 407 339 142
739 295 773 323 s.
819 292 1065 323 Araus‘rim
1102 292 1305 322 EPISCOPI

315 379 443 407 mana
469 360 513 405 in
547 359 624 404 has
648 358 839 404 miserias
871 368 1036 403 mutata
1064 368 1188 420 atque
1215 357 1435 403 damnata.
1468 356 1565 401 Non
1595 372 1694 415 ergo

313 433 373 478 ita
393 448 433 476 se
448 431 613 475 hahent
630 429 879 475 conditione
900 428 1133 486 nascendi⁷
1155 428 1227 474 sed
1249 429 1504 487 contagione
1528 426 1696 490 peccati

316 512 358 547 et
377 501 624 547 conditione
642 499 862 563 supplicii.

381 572 582 618 CXCIX.
615 572 712 617 JUL.
745 569 884 625 «Quo
909 586 1007 628 ergo
1035 585 1166 631 super
1189 579 1359 615 naturae
1391 568 1560 628 judicio
1595 573 1697 615 Ma-

316 642 513 688 nichaeus
543 653 678 704 tuque
706 639 905 685 distatis?
933 640 1047 696 Quia
1077 639 1148 685 ille
1166 677 1176 694 ‚
1210 639 1378 702 inquis,
1420 657 1514 685 eam
1540 640 1697 686 malam

314 712 488 759 fatetur.
521 714 588 757 Tu
614 728 712 771 crgo
737 710 770 756 si
794 709 838 755 id
869 711 1046 766 abnuis,
1076 709 1238 754 bonam
1263 727 1357 755 cam
1384 727 1469 756 esse
1500 728 1699 774 pronun-

321 784 407 837 tia;
441 793 483 828 et
515 781 686 828 sublata
724 782 943 827 contentio
985 791 1080 825 cst:
1111 779 1294 842 capieris
1330 782 1474 827 statim
1509 783 1700 828 veritatis

317 854 482 899 retibus
513 853 557 898 in
584 852 779 898 salutem.
815 851 900 897 Sed
935 851 1156 896 reclamas,
1195 850 1432 897 Audiamus
1465 869 1564 912 ergo
1591 853 1700 916 quid

315 924 485 988 parias,
513 922 759 969 Aristoteles
780 923 1034 967 Poenorum.
1062 943 1082 962 ›>
1099 921 1288 966 'santum
1307 958 1317 976 ,
1342 922 1484 986 inquis
1502 960 1512 979 ‚
1535 923 1699 970 malum

318 995 357 1041 ei
373 996 506 1050 inest,
529 1005 577 1040 ut
600 994 873 1058 possideatur
888 1011 910 1039 a
931 992 1133 1049 diabolo,
1158 1003 1286 1056 atque
1309 1003 1520 1039 aeternum
1540 1012 1699 1041 merea-

320 1075 391 1110 tur
419 1064 686 1111 incendium.
708 1086 729 1105 »

387 1138 500 1182 Ana.
544 1136 614 1181 Tu
640 1145 784 1180 autem
808 1134 885 1198 qui
922 1150 1017 1179 eam
1049 1149 1177 1192 negas
1202 1150 1225 1177 a
1254 1132 1431 1179 diabolo
1458 1135 1696 1198 possideri,

320 1207 478 1272 procul
501 1206 640 1252 dubio
657 1223 785 1266 negas
810 1223 832 1250 a
853 1215 1064 1269 potestate
1091 1204 1186 1250 erui
1206 1205 1509 1263 tenebrarum,
1534 1224 1635 1252 cum
1655 1208 1702 1253 in

322 1278 489 1324 Christi
510 1294 691 1337 regnum
714 1275 1033 1336 regeneratione
1053 1274 1327 1332 transfertur,
1349 1287 1390 1321 et
1406 1293 1579 1322 accusas
1600 1277 1702 1323 uni-

321 1364 485 1395 versam
510 1347 773 1393 catholicam
804 1345 1042 1391 Ecclesiam
1068 1362 1225 1405 magno
1247 1346 1427 1392 crimine
1446 1348 1694 1408 majestatis.

323 1419 422 1464 Non
445 1419 557 1464 enim
577 1418 745 1477 legibus
763 1417 896 1476 hujus
916 1414 1071 1461 mundi
1096 1415 1177 1461 alio
1199 1416 1378 1462 crimine
1399 1428 1566 1464 tenetur
1584 1435 1698 1474 reus,

321 1488 518 1552 quisquis
541 1488 798 1547 imaginem,
828 1486 1028 1550 quamvis
1049 1503 1138 1531 non
1152 1486 1297 1532 vivam
1314 1524 1324 1543 ‚
1349 1499 1492 1533 tamen
1514 1489 1702 1552 impera-

324 1559 427 1605 toris
446 1559 635 1604 exsufflat
665 1576 675 1604 ε
705 1557 980 1604 exsufflantur
1007 1567 1149 1602 autem
1171 1557 1342 1620 parvuli
1364 1558 1408 1603 in
1432 1559 1668 1605 exorcismo
1687 1596 1698 1616 ,

320 1631 578 1696 priusquam
602 1631 881 1694 baptizentur
906 1646 916 1674 ε
943 1628 1220 1674 exsufflantur
1245 1629 1376 1689 igitur
1406 1630 1518 1677 vivae
1553 1631 1704 1692 imagi-

322 1719 417 1760 nes,
432 1718 520 1746 non
534 1701 644 1761 regis
657 1704 990 1763 cujuscumque,
1009 1698 1083 1744 sed
1103 1698 1195 1745 Dei.
1219 1700 1313 1744 Imo
1326 1717 1425 1745 vero
1436 1701 1699 1757 exsufflatur,

323 1773 397 1819 sed
434 1772 635 1818 diabolus
659 1809 669 1828 ,
706 1772 783 1835 qui
824 1771 1080 1830 contagione
1115 1770 1286 1833 peccati
1322 1781 1436 1817 tenet
1468 1772 1703 1835 parvulum

323 1860 444 1888 reum
458 1880 470 1899 ‚
492 1854 540 1888 ut
554 1842 627 1888 illo
646 1842 758 1888 foras
776 1842 903 1887 misso
929 1840 1138 1905 parvulus
1159 1840 1439 1888 transferatur
1466 1843 1520 1889 ad
1545 1843 1703 1890 Chris-

325 1912 463 1960 tuml.
497 1913 752 1959 Exsuffletur
778 1912 922 1975 itaque
956 1911 1121 1957 Julian}
1147 1912 1355 1967 amentia,
1391 1930 1443 1958 ne
1473 1914 1705 1974 majestatis

324 2000 397 2030 rea
427 1984 472 2029 in
503 1983 789 2046 parvulorum
829 1981 1115 2027 mundatione
1146 1992 1188 2027 et
1210 1982 1498 2029 exsufflatione
1532 1984 1705 2030 dicatur

324 2054 533 2100 Ecclesia.
570 2054 615 2099 Si
642 2064 784 2099 autem
814 2070 902 2098 non
926 2053 1095 2098 eruitur
1113 2070 1135 2097 a
1163 2063 1376 2115 potestate
1399 2055 1673 2100 tenebrarum
1689 2091 1700 2110 ‚

325 2135 368 2170 et
399 2124 489 2170 illic
521 2134 714 2169 remanet
746 2122 985 2186 parvulus3
1011 2122 1118 2185 quid
1148 2123 1317 2168 miraris
1341 2123 1387 2168 in
1422 2123 1518 2183 igne
1542 2135 1704 2169 aeterno

325 2211 427 2240 cum
446 2193 624 2240 diabolo
642 2193 843 2239 futurum
859 2229 870 2249 ,
891 2193 967 2256 qui
986 2193 1031 2237 in
1052 2192 1132 2237 Dei
1150 2210 1330 2253 regnum
1358 2193 1519 2239 intrare
1537 2212 1624 2240 non
1651 2195 1705 2240 si-

325 2266 476 2311 nitur?
498 2266 565 2311 An
583 2264 686 2327 quia
706 2263 929 2323 Pelagiani
956 2263 1097 2308 nescio
1116 2279 1243 2326 quem
1264 2264 1459 2327 parvulis
1482 2282 1571 2309 non
1594 2266 1706 2329 bap-

330 2336 496 2391 tizatis,
530 2346 691 2398 praeter
723 2333 803 2379 Dei
829 2350 1010 2392 regnum
1027 2369 1037 2388 ‚
1073 2334 1229 2396 quietis
1250 2345 1291 2379 ct
1314 2335 1417 2380 vitae
1446 2345 1618 2381 aeternae
1642 2336 1705 2381 lo-

328 2422 429 2452 cum
453 2415 730 2469 praeparant,
758 2403 855 2449 ideo
886 2403 1053 2448 Christi
1078 2403 1158 2448 erit
1174 2404 1279 2450 falsa
1303 2405 1511 2451 sententia
1535 2423 1546 2450 t
1574 2425 1594 2446 α
1616 2405 1705 2462 Qui

329 2497 350 2519 >³
375 2475 630 2531 crediderit,
658 2485 698 2520 et
717 2474 963 2538 baptizatus
986 2473 1116 2519 fuerit
1134 2511 1144 2531 ,
1167 2474 1311 2520 salvus
1339 2475 1440 2532 erit3
1467 2475 1542 2539 qui
1563 2487 1705 2522 autem

329 2569 350 2591 »
373 2564 461 2594 non
487 2545 720 2593 crediderit
736 2583 748 2604 ,
770 2544 1135 2592 condemnabitur
1150 2545 1191 2591 29
1207 2566 1227 2589 ³>
1243 2545 1451 2610 Quisquis
1471 2556 1614 2594 autem
1633 2565 1705 2594 ne-

375 2633 498 2665 ¹Joan.
515 2641 577 2673 ΧΠ,
597 2632 651 2665 31.
673 2647 717 2656 --
734 2628 749 2653 2
765 2631 867 2662 Marc.
882 2639 948 2671 xvi,
966 2629 1023 2664 16.
