1863 3262
294 248 379 311 176
697 262 731 291 5.
775 261 1015 291 Aucusrmr
1054 261 1254 291 EPISCOPI

297 330 420 374 »duo
454 328 498 372 in
537 344 665 372 carne
702 326 854 373 1111114·
845 362 854 372 .
883 349 902 368 »
936 338 986 372 ut
1020 328 1277 390 exprinweiet
1313 326 1442 373 fidem
1485 346 1667 392 operum

294 398 517 461 Ploplieta
540 415 680 461 prope
699 397 944 461 periculum
965 397 1146 460 pudmis
1172 398 1383 444 accessit:
1411 401 1532 462 quasi
1556 418 1668 463 prae-

293 468 627 513 daminveniens
646 469 786 528 gestit,
810 467 987 514 exultat
1002 467 1658 532 0101111111ῑὲ,ΑρειιημῸιευε,

292 548 334 583 et
356 539 400 582 vi
422 537 630 591 vaerititis,
657 538 818 600 inquit,
844 548 1003 583 extorta
1033 506 1268 584 confessio}
1296 539 1481 585 Dicatur
1509 557 1664 596 causa,

292 608 433 652 curin
457 607 746 670 exprimendis
766 607 972 670 operibus
998 608 1106 663 Dei,
1140 608 1365 670 Propheta
1385 627 1523 672 prope
1549 611 1669 673 peri-

292 677 441 723 culum
481 677 663 740 pudoris
705 677 942 724 accesserit.
979 679 1129 722 lta-ne
1165 695 1265 723 vero
1306 678 1501 724 humana
1539 697 1669 743 opera

292 746 497 810 pudenda
523 764 608 793 esse
631 765 716 792 non
742 747 917 803 debent,
944 747 1015 793 sed
1043 747 1171 810 plane
1196 747 1419 807 glorianda
1437 769 1446 801 3
1464 760 1505 794 et
1523 750 1671 795 divina

294 817 500 880 pudenda
523 820 658 863 sunt?
680 819 828 863 Ita-ne
851 835 954 864 vero
981 818 1024 863 in
1047 817 1299 882 eloquendis
1319 830 1359 864 et
1382 820 1671 882 exprimendis

294 887 502 950 operibus
512 888 608 943 Dei,
626 905 712 933 non
728 888 975 933 honoratur
989 889 1226 952 Prophetae
1242 889 1308 935 vel
1324 907 1444 935 amor
1454 889 1670 947 vellabor,

296 958 368 1004 sed
389 958 661 1021 periclitatur
678 959 854 1022 pudor?
881 959 1001 1015 Quid
1034 959 1148 1005 enim
1182 960 1328 1023 potuit
1358 964 1474 1006 Deus
1502 959 1667 1016 facere,

294 1029 411 1091 quod
423 1033 514 1088 ejus
530 1030 862 1092 praedicatorem
879 1029 1039 1092 pudeat
1055 1029 1215 1082 dicere3
1233 1041 1273 1075 et
1285 1030 1403 1093 quod
1415 1041 1475 1075 est
1486 1031 1671 1090 gravius,

290 1099 453 1162 pudeat
468 1099 691 1143 hominem
702 1099 885 1158 alicujus
896 1101 1054 1162 operis,
1071 1099 1189 1162 quod
1205 1117 1290 1144 non
1305 1100 1455 1157 homo,
1471 1100 1542 1146 sed
1559 1102 1673 1145 Deus

289 1169 394 1215 fecit
419 1171 462 1215 in
486 1170 694 1215 homine?
721 1174 832 1215 Cum
864 1187 1009 1215 omnes
1033 1170 1229 1232 opifices,
1260 1181 1472 1233 quantum
1492 1181 1673 1234 possunt

290 1238 439 1287 labore
453 1252 494 1286 et
507 1240 720 1286 industria
733 1240 775 1285 id
793 1251 936 1299 agant,
953 1258 1003 1285 ne
1013 1240 1066 1285 de
1079 1241 1163 1285 suis
1174 1241 1380 1303 operibus
1393 1240 1671 1286 erubescant?

295 1312 378 1357 Sed
398 1311 594 1374 profecto
609 1310 715 1356 illud
736 1309 976 1372 nospudet,
994 1310 1114 1373 quod
1130 1310 1287 1372 puduit
1307 1311 1471 1372 primos
1489 1309 1583 1354 illos
1593 1309 1674 1354 110-

290 1383 447 1438 mines,
463 1382 640 1446 quando
657 1381 866 1444 pudenda
891 1391 1110 1425 texerunt:
1134 1380 1206 1425 iila
1230 1392 1292 1425 est
1322 1380 1668 1443 poenapeccati,

291 1453 367 1499 illa
396 1454 524 1517 plaga
559 1453 876 1515 vestigiumque
906 1452 1097 1514 peccati,
1122 1451 1195 1496 illa
1222 1451 1425 1496 illecebra
1452 1451 1673 1514 fomesque

289 1524 478 1586 peccati,
504 1523 577 1569 illa
598 1523 660 1568 lex
683 1522 727 1566 in
741 1522 947 1566 membris
967 1537 1212 1583 repugnans
1242 1520 1324 1579 legi
1346 1522 1512 1566 mentis.
1530 1521 1674 1580 Hujus

294 1593 446 1658 pudet,
464 1604 505 1639 et
519 1593 670 1638 merito
685 1591 836 1655 pudet.
860 1592 969 1636 Nam
982 1591 1014 1635 si
1026 1591 1209 1636 hocnon
1219 1601 1340 1646 esset,
1357 1590 1465 1654 quid
1479 1590 1673 1636 110131505-

293 1676 354 1710 set
368 1664 597 1724 ingratius,
625 1662 733 1725 quid
756 1660 1047 1720 irreligiosius,
1070 1661 1103 1705 si
1127 1661 1170 1705 in
1190 1661 1397 1706 membris
1415 1661 1570 1705 nostris
1583 1677 1672 1705 non

293 1735 347 1780 de
365 1735 469 1780 vitio
491 1734 555 1780 Vel
578 1750 709 1797 poena
730 1741 891 1785 nostra,
921 1730 992 1775 sed
1016 1729 1069 1775 de
1090 1730 1169 1774 Dei
1187 1729 1551 1775 confunderemur
1571 1747 1672 1793 ope-

292 1806 443 1851 ribus?
478 1804 681 1851 «Claruit
717 1813 832 1848 certe
862 1801 1048 1864 qualiter
1072 1800 1222 1860 gestiat
1249 1818 1257 1845 :
1287 1800 1445 1859 gaudio
1470 1818 1546 1846 5110
1583 1818 1671 1845 11011

294 1887 438 1939 potest
487 1875 695 1921 adhibere
727 1872 869 1918 frenos
899 1890 908 1916 z
948 1882 1061 1917 tenet
1095 1889 1235 1916 meam
1270 1872 1550 1926 sententiam,
1580 1888 1667 1934 qua

293 1946 693 2010 concupiscentiam
723 1943 963 1989 naturalem
996 1943 1155 1988 malam
1182 1943 1317 2005 possit
1340 1943 1562 1988 ostendere
1581 1980 1591 1997 ,
1631 1952 1671 1987 et

294 2017 461 2063 diaboli
481 2017 689 2079 operibus
710 2015 919 2078 deputare
939 2031 948 2058 :
972 2031 1103 2076 quam
1125 2013 1380 2060 sententiam
1407 2013 1460 2059 de
1485 2030 1557 2058 ore
1576 2030 1669 2058 meo

291 2088 400 2133 dicit
419 2087 464 2133 vi
483 2087 672 2133 veritatis
685 2096 910 2139 extortam,
933 2085 1306 2146 concionaturque
1326 2083 1669 2128 scelestissimum

290 2169 420 2221 atque
444 2156 797 2220 profanissimum
818 2171 918 2209 esse,
932 2155 965 2198 si
981 2171 1027 2198 ea
1048 2170 1147 2216 quae
1169 2172 1191 2197 a
1216 2156 1304 2198 Deo
1323 2153 1435 2199 facta
1451 2153 1665 2208 dicamus,

290 2228 460 2292 pudore
485 2226 721 2290 operienda
761 2227 988 2270 fateamur.
1032 2223 1113 2268 Sed
1154 2223 1373 2268 alacritate
1410 2223 1670 2268 commotior

290 2317 375 2345 non
419 2299 564 2362 potuit
598 2296 840 2360 ponderare
873 2294 980 2357 quid
1013 2294 1174 2339 diceret
1207 2311 1216 2338 :
1257 2311 1441 2339 asserens
1482 2294 1593 2338 enim
1625 2293 1669 2338 in

291 2370 498 2433 operibus
521 2369 603 2414 Dei
630 2366 888 2430 pudendum
914 2364 1026 2410 nihil
1047 2382 1133 2410 csse
1152 2402 1162 2420 ,
1188 2381 1364 2428 operam
1384 2375 1525 2410 autem
1546 2364 1668 2423 geni-

287 2440 440 2485 talium
466 2437 719 2502 pudendam
742 2453 850 2493 esse,
871 2446 912 2480 et
930 2435 1026 2480 ideo
1051 2452 1135 2481 non
1161 2452 1284 2497 posse
1305 2451 1397 2480 eam
1423 2433 1669 2479 Conditoris

331 2541 339 2562 ¹
363 2542 445 2571 Gen.
473 2550 508 2574 11.
535 2545 589 2576 24,
622 2544 653 2570 et
683 2537 798 2571 Marth.
832 2548 886 2569 xvr
911 2565 918 2580 ‚
952 2538 984 2571 5.
1005 2554 1048 2560 —
1069 2536 1084 2558 ²
1103 2536 1209 2569 Verba
1229 2540 1361 2578 August.
1384 2534 1438 2566 lib.
1461 2546 1492 2566 2.
1512 2533 1550 2565 de
1567 2536 1666 2577 Nupt.

285 2610 357 2642 cap.
379 2610 411 2637 9.
