1824 3236
140 292 295 321 ormus
335 291 592 321 inrisui-'rarsi
634 290 775 320 (zoara
792 291 806 320 x
844 289 1090 334 attitulat,
1133 293 1216 324 cin.
1261 295 1319 324 vi.
1373 281 1464 336 543

93 357 281 403 amarius
304 356 502 403 laborare
525 356 862 415 cogitationibus
885 357 1064 413 divites,
1092 375 1222 421 quam
1248 361 1467 422 operatio-

93 427 222 473 nibus
242 443 467 491 pauperes.
502 425 683 471 Nomine
706 426 871 490 quippe
895 427 1064 473 sudoris
1088 428 1325 487 generalem
1348 447 1466 476 sacra

95 497 325 560 Scriptura
362 495 620 558 significavit
644 495 835 541 laborem
855 534 865 553 ‚
895 515 916 542 a
941 514 1030 561 quo
1056 497 1201 543 nullus
1234 498 1465 546 hominum

95 577 157 612 est
175 567 381 613 immunis
400 603 411 623 ‚
435 583 536 613 cum
561 565 631 611 alii
649 565 850 612 laborant
876 567 1083 630 operibus
1102 566 1247 624 duris,
1276 569 1348 615 alii
1379 569 1469 616 sol-

95 636 367 683 licitantibus
404 637 532 683 curis.
577 636 645 682 Ad
677 636 846 682 eosdem
881 637 1048 683 labores
1083 638 1303 701 pertinent
1341 639 1469 686 etiam

97 707 239 753 studia
264 724 541 772 quorumque
565 707 837 756 discentium.
877 709 931 753 Et
960 724 1060 772 quae
1095 708 1212 771 parit
1232 709 1358 768 haec,
1389 710 1472 756 nisi

98 787 209 824 terra
242 777 368 835 haec,
395 796 528 843 quam
557 778 766 825 formator
794 783 912 839 eJ'us,
941 777 1117 842 quando
1154 779 1345 842 primum
1383 780 1472 826 ho-

97 848 258 895 minem
280 848 506 906 condidit,
529 868 616 896 non
628 850 786 897 fecerat
799 867 1021 897 onerosam
1035 852 1054 896 1>
1070 849 1106 894 N
1114 866 1198 895 unc
1216 866 1316 897 vero
1330 887 1341 906 ‚
1362 851 1475 897 sicut

100 919 315 983 scriptum
333 930 396 966 est
417 938 427 965 :
452 941 471 962 «
490 922 661 985 Corpus
679 921 966 985 corruptibile
982 930 1185 981 aggravat
1203 920 1391 966 animam
1405 957 1417 978 ,
1434 931 1476 967 et

102 1011 124 1033 n
150 990 356 1055 deprimit
372 1002 537 1038 terrena
557 993 820 1038 inhabitatio
835 1008 1003 1038 sensum
1027 991 1165 1038 multa
1183 990 1474 1051 cogitantem3

103 1082 124 1103 ›>
146 1071 189 1107 et
213 1060 449 1108 difficulter
472 1064 736 1109 aestimamus
754 1080 855 1128 quae
883 1064 928 1109 in
960 1073 1070 1109 terra
1095 1072 1217 1119 sunt,
1244 1072 1407 1126 etquae
1431 1061 1477 1107 in

104 1153 126 1174 »
152 1143 388 1196 conspectu
420 1145 548 1192 sunt,
576 1135 819 1181 invenimus
849 1151 950 1181 cum
974 1132 1168 1180 labore1.
1196 1154 1217 1175 ›>
1255 1133 1354 1180 Sive
1378 1149 1478 1193 ergo

105 1202 230 1250 utiles
249 1239 260 1260 ‚
288 1203 375 1250 sive
397 1204 570 1251 inutiles
592 1222 891 1269 quascumque
913 1203 1133 1251 doctrinas
1155 1202 1326 1249 studeat
1345 1202 1478 1248 homo

106 1272 291 1328 discere,
331 1285 588 1335 aggravante
617 1275 806 1321 animam
845 1273 1126 1338 corruptibili
1158 1290 1341 1337 corpore
1360 1309 1372 1330 ,
1399 1290 1480 1319 ne-

106 1361 219 1390 cesse
242 1355 303 1391 est
326 1345 508 1393 laboret.
554 1347 775 1403 Quocirca
804 1349 932 1393 etiam
954 1347 1013 1392 sie
1039 1346 1075 1391 ei
1100 1355 1208 1390 terra
1234 1345 1314 1390 ista
1333 1344 1480 1409 spinas

107 1433 152 1478 p
143 1416 237 1461 uit.
263 1416 353 1462 Nec
374 1417 431 1462 ab
451 1417 520 1463 his
540 1417 674 1481 spinis
694 1417 850 1463 divites
871 1417 955 1463 dic
947 1426 1074 1463 antur
1097 1414 1222 1461 alieni
1240 1414 1481 1477 praesertim

108 1485 210 1549 quia
229 1485 373 1549 spinas
392 1487 514 1534 illas
503 1505 549 1533 ln
570 1492 630 1534 [ἐν
634 1488 827 1548 angelio,
854 1488 1015 1565 quibus
1030 1490 1148 1546 jacta
1172 1485 1334 1530 semina
1353 1501 1406 1530 ne
1427 1483 1482 1530 ad

109 1555 440 1604 foecunditatem
466 1559 749 1622 perveniant,
772 1525 1105 1623 opprimuntur,
1137 1572 1263 1602 curas
1284 1571 1370 1601 esse
1393 1554 1486 1600 hu-

105 1630 177 1687 jtts
202 1627 303 1675 vitae
326 1640 369 1675 et
391 1629 701 1676 sollicitudines
725 1629 976 1675 divitiarum
998 1632 1114 1674 Deus
1134 1625 1335 1686 magister
1351 1641 1486 1688 expo-

112 1698 235 1752 nit-‘²3
258 1699 334 1763 qui
357 1711 471 1747 certe
498 1718 584 1747 non
618 1701 728 1747 solos
753 1717 991 1764 pauperes,
1023 1696 1306 1745 verumetiam
1334 1695 1488 1743 divites

115 1779 243 1816 vocat
267 1770 414 1817 dicens
445 1789 456 1817 :
493 1793 514 1814 (ε
539 1771 690 1817 Venite
727 1771 781 1817 ad
814 1788 881 1816 me
914 1786 1060 1816 omnes
1093 1767 1170 1831 qui
1196 1765 1439 1812 laboratis3.
1465 1785 1487 1808 »

115 1840 303 1904 Propter
325 1842 434 1905 quid
457 1853 598 1888 autem
623 1851 751 1889 vocat
770 1878 780 1898 ,
809 1840 889 1886 nisi
917 1839 1037 1904 quod
1068 1837 1200 1902 paulo
1221 1846 1321 1900 post
1343 1835 1450 1882 dicit
1473 1852 1486 1881 z

117 1931 138 1953 «
164 1912 219 1958 Et
236 1911 461 1959 invenietis
478 1913 668 1978 requiem
691 1912 917 1959 animabus
936 1910 1097 1958 vestris.
1124 1931 1143 1951 >2
1163 1906 1352 1964 Quando
1372 1905 1490 1954 istud

117 1981 196 2027 crit
211 2019 223 2039 ‚
251 1982 330 2028 nisi
349 1983 525 2047 quando
543 1983 772 2046 corruptio
794 1998 1028 2046 corporum
1046 2017 1056 2036 ‚
1081 1988 1181 2043 quae
1199 1994 1316 2024 nunc
1337 1995 1492 2038 aggra-

119 2063 193 2099 vat
232 2054 418 2111 animas,
447 2072 537 2100 non
568 2055 681 2100 erit?
707 2054 836 2099 Nunc
872 2069 973 2100 vero
1010 2051 1212 2097 laborant
1251 2064 1489 2112 pauperes,

121 2122 325 2170 laborant
353 2124 507 2171 divites
522 2163 532 2181 ,
564 2124 768 2171 laborant
786 2124 914 2183 justi,
947 2122 1152 2168 laborant
1175 2119 1341 2183 iniqui,
1364 2118 1495 2165 labo-

122 2205 221 2240 rant
238 2194 408 2256 magni,
430 2195 634 2241 laborant
656 2194 834 2259 pusilli,
863 2212 885 2240 a
906 2192 975 2239 die
997 2192 1132 2239 exitus
1152 2189 1206 2236 de
1227 2200 1376 2237 ventre
1396 2206 1496 2235 ma·-

123 2264 201 2310 tris
216 2282 390 2321 eorum,
414 2283 548 2330 usque
565 2266 609 2312 in
628 2265 741 2312 diem
763 2263 1026 2328 sepulturae
1014 2280 1059 2309 m
1081 2272 1260 2308 matrem
1279 2259 1490 2306 omnium.

190 2337 298 2382 'lam
321 2338 488 2400 quippe
511 2336 748 2397 malignum
774 2347 834 2381 est
860 2336 943 2381 hoc
970 2333 1210 2388 saeculum,
1235 2341 1282 2377 ut
1304 2329 1384 2376 nisi
1408 2330 1498 2375 exi-

127 2417 217 2454 tum
234 2408 340 2454 hinc
361 2407 488 2454 fuerit
505 2411 751 2472 ‚promissa
776 2406 942 2470 lequies
965 2404 1090 2450 nobis
1111 2402 1253 2449 adesse
1272 2418 1360 2447 non
1387 2417 1495 2463 pos-

128 2477 240 2524 sit4.
229 2496 239 2506 ·
262 2479 458 2543 quamvis
483 2495 561 2542 per
583 2477 989 2542 praevaricationem
1011 2474 1141 2539 primi
1167 2471 1355 2519 hominis
1371 2471 1499 2518 libor

179 2577 505 2622 ¹sap.1x,15.—2
523 2577 638 2611 ΜΗΙΙ]
663 2574 972 2617 x111‚22.—·3.1d
992 2587 1038 2617 xi,
1059 2579 1091 2611 8.
1111 2571 1307 2618 —4Lupus
1327 2572 1451 2606 F.errar
1466 2569 1500 2605 in

129 2634 254 2667 coneum
275 2639 379 2677 quest,
398 2644 429 2666 2.
453 2632 492 2664 dc
512 2631 581 2664 Lib.
602 2631 706 2665 Arbit-
