1863 3262
159 256 316 287 OPERIS
351 252 611 286 IMPERFECTI
649 252 826 284 CONTRA
860 252 1108 294 JHLIANUM,
1148 255 1235 286 LIB.
1278 256 1351 286 111.
1400 259 1477 288 111

113 333 345 386 peccatum
379 337 490 383 opus
525 318 676 363 liberae
708 317 943 363 voluntatis
984 318 1131 364 doceri
1173 321 1367 367 naturale
1401 339 1488 368 non

115 409 238 457 posse
257 429 269 448 ,
298 402 339 437 et
361 387 579 454 quidquid
595 386 745 432 fuisset
771 387 966 433 naturale
984 425 994 444 ‚
1015 400 1245 451 peccatum
1279 408 1363 437 csse
1400 409 1489 438 non

114 480 253 528 Posse,
270 483 290 503 »
315 459 436 518 Quid
454 470 493 505 te
516 459 603 504 hoc
621 457 817 518 adiuvat,
838 469 879 503 θῖ
897 458 1120 522 quomodo
1141 477 1229 506 non
1248 463 1382 522 magis
1400 480 1491 509 ma-

117 533 266 597 gisque
297 531 510 578 suffocat?
550 528 779 592 Numquid
815 529 927 574 enim
957 539 1079 592 potes
1103 529 1245 576 dicere
1268 569 1279 588 ‚
1310 532 1491 580 fatuita-

117 614 204 649 tem
235 601 474 649 naturalem
511 617 596 646 esse
626 616 715 646 non
742 602 897 664 posse?
937 610 1020 645 stat
1051 618 1150 660 ergo
1187 601 1390 650 adversus
1420 616 1458 651 te
1479 643 1490 662 ‚

118 673 239 737 quod
259 674 304 719 in
325 672 454 719 simili
476 670 805 718 ratiocinatione
822 671 1016 734 primum
1035 672 1182 734 posuit
1202 673 1491 734 Mauichaeus,

118 744 326 808 quoniam
359 754 420 789 est
455 741 665 788 naturalis
702 740 876 788 fatuitas
911 760 921 787 :
961 742 1032 787 cui
1062 741 1180 789 velut
1212 743 1496 792 fundamento

119 824 275 860 caetera
296 817 387 874 ers
417 813 578 877 putasti
598 822 910 875 consequenter
927 823 1134 869 astructa,
1164 830 1298 879 usque
1325 816 1379 862 ad
1401 817 1498 862 cul-

120 901 221 931 men
236 885 312 931 ubi
336 884 461 938 dicit,
483 883 568 930 tale
587 883 816 929 hominum
837 900 969 944 genus
986 884 1280 948 reputandum
1305 887 1500 952 principi

124 955 417 1002 tenebrarum.

190 1027 278 1072 Nos
296 1035 438 1071 autem
457 1024 572 1088 prim
581 1024 777 1086 umjllud
792 1024 1127 1071 fundamentum
1141 1029 1176 1086 ej
1185 1043 1232 1072 us
1248 1028 1496 1086 evertimus,

123 1096 203 1162 qui
229 1095 470 1143 naturalem
502 1095 744 1141 fatuitatem
769 1095 865 1141 ideo
894 1096 1106 1152 dicimus,
1133 1097 1236 1160 quia
1265 1110 1504 1145 nascuntur

125 1167 325 1214 homines
346 1166 454 1212 fatui
477 1183 488 1211 :
510 1183 556 1211 ex
572 1165 797 1211 accidente
815 1166 980 1212 scilicet
1002 1167 1108 1212 vitio
1124 1203 1135 1223 ,
1164 1184 1211 1212 ex
1236 1185 1324 1231 quo
1347 1169 1506 1229 hujus-

126 1237 247 1284 modi
271 1237 392 1297 origo
413 1235 566 1282 merito
587 1236 849 1292 traheretur,
876 1253 964 1281 non
987 1236 1089 1299 quia
1103 1254 1240 1299 prava
1262 1249 1323 1283 est
1346 1240 1505 1301 primi-

128 1318 198 1354 tus
220 1308 418 1354 humana
442 1306 641 1352 instituta
670 1317 826 1352 natura
846 1343 856 1362 ‚
888 1307 1000 1351 sicut
1024 1306 1182 1369 desipit
1213 1309 1500 1357 Manichaeus.

131 1380 195 1425 Ac
208 1396 289 1442 per
312 1377 400 1424 hoe
416 1414 428 1434 ,
451 1377 583 1423 etiam
606 1376 726 1440 quod
742 1387 1053 1440 consequenter
1072 1376 1268 1438 adjungit
1284 1416 1295 1436 ‚
1313 1380 1509 1426 camdem

128 1449 296 1496 fatuam
318 1466 404 1495 esse
424 1459 652 1504 naturam3
676 1465 752 1494 nos
784 1458 967 1511 propter
988 1447 1143 1495 Vitium
1162 1486 1173 1505 ‚
1203 1466 1301 1495 cum
1322 1467 1409 1514 quo
1428 1468 1509 1496 na-

131 1530 202 1566 tus
218 1530 280 1565 est
297 1519 444 1566 fatuus
473 1519 609 1565 homo
625 1555 636 1576 ‚
665 1536 754 1565 non
777 1530 960 1583 propter
984 1518 1104 1582 quod
1126 1519 1171 1564 in
1201 1519 1277 1565 illo
1296 1532 1357 1567 est
1376 1522 1509 1586 opifi-

133 1590 251 1637 cium
269 1590 507 1637 conditoris
523 1590 634 1636 boni
652 1627 663 1647 ‚
687 1607 838 1637 verum
862 1607 947 1636 esse
964 1589 1258 1638 concedimus.
1290 1593 1427 1638 Natus
1451 1603 1514 1638 est

134 1663 248 1709 enim
272 1661 444 1719 fatuus,
471 1661 696 1708 accidente
724 1661 857 1718 viti03
890 1661 1026 1707 homo
1055 1672 1199 1708 autem
1222 1674 1391 1709 creatus
1418 1675 1508 1720 est,

135 1742 344 1797 operante
367 1733 473 1779 Deo.
499 1731 666 1778 Deinde
683 1732 804 1797 quod
829 1731 976 1789 addit,
999 1731 1133 1778 fatuae
1154 1744 1308 1801 autem-
1323 1734 1383 1780 rei
1403 1751 1512 1780 auc-

136 1813 274 1848 torem
288 1819 377 1848 non
395 1819 482 1848 esse
497 1802 737 1866 sapientem
756 1839 767 1859 ‚
797 1813 844 1848 ut
869 1819 933 1849 res
954 1802 1050 1866 ipsa
1068 1801 1203 1848 homo
1222 1803 1511 1864 intelligatur3

137 1890 227 1920 non
251 1890 336 1919 esse
358 1890 626 1937 consequens
662 1873 862 1920 dicimus.
892 1875 998 1933 Ejus
1028 1873 1195 1938 quippe
1222 1874 1413 1921 hominis
1441 1875 1517 1938 qui

139 1943 284 1990 fatuus
312 1954 439 1990 natus
460 1954 548 2000 est,
576 1945 718 1989 Deum
747 1943 958 2000 dicimus,
984 1945 1184 2008 quamvis
1208 1962 1297 1991 non
1322 1945 1520 1991 dicamus

142 2013 278 2078 ipsius
303 2013 512 2060 fatuitatis
529 2050 540 2070 ‚
571 2023 808 2060 auctorem.
835 2015 947 2070 Quae
968 2012 1143 2060 fatuitas
1165 2032 1254 2060 non
1274 2026 1337 2061 est
1363 2027 1518 2062 natura

145 2095 275 2148 atque
307 2084 578 2140 substantia,
605 2101 706 2148 quae
730 2101 819 2130 non
849 2084 1042 2130 nascitur
1077 2084 1159 2130 nisi
1190 2097 1361 2132 creante
1396 2090 1516 2142 Dco3

145 2154 219 2201 sed
239 2154 431 2216 ejusdem
463 2165 631 2200 naturae
657 2154 840 2211 vitium,
879 2153 998 2218 quod
1027 2154 1187 2201 accidit
1210 2155 1373 2203 sinente
1397 2158 1486 2203 Deo
1508 2175 1518 2202 :

143 2228 261 2285 justo
286 2235 431 2270 autern
448 2223 619 2284 judicio
645 2224 785 2270 Deum
806 2224 866 2270 ita
890 2224 1047 2281 sinere,
1072 2241 1161 2270 non
1177 2226 1328 2289 utique
1342 2227 1523 2274 dubita-

146 2312 256 2342 mus,
280 2295 346 2340 Ita
362 2294 626 2340 destruimus
639 2305 680 2340 et
693 2295 964 2341 Manichaeos
979 2294 1113 2341 malos
1133 2296 1272 2342 ruinae
1287 2314 1376 2344 suae
1390 2309 1526 2344 strue„

154 2375 264 2412 tores
280 2402 291 2422 ‚
319 2376 361 2411 et
384 2365 640 2426 Pelagianos
660 2365 1011 2412 Manichaeorum
1031 2366 1173 2412 fatuos
1193 2367 1424 2428 adjutores,

220 2437 377 2483 CLXI.
408 2437 514 2483 JUL.
547 2457 568 2477 «
593 2436 754 2482 Primae
780 2436 913 2496 igitur
935 2436 1202 2484 definitionis
1225 2456 1394 2496 eversu,
1430 2439 1529 2486 cul-

155 2507 274 2554 mina
291 2510 382 2567 eJus
398 2506 443 2552 in
467 2506 605 2553 solum
621 2523 783 2553 cuneus
803 2507 981 2553 rationis
996 2508 1165 2557 effudit.
1192 2509 1229 2566 Q
1238 2509 1311 2555 uid
1336 2510 1466 2571 igitur
1481 2510 1534 2557 de

156 2588 196 2625 te
216 2595 362 2643 speras
376 2598 388 2633 3
408 2580 534 2638 cujus
555 2576 636 2623 tria
652 2577 712 2624 ita
726 2577 885 2624 suntin
902 2577 1076 2624 lubrico
1091 2614 1103 2635 ,
1120 2578 1231 2627 sicut
1244 2578 1358 2627 illius
1373 2597 1505 2627 unum
1518 2584 1536 2627 Ξ)
