1824 3236
175 273 332 304 OPERIS
369 271 631 303 lMPEnFECTI
667 270 839 302 CONTRA
875 271 1124 312 JULIANUM,
1165 272 1253 302 Ltss.
1296 273 1337 302 V.
1411 257 1501 320 347

124 338 292 386 arboris
315 355 386 384 eos
400 336 552 392 foetus,
573 336 648 399 qui
670 338 908 395 conjugum
929 337 1233 383 commixtione
1250 348 1505 384 nascuntur.

124 408 210 456 Sed
227 408 333 472 quia
364 407 472 454 hinc
510 408 679 453 ratione
702 406 1046 452 manifestissima
1068 408 1263 454 exclusus
1287 426 1347 464 es,
1386 419 1428 454 et
1465 426 1512 457 ex

123 479 331 526 adulteris
354 479 468 524 enim
487 477 592 523 tales
621 477 754 524 foetus
779 478 1008 523 oriuntur:
1033 477 1087 523 ad
1124 489 1325 525 naturam
1348 480 1511 542 putasti

125 568 212 598 esse
228 549 503 611 fugiendum,
526 549 573 594 in
590 552 714 609 cujus
748 548 977 595 altitudine
1000 549 1217 603 latitares;
1240 551 1293 596 de
1315 568 1403 614 qua
1423 569 1512 597 non

125 621 297 681 agebaS,
319 619 497 682 quando
520 630 703 683 propter
725 619 937 665 connubii
964 620 1132 668 bonum
1147 620 1400 684 fructusque
1419 626 1511 682 ejus

124 691 263 737 bonos
276 689 606 736 similitudinem
627 689 794 735 arboris
809 690 1067 750 evangelicae
1080 706 1223 736 caecus
1246 691 1503 738 adhibebas,

124 759 315 807 Defende
336 777 436 820 ergo
456 770 658 806 naturam
676 771 831 807 contra
854 759 1060 820 originale
1078 771 1308 822 peccatum
1338 778 1349 805 ι
1375 760 1510 806 relin-

125 847 210 894 que
232 830 454 890 conjugia‚
479 830 618 893 ipsam
642 829 715 876 dic
751 830 912 876 bonam
947 830 1147 876 arborem
1164 868 1175 887 ,
1200 831 1303 894 quia
1336 831 1423 876 sive
1459 830 1512 876 de

126 901 356 960 conjugiis,
385 900 474 946 sive
508 899 562 945 de
595 899 836 955 adulteriis,
859 900 953 964 ipsa
991 900 1127 960 gignit
1161 900 1378 957 homines3
1404 917 1513 964 quos

125 970 223 1019 ideo
243 970 353 1017 dicis
366 969 535 1018 fructus
554 969 696 1016 bonos
715 970 882 1016 arboris
904 971 1054 1026 honre,
1075 988 1127 1016 ne
1142 971 1329 1034 aliquem
1345 982 1512 1017 reatum

126 1059 174 1089 ex
200 1041 362 1101 origine
395 1040 634 1104 depravata
658 1041 894 1087 credantur
919 1043 1191 1101 generatione
1216 1043 1387 1088 traxisse
1403 1079 1413 1094 ,
1443 1058 1514 1087 re-

128 1110 400 1172 generatione
414 1109 700 1165 solvendum;
724 1128 776 1157 ne
811 1111 1032 1171 indigeant
1051 1111 1279 1167 salvatore,
1300 1129 1354 1157 ne
1376 1112 1421 1157 in
1445 1128 1514 1157 re-

128 1181 358 1229 missione1
377 1192 659 1245 peccatorum
683 1181 779 1228 fuso
794 1183 1000 1242 sanguine
1020 1182 1303 1230 redimantur.
1326 1185 1413 1242 Age
1437 1183 1516 1230 ista

129 1263 179 1301 ut
198 1252 477 1302 detestandus
493 1252 726 1299 haereticus
748 1270 758 1297 :
784 1253 919 1316 imple
945 1253 1196 1316 paradisum
1220 1254 1299 1298 Dei
1316 1290 1326 1303 ,
1351 1253 1516 1298 etiamsi

128 1340 257 1370 nemo
280 1333 518 1386 peccasset,
547 1322 809 1368 libidinibus
844 1324 1277 1386 concupiscentium,
1312 1324 1516 1369 certami—

130 1394 262 1442 nibus
276 1404 429 1442 contra
447 1392 653 1441 libidines
674 1392 999 1450 dimicantium,
1028 1394 1253 1440 doloribus
1265 1396 1517 1458 parturien-

131 1467 261 1522 tium,
279 1465 456 1512 ssetibus
467 1465 754 1525 vagientium,
773 1465 938 1511 morbis
952 1465 1277 1528 languentium,
1290 1466 1517 1512 funeribus

129 1536 409 1583 morientium
429 1572 440 1592 ‚
471 1551 659 1581 moerore
683 1535 941 1594 lugentium.
976 1536 1048 1581 Sic
1073 1553 1166 1595 age,
1189 1537 1275 1582 hoc
1298 1547 1337 1582 te
1356 1536 1480 1582 decet
1502 1554 1513 1581 :

131 1606 236 1653 tales
264 1606 398 1663 enim,
419 1617 461 1652 te
483 1616 683 1660 auctore,
711 1607 1040 1669 subsequuntur
1060 1623 1208 1669 poenae
1234 1609 1372 1653 bonos
1395 1607 1519 1653 fruc-

130 1687 200 1723 tus
215 1676 384 1723 arboris
405 1676 554 1733 bonae,
575 1687 616 1723 et
635 1675 858 1722 insinuant
875 1675 1124 1740 paradisum
1145 1676 1420 1733 deliciarum,
1443 1677 1515 1723 scd

134 1747 486 1807 Pelagianorum.

197 1818 316 1874 Quin
352 1818 484 1864 etiam
527 1834 667 1863 meam
706 1817 1047 1880 disputationem
1071 1817 1327 1864 dialecticus
1367 1830 1518 1865 acutus

133 1888 304 1944 irrides,
329 1888 478 1933 dicens
496 1905 509 1933 ε
537 1908 558 1930 α
575 1888 713 1934 Unam
733 1888 1018 1952 eamdemque
1044 1905 1153 1943 rem,
1174 1899 1372 1934 naturam
1393 1890 1516 1935 vide-

132 1959 235 2006 licet
249 1959 511 2014 humanam,
535 1960 702 2017 magnis
720 1957 914 2004 extulisse
937 1976 1002 2003 me
1020 1958 1242 2014 laudibus,
1262 1958 1334 2005 sed
1348 1959 1522 2019 majori-

133 2029 217 2076 bus
235 2027 471 2075 maculasse
485 2028 761 2076 criminibus,
785 2049 807 2072 »
833 2029 924 2089 Ego
945 2045 1046 2074 vero
1066 2045 1154 2074 non
1176 2028 1443 2075 Aristotelem
1457 2029 1525 2075 vel

137 2099 428 2162 Chrisippum
446 2135 458 2155 ,
496 2098 636 2144 multo
663 2100 807 2145 minus
833 2116 995 2144 vanum
1023 2115 1126 2144 cum
1158 2115 1233 2144 sua
1256 2099 1519 2163 loquacitate

134 2172 159 2216 J
167 2171 362 2218 ulianum
381 2207 392 2226 ‚
433 2170 688 2230 magistrum
709 2170 902 2217 delector
926 2170 1119 2223 habere3
1163 2169 1236 2216 sed
1264 2171 1489 2217 Christum
1505 2208 1516 2228 ,

136 2242 214 2305 qui
234 2240 429 2305 profecto
460 2240 542 2288 nisi
563 2251 719 2288 natura
754 2241 951 2287 humana
974 2257 1182 2301 magnum
1205 2252 1311 2287 esset
1333 2242 1519 2298 bonum,

139 2330 230 2360 non
257 2328 338 2375 pro
372 2310 445 2356 illa
468 2311 604 2357 homo
646 2313 785 2368 fieret,
830 2329 932 2358 cum
955 2315 1074 2357 Deus
1098 2322 1232 2365 esset3
1261 2311 1343 2357 nisi
1367 2329 1524 2373 magno

136 2381 308 2448 peccati
330 2380 446 2428 malo
468 2393 641 2429 mortua
657 2393 782 2440 esset,
812 2399 900 2429 non
919 2399 1000 2446 pro
1027 2381 1102 2427 illa
1130 2392 1398 2439 moreretur,
1422 2400 1523 2430 cum

137 2455 228 2500 sine
255 2463 438 2517 peccato
471 2453 565 2517 ipse
588 2454 787 2502 venisset.
825 2465 869 2501 et
894 2453 1129 2501 mansisset.
1160 2453 1328 2500 Rursus
1360 2464 1520 2508 tamen,

138 2524 262 2590 quasi
278 2541 370 2573 non
395 2524 476 2570 tibi
494 2534 652 2572 natura
665 2525 861 2576 humana
875 2524 1080 2583 sufficiat,
1100 2539 1202 2589 quae
1219 2523 1317 2572 talis
1335 2523 1388 2571 de
1403 2524 1526 2571 adul-

189 2608 201 2633 Ι
220 2611 316 2642 Ferte
334 2606 368 2641 in
379 2606 614 2643 remissionem.
