1824 3236
186 297 343 329 ommis
379 296 641 327 IMPERFECTI
678 297 853 327 CONTRA
889 298 1136 340 autunum,
1177 302 1263 334 mn.
1307 305 1370 333 vi.
1418 289 1510 352 467

137 379 310 430 quoque
324 378 496 408 mecum
514 361 693 406 forsitan
707 361 843 406 dicis:
870 363 977 425 quid
1000 381 1100 411 vero
1123 367 1160 412 ei
1179 367 1436 431 respondeas
1459 369 1512 415 de

136 446 273 482 morte
296 432 490 495 corporis
506 431 619 477 etde
642 432 992 494 concupiscentia
1016 437 1174 492 carnis,
1201 439 1438 486 secundum
1465 457 1512 488 ea

134 523 235 571 quae
249 521 366 550 nunc
384 502 464 548 tibi
492 518 568 547 nos
587 501 910 565 respondimus,
936 521 1099 568 quaero.
1133 508 1211 553 His
1233 510 1350 554 0111111
1374 511 1510 556 1113111-

132 574 367 623 festissimis
384 573 514 618 rebus
527 582 727 635 apparet,
749 571 877 619 aliam
891 572 1021 620 fuisse
1035 576 1332 624 conditionem
1353 581 1514 643 primo-

136 665 232 694 rum
257 644 506 700 hominum,
535 643 677 707 quide
694 643 812 690 nulla
830 655 1066 708 parentum
1088 647 1223 712 stirpe
1238 660 1338 696 sunt
1357 651 1511 711 genitiz

135 718 260 765 aliam
285 731 388 762 vero
411 731 578 772 eorum,
608 714 684 779 qui
729 714 787 760 ita
811 726 1017 762 creantur
1043 734 1065 761 a
1092 717 1201 775 Deo,
1226 729 1275 765 ut
1293 720 1422 767 etiam
1458 721 1514 769 ab

135 788 388 837 hominibus
411 797 697 851 procreentur
723 803 735 832 1
759 786 814 832 ab
840 786 914 833 illo
934 787 1049 835 enim
1071 790 1250 837 modum
1279 791 1518 839 institutio-

135 861 199 906 nis
213 876 302 906 suae
328 858 627 922 accipiuntab
646 857 736 903 istis
762 857 968 904 meritum
991 859 1170 920 originis
1193 861 1381 920 ducunt,
1411 881 1520 910 con-

134 930 440 977 formationem
456 945 577 974 suam
597 927 802 974 debentes
833 929 1030 992 opificio,
1060 930 1373 991 obligationem
1394 933 1522 994 judi—

135 1001 202 1047 cio
223 1039 233 1058 ‚
262 999 561 1046 liberationem
600 998 815 1044 beneficio
853 999 1116 1046 Conditoris.
1165 1001 1366 1058 Quorum
1404 1003 1519 1051 mala

136 1089 236 1118 cum
249 1072 411 1135 quibus
429 1080 687 1123 nascuntur,
707 1070 924 1116 intuentes
941 1070 1197 1128 Manichaei,
1219 1072 1409 1120 hominis
1427 1074 1522 1137 opi-

136 1144 261 1189 ficem
287 1141 453 1188 malum
473 1151 690 1187 conantur
705 1140 929 1198 inducere,
963 1145 1088 1202 cujus
1111 1143 1189 1206 (ut
1211 1143 1265 1190 de
1291 1145 1431 1191 anima
1454 1156 1521 1190 ta-

135 1231 272 1272 ceam,
301 1230 402 1277 quae
420 1212 560 1259 carnis
593 1222 656 1257 est
678 1211 808 1272 vita),
844 1213 984 1258 Deum
1022 1230 1110 1259 esse
1134 1213 1337 1277 opificem
1374 1232 1519 1270 suum,

137 1303 159 1331 a
186 1302 273 1349 quo
297 1295 398 1330 sunt
419 1283 566 1330 omnia
599 1282 715 1328 bona
739 1283 826 1329 sive
851 1283 1042 1331 coelestia
1061 1284 1149 1331 sive
1174 1295 1358 1342 terrena,
1382 1287 1523 1333 carnis

71 1417 79 1424 ἱ
134 1357 271 1420 1Ρ51115
288 1371 503 1419 compago
523 1364 706 1400 testatur
724 1373 736 1407 ;
756 1353 877 1417 quod
897 1354 980 1400 tale
998 1355 1165 1401 bonum
1180 1366 1259 1411 est,
1286 1366 1332 1402 ut
1351 1355 1405 1401 de
1423 1373 1525 1402 con-

136 1426 285 1473 cordia
310 1426 609 1471 membrorum
643 1426 735 1484 ejus
753 1424 906 1470 beatus
931 1425 1166 1488 Apostolus
1190 1426 1521 1473 similitudinem

134 1508 319 1544 sumeret
336 1496 373 1553 ¹,
394 1496 448 1542 ad
465 1495 638 1542 laudem
659 1496 933 1560 praecipuam
947 1496 1190 1553 charitatis,
1209 1500 1334 1557 cujus
1353 1497 1466 1544 inter
1478 1515 1520 1544 se

134 1569 322 1634 pacifico
354 1566 531 1614 vinculo
567 1567 673 1613 boni
693 1565 841 1612 fideles
880 1577 1086 1631 tanquam
1120 1567 1286 1614 Christi
1325 1568 1521 1615 membra

135 1649 386 1687 nectuntur.
419 1639 485 1683 Ita
504 1637 556 1683 fit
582 1647 632 1683 ut
649 1646 692 1683 et
712 1636 808 1683 illos
828 1637 994 1700 primos
1018 1637 1108 1684 sine
1147 1638 1252 1684 vitio
1284 1637 1442 1694 factos,
1480 1649 1523 1685 et

134 1720 328 1774 posteros
340 1724 489 1755 eorum
503 1723 609 1753 cum.
624 1705 826 1767 originali
851 1706 959 1754 vitio
985 1717 1126 1764 natos,
1148 1719 1332 1772 propter
1349 1709 1523 1756 eviden-

135 1783 350 1829 tissimum
368 1789 536 1826 naturae
564 1778 731 1825 bonum
763 1795 907 1825 creare
930 1795 1015 1825 11011
1037 1779 1229 1842 potuerit
1272 1780 1355 1826 11151
1378 1780 1520 1828 11011115

135 1851 350 1899 conditor.

199 1923 294 1970 XV.
317 1922 342 1967 J
351 1938 420 1968 ur„
446 1941 466 1963 α
495 1918 581 1966 Sed
607 1936 661 1965 110
681 1918 809 1965 11111115
841 1919 1035 1982 primum
1072 1930 1242 1982 partein
1269 1921 1516 1969 certaminis

135 2009 380 2055 urgeamus,
405 1990 624 2055 patiamur
654 2006 860 2053 processu
889 1989 1106 2053 opinionis
1131 2001 1171 2036 te
1213 1991 1377 2037 bonam
1408 1991 1517 2040 Adae

135 2066 325 2130 probare
344 2073 560 2109 naturam.
597 2060 714 2107 Dicis
733 2060 931 2124 profecto
950 2079 960 2106 :
991 2065 1110 2108 Deus
1125 2065 1268 2121 justus
1290 2062 1425 2124 legem
1445 2064 1518 2111 de-

136 2136 321 2184 votionis
349 2132 518 2179 homini
534 2148 623 2178 non
643 2141 842 2196 poneret,
864 2132 895 2178 si
915 2149 1013 2178 eum
1030 2143 1172 2178 nosset
1186 2133 1280 2196 pati
1299 2135 1514 2196 peccandi

135 2207 426 2254 necessitatem
454 2222 464 2249 :
495 2203 598 2266 quia
621 2203 655 2248 si
674 2203 887 2263 justitiam
911 2203 1147 2250 voluntatis
1162 2204 1343 2264 exigeret
1360 2205 1416 2250 ab
1440 2223 1508 2263 eo,

133 2295 264 2343 quem
294 2275 421 2321 malae
438 2284 606 2319 naturae
625 2290 712 2319 esse
737 2284 1005 2327 nosset3non
1031 2274 1156 2319 illum
1177 2291 1277 2320 cum
1298 2277 1512 2338 [113011311-

136 2351 345 2404 cubatur,
373 2363 492 2392 reum
522 2345 752 2404 arguebat,
791 2344 863 2390 sed
889 2362 931 2391 se
965 2345 1195 2391 inimicum
1226 2363 1312 2391 esse
1329 2347 1512 2406 justitiae

136 2418 412 2485 publicabat.
457 2416 608 2461 Posuit
646 2425 787 2461 autem
824 2415 940 2461 Deus
965 2419 1108 2476 justus
1147 2415 1283 2476 legem
1317 2416 1510 2477 1101111111,

136 2507 265 2556 quem
290 2489 484 2535 ulturum
521 2503 581 2543 se,
622 2486 657 2531 si
692 2485 840 2532 fuisset
883 2487 1225 2550 praevaricatus,
1253 2488 1506 2550 spopondit.

138 2565 319 2609 Constat
330 2575 430 2620 ergo
443 2573 544 2603 eum
563 2557 728 2604 bonum
746 2568 919 2615 natura,
943 2575 1030 2604 non
1051 2557 1240 2621 potuisse
1271 2557 1410 2615 aliter,
1435 2561 1515 2609 nisi

187 2645 198 2667 Ι
220 2655 232 2676 1
252 2644 330 2676 Cor.
347 2652 408 2680 xit,
431 2651 483 2673 12.

1309 2697 1385 2740 30.
