1863 3262
306 240 398 295 240
713 255 746 284 s.
792 253 1033 285 Arcusrml
1069 253 1269 286 EPISCOPI

304 336 394 365 non
412 336 535 382 posse
565 319 653 365 sine
687 329 919 383 parentum
952 321 1120 366 sexibus
1150 321 1306 366 foetum
1324 357 1335 376 ,
1374 331 1416 366 61;
1438 337 1524 368 esse
1554 339 1678 385 posse

305 390 395 434 sine
421 400 651 452 parentum
683 389 850 435 sexibus
882 389 1054 437 foetum.
1099 390 1212 436 lllud
1246 390 1360 435 enim
1387 390 1553 437 dictum
1591 403 1680 451 est,

303 460 407 522 quia
435 459 524 504 sine
542 460 611 505 his
640 476 728 505 nou
762 470 905 523 potest
931 461 1133 507 existere:
1165 462 1250 506 hoc
1276 471 1416 507 autem
1434 499 1443 517 ,
1469 463 1571 525 quia
1590 464 1680 509 sine

303 529 373 574 his
403 540 545 593 potest
581 547 766 576 manere.
805 531 918 575 Bene
952 531 1129 594 quidem
1170 532 1260 595 ipse
1299 549 1385 577 uno
1419 532 1534 589 loco,
1562 544 1604 578 et
1627 533 1681 579 de

304 611 488 662 peccato
505 638 516 657 ‚
541 610 582 646 et
607 600 660 645 de
678 600 790 646 foetu
806 600 979 646 locutus
1002 618 1044 646 es
1060 639 1071 657 ,
1100 601 1246 647 dicens
1268 639 1278 657 ‚
1307 624 1326 643 «
1346 603 1401 647 Ut
1428 619 1515 648 non
1539 614 1682 667 potest

303 688 391 716 esse
408 672 497 717 sine
513 671 681 717 sexibus
703 671 837 717 foetus
850 710 860 727 ‚
891 673 950 718 ita
968 690 1047 718 nec
1071 674 1160 718 sine
1177 673 1397 719 voluntate
1414 674 1638 721 delictum.
1659 696 1680 716 »

303 741 428 787 Sicut
447 759 547 802 ergo
567 742 847 803 intelligimus
864 743 1023 788 foetum
1043 743 1143 788 ideo
1161 743 1248 788 siue
1268 748 1496 806 parentum
1512 746 1681 790 sexibus

303 829 390 858 esse
413 830 499 858 non
519 831 643 877 posse
661 851 671 870 ,
695 814 798 878 quia
824 814 912 859 sine
931 814 1000 859 his
1023 830 1111 858 non
1136 824 1278 876 potest
1300 815 1473 860 existere
1492 853 1502 871 ,
1524 827 1573 861 ut
1595 816 1679 869 sit;

295 893 348 928 *et
371 884 468 929 ideo
503 884 591 929 sine
619 895 850 947 parentum
882 902 968 929 esse
999 884 1168 929 sexibus
1193 901 1341 947 posse,
1372 886 1474 949 quia
1507 887 1595 931 sine
1617 885 1686 931 his

304 964 447 1016 potest
483 970 682 1009 manere,
720 972 819 999 cum
849 959 942 1014 jam
976 955 1029 999 sit
1055 972 1064 998 :
1103 972 1182 1000 cur
1211 956 1378 1001 nonita
1404 956 1687 1016 intelligimus

308 1027 437 1071 etiam
463 1037 694 1088 peccatum
730 1037 772 1072 et
806 1028 895 1072 sine
919 1027 1143 1073 voluntate
1164 1045 1251 1073 esse
1286 1046 1373 1074 nou
1408 1047 1558 1093 posse,
1585 1031 1688 1093 quia

306 1097 395 1142 sine
417 1096 489 1142 illa
511 1114 596 1142 non
617 1108 760 1160 potest
785 1098 959 1143 existere
974 1136 984 1154 ,
1011 1109 1057 1144 ut
1082 1099 1159 1151 sit;
1188 1109 1229 1145 et
1249 1101 1338 1145 sine
1360 1101 1584 1146 voluntate
1601 1117 1687 1146 esse

308 1184 433 1230 posse
451 1205 461 1223 ,
487 1169 587 1230 quia
613 1169 702 1213 sine
726 1169 798 1214 illa
822 1180 963 1232 potest
987 1187 1158 1215 manere
1175 1207 1185 1226 ‚
1213 1188 1314 1216 cum
1330 1175 1421 1230 jam
1441 1171 1525 1217 sit?

378 1240 453 1284 CI.
492 1239 590 1286 Jt'L.
628 1261 648 1280 «
675 1240 782 1285 Vide
807 1258 907 1299 ergo
931 1258 1018 1303 quo
1039 1251 1109 1285 tua
1129 1242 1331 1287 acumina
1351 1241 1649 1304 pervehantur
1674 1258 1685 1285 ε

309 1309 568 1371 persuadere
593 1311 762 1356 conaris
778 1348 787 1366 7
819 1329 907 1356 rem
935 1311 1124 1374 aliquam
1146 1329 1224 1374 per
1242 1313 1329 1358 hoc
1358 1330 1445 1357 uon
1477 1329 1562 1358 esse
1579 1348 1589 1363 ,
1613 1329 1691 1375 per

311 1379 429 1442 quod
456 1391 598 1442 potest
621 1398 705 1426 esse
734 1400 743 1426 z

376 1452 495 1495 Am.
522 1451 642 1507 Quid
669 1452 782 1496 enim
804 1463 851 1497 tu
870 1489 880 1507 ,
915 1469 939 1497 0
965 1469 1118 1511 magne
1142 1451 1237 1507 ille,
1266 1452 1394 1497 etiam
1421 1463 1572 1498 contra
1590 1469 1692 1512 gra-

311 1522 416 1566 tiam
443 1521 549 1577 Dei,
584 1522 783 1568 defensor
806 1523 933 1568 liberi
958 1523 1157 1579 arbitrii,
1184 1523 1436 1582 negabis-ne
1460 1533 1693 1586 peceatum

315 1589 493 1654 aliquod
513 1608 592 1654 per
613 1592 799 1638 liberum
824 1593 1056 1638 arbitrium
1083 1610 1170 1638 non
1197 1609 1283 1638 esse
1300 1630 1310 1649 ‚
1335 1593 1453 1656 quod
1481 1610 1560 1657 per
1579 1593 1693 1639 libe-

311 1677 412 1706 rum
433 1662 663 1708 arbitrium
681 1674 823 1726 potest
845 1666 957 1708 esse?
984 1663 1051 1708 Fit
1076 1663 1190 1707 enim
1219 1674 1267 1708 ut
1285 1663 1338 1708 sit
1365 1674 1596 1726 peccatum
1617 1680 1696 1726 per

312 1732 502 1778 liberum
530 1733 762 1779 arbitrium
785 1772 796 1790 ‚
836 1751 936 1779 cum
961 1733 1095 1779 homo
1121 1745 1275 1796 peccat
1298 1734 1331 1779 si
1356 1734 1483 1788 velit3
1511 1745 1553 1778 et
1571 1735 1621 1779 fit
1648 1744 1697 1778 ut

315 1820 404 1848 non
441 1805 496 1849 sit
533 1816 766 1868 peccatum
807 1823 887 1869 per
923 1805 1111 1850 liberum
1139 1805 1368 1850 arbitrium
1388 1841 1399 1860 ‚
1430 1822 1531 1850 cum
1562 1805 1696 1850 homo

315 1891 404 1919 non
430 1886 583 1938 peccat
615 1877 648 1921 si
673 1877 796 1923 nolit.
830 1878 941 1922 Ecce
966 1876 1212 1921 invenimus
1234 1875 1400 1938 aliquid
1421 1913 1431 1931 ‚
1454 1887 1494 1920 et
1516 1876 1603 1921 hoc
1632 1876 1695 1940 ip·

317 1961 412 1990 sum
430 1945 484 1991 de
508 1963 596 2009 quo
620 1947 895 2010 disputamus
915 1986 925 2004 ,
956 1948 999 1993 id
1027 1958 1113 2003 est,
1139 1957 1370 2010 peccatum
1403 1964 1482 2010 per
1499 1947 1586 1992 hoc
1611 1965 1699 1992 non

318 2032 421 2070 esse,
445 2034 522 2079 per
535 2018 657 2080 quod
678 2029 817 2082 potest
836 2036 922 2065 esse
938 2057 948 2075 ,
972 2019 1015 2064 id
1034 2029 1096 2064 est
1110 2056 1121 2075 ,
1148 2035 1226 2082 per
1242 2017 1427 2062 liberum
1446 2017 1693 2064 arbitrium.

320 2085 440 2141 Quid
467 2097 554 2141 est,
599 2090 899 2135 contentiose?
925 2090 1134 2135 hucei-ne
1171 2105 1264 2133 mea
1295 2087 1496 2132 acumina
1539 2104 1699 2150 perve-

318 2155 511 2202 hentur?
538 2159 604 2203 An
632 2158 706 2204 hic
743 2169 816 2204 tua
856 2160 1023 2205 lumina
1060 2162 1194 2204 aciem
1235 2156 1556 2220 perdiderunt?
1599 2157 1702 2204 Noli

319 2243 404 2271 esse
429 2245 660 2292 praeceps:
695 2230 848 2275 melius
886 2241 948 2276 est
984 2228 1206 2275 attendere
1235 2227 1344 2291 quid
1384 2229 1532 2286 dicas,
1568 2245 1701 2292 quam

321 2298 582 2344 contendere
609 2310 657 2345 ut
681 2301 969 2347 contradicas,

388 2372 482 2416 CII.
517 2370 620 2417 JUL.
647 2393 665 2411 «
685 2371 736 2416 ld
754 2382 838 2428 est,
864 2381 1094 2435 peccatum
1114 2388 1193 2434 per
1211 2371 1298 2416 hoc
1319 2388 1405 2416 esse
1429 2370 1518 2416 sine
1542 2370 1703 2417 volun-

322 2449 427 2495 tate,
451 2457 529 2502 per
548 2441 669 2504 quod
692 2459 777 2487 non
792 2453 933 2506 potest
957 2460 1044 2488 esse
1066 2443 1155 2489 sine
1178 2443 1414 2489 voluntate.
1436 2463 1456 2483 n

393 2514 507 2557 Am.
542 2512 640 2557 Non
664 2530 763 2558 sane
787 2524 1014 2576 peccatum
1040 2532 1119 2577 per
1139 2514 1225 2560 hoc
1252 2525 1313 2560 est
1337 2514 1425 2559 sine
1450 2511 1674 2559 voluntate
1690 2548 1700 2566 ‚

323 2596 403 2643 per
440 2581 559 2643 quod
598 2600 683 2627 non
707 2594 849 2646 potest
885 2602 971 2631 esse
1009 2586 1097 2631 sine
1120 2586 1375 2632 voluntate:
1413 2584 1486 2631 sed
1527 2582 1706 2630 diversis
