1863 3262
310 239 400 299 248
713 257 746 289 s.
792 256 1034 290 Aucusrmi
1070 258 1271 290 Episcom

310 323 568 386 plerumque
594 324 812 370 contraria
841 325 1058 371 voluntati
1079 363 1089 382 ,
1127 342 1305 389 prorsus
1332 324 1584 389 insipienter
1606 325 1688 371 ab·

310 394 474 440 nuitur.
504 394 595 450 Qui
619 394 732 440 enim
758 412 799 440 se
822 395 969 441 volens
993 396 1103 442 mori
1122 396 1340 442 lethaliter
1356 397 1565 459 percutit,
1591 413 1690 442 mo-

308 465 419 511 ritur
442 465 518 511 etsi
535 465 659 512 nolit.
692 468 800 512 Item
818 467 894 530 qui
924 467 1069 513 volens
1097 467 1197 514 fecit
1224 479 1485 531 peccantum
1509 505 1519 523 ‚
1543 467 1692 513 nolens

307 536 444 582 habet
480 547 712 599 peccatum
732 557 743 591 ;
783 537 930 584 volens
968 538 1224 602 impudicus
1243 575 1253 594 ‚
1293 539 1441 585 nolens
1471 555 1569 584 reus
1593 556 1603 583 ε
1642 554 1692 583 60

306 608 475 672 quippe
497 607 668 654 nolente
688 619 918 672 peccatum
947 621 1112 665 manet,
1142 627 1229 673 quo
1247 609 1420 656 nolente
1445 627 1532 657 non
1548 610 1686 658 fieret.

306 681 371 725 Ac
394 696 474 742 per
497 680 603 737 1106,
632 691 674 726 et
698 699 783 726 non
803 691 946 744 potest
965 698 1051 727 esse
1072 680 1161 726 sine
1181 680 1404 726 voluntate
1432 691 1663 744 peccatum
1679 716 1690 736 ‚

306 749 411 812 quia
439 767 527 795 non
552 751 602 795 fit
626 751 707 796 nisi
727 751 953 797 voluntate
973 788 983 806 ,
1010 761 1050 796 et
1070 761 1213 814 potest
1238 768 1325 796 esse
1357 752 1447 797 sine
1473 751 1695 799 voluntate

307 831 557 883 peccatum,
575 821 678 885 quia
699 832 845 867 manet
869 822 999 867 etiam
1027 822 1115 866 sine
1140 821 1380 875 voluntate,
1398 820 1693 885 quodfactum

306 901 370 936 est
389 891 613 939 voluntate
635 911 645 938 ε
673 903 714 938 et
740 897 909 953 estjam
935 892 1161 937 necessitas
1180 891 1315 937 ctiam
1340 892 1429 937 sine
1450 892 1693 945 voluntate,

307 978 441 1023 quam
480 963 582 1008 fecit
613 963 816 1010 voluntas
851 965 942 1009 sine
976 963 1238 1009 necessitate.
1286 963 1398 1009 Nam
1444 974 1485 1008 et
1520 963 1592 1009 ille
1623 963 1698 1026 qui

309 1033 442 1090 dicit,
468 1034 605 1080 «Non
630 1035 749 1097 quod
771 1035 870 1080 volo
891 1052 970 1094 ago
987 1071 998 1090 ‚
1037 1046 1152 1080 certe
1179 1034 1419 1080 secundum
1446 1052 1521 1080 vos
1545 1051 1698 1080 neces-

312 1126 333 1146 »
350 1104 473 1151 sitate
499 1105 826 1151 consuetudinis
851 1105 1066 1168 premitur
1082 1105 1099 1134 1
1124 1123 1173 1151 ι»
1196 1105 1312 1151 hanc
1338 1116 1480 1151 autem
1511 1105 1700 1151 necessi-

311 1185 444 1221 tatem
464 1212 474 1230 ,
499 1193 552 1220 116
576 1176 762 1222 liberum
794 1176 997 1222 auferatis
1021 1177 1272 1230 arbitrium,
1301 1194 1399 1222 eum
1432 1177 1514 1222 sibi
1539 1177 1701 1222 volun-

312 1257 399 1292 tate
425 1247 571 1292 fecisse
591 1248 852 1294 contenditis
873 1266 884 1294 ε
909 1259 950 1293 et
970 1248 1053 1294 tale
1079 1248 1245 1312 aliquid
1269 1249 1315 1293 in
1336 1259 1489 1294 natura
1511 1248 1704 1295 humana

314 1317 482 1364 factum
508 1334 594 1362 esse
620 1334 706 1363 non
730 1318 921 1375 creditis,
951 1329 999 1365 ut
1028 1336 1073 1365 ex
1094 1319 1317 1365 voluntate
1342 1319 1472 1382 primi
1491 1319 1700 1375 hominis,

316 1387 370 1433 de
393 1404 482 1451 quo
501 1398 563 1433 est
581 1389 701 1448 origo
726 1389 909 1435 humani
937 1391 1118 1450 generis,
1147 1391 1268 1435 fieret
1290 1391 1517 1435 necessitas
1536 1388 1706 1452 peccati

318 1458 539 1520 originalis
563 1459 607 1504 in
628 1461 822 1523 posteris.
853 1463 968 1507 Ecce
1001 1460 1075 1506 illa
1100 1478 1200 1524 quae
1224 1460 1510 1524 impossibilia
1537 1476 1707 1523 propo-

319 1531 470 1585 nebas,
498 1530 542 1575 in
566 1530 608 1575 vi
629 1531 956 1578 consuetudinis
982 1531 1097 1578 facta
1118 1542 1220 1577 sunt
1242 1530 1484 1595 possibilia,
1502 1547 1600 1594 quae
1619 1547 1707 1576 11011

320 1599 480 1646 frustra
502 1600 620 1646 dicta
640 1612 701 1647 est
727 1620 749 1648 a
779 1602 1046 1666 quibusdam
1074 1602 1264 1649 secunda
1296 1613 1465 1648 natura.
1498 1603 1675 1647 Dixeras
1692 1638 1704 1657 ,

323 1693 344 1713 «
368 1672 457 1717 Nos
477 1671 708 1718 absurdius
738 1673 904 1736 aliquid
937 1673 1103 1730 dicere,
1126 1691 1258 1736 quain
1269 1674 1346 1738 qui
1371 1673 1514 1719 nivern
1539 1673 1707 1732 nigram

323 1759 409 1789 csse
434 1742 627 1799 dicebat,
649 1755 696 1790 ut
724 1755 953 1808 peccatum
981 1744 1277 1791 conditionem
1299 1761 1419 1790 suam
1445 1761 1522 1789 sua
1559 1742 1710 1789 condi-

325 1814 443 1860 tione
456 1814 629 1878 perdat‚
659 1827 700 1862 et
721 1817 776 1861 sit
793 1816 956 1881 absque
980 1817 1068 1863 1106
1087 1854 1098 1874 ,
1127 1817 1218 1862 sinc
1235 1833 1324 1881 quo
1347 1833 1435 1861 non
1465 1832 1589 1879 posse
1622 1831 1711 1860 esse

327 1887 556 1934 definitum
580 1900 655 1936 est.
679 1910 697 1930 n
721 1891 875 1936 Nonne
896 1890 1189 1937 conditionem
1216 1907 1336 1935 suam
1363 1907 1438 1934 sua
1458 1887 1712 1934 conditione

327 1959 501 2023 perdit,
539 1971 587 2006 ut
631 1978 706 2024 per
744 1961 831 2007 vim
860 1961 1188 2007 consuetudinis
1221 1962 1298 2006 fiat
1337 1960 1427 2006 sine
1451 1959 1674 2005 voluntate
1698 1995 1708 2010 ‚

330 2048 433 2076 cum
457 2032 728 2077 consuetudo
755 2050 843 2078 non
873 2031 990 2078 facta
1010 2033 1064 2078 sit
1086 2032 1168 2078 nisi
1195 2031 1451 2078 voluntate?
1481 2030 1635 2074 Nonne
1654 2029 1712 2074 rei

331 2101 410 2161 huj
420 2118 466 2147 us
485 2112 637 2147 natura
658 2102 876 2148 fructibus
893 2103 979 2148 suis
997 2105 1210 2162 negatur?
1235 2100 1591 2165 quandoquidem
1611 2116 1714 2145 con-

330 2173 515 2219 suetudo
541 2174 708 2220 fructus
732 2185 795 2220 est
812 2175 1288 2238 voluntatis‚quoniam
1310 2190 1355 2217 ex
1380 2171 1601 2218 voluntate
1620 2169 1715 2230 gig-

329 2247 471 2300 nitur;
494 2264 594 2310 quae
619 2257 759 2292 tamen
781 2246 826 2292 id
849 2246 970 2310 quod
994 2247 1102 2307 agit,
1119 2256 1247 2305 negat
1265 2262 1306 2290 se
1330 2260 1450 2304 agere
1469 2242 1708 2288 voluntate.

333 2318 453 2362 Dicis
469 2355 479 2373 ‚
511 2317 631 2380 quod
661 2338 680 2358 α
707 2320 991 2363 Contrarium
1012 2318 1065 2363 sit
1087 2318 1313 2362 necessitas
1337 2325 1379 2360 et
1402 2314 1607 2359 voluntas
1623 2349 1633 2369 ‚
1655 2312 1714 2357 ita

333 2399 382 2434 ut
415 2406 456 2433 se
497 2400 647 2433 mutua
685 2388 1015 2451 impugnatione
1040 2397 1298 2434 consumant
1325 2403 1335 2430 :
1362 2407 1380 2426 ›>
1411 2383 1514 2430 inde
1548 2400 1624 2428 nos
1651 2400 1714 2428 ar-

335 2474 484 2518 guens,
511 2459 630 2522 quod
672 2480 690 2500 α
714 2460 909 2505 Alterum
944 2459 1119 2504 alterius
1153 2458 1393 2503 subdamus
1418 2454 1588 2500 effectui
1606 2491 1617 2510 ‚
1644 2452 1715 2498 di-

334 2540 478 2574 centes
514 2530 809 2576 necessitatem
849 2529 902 2576 de
927 2528 1146 2576 fructibus
1180 2527 1418 2575 voiuntatis
1442 2535 1628 2571 exortam
1654 2541 1663 2569 :
1695 2545 1715 2564 »

386 2611 506 2646 Ι11011.
529 2625 586 2652 vii,
613 2617 662 2646 15.
