1863 3262
162 289 319 320 orfitus
358 286 617 320 invitm-ison
655 288 830 318 CONTRA
865 290 1110 335 astianum,
1150 293 1237 325 Llss.
1282 294 1351 326 111.
1402 297 1486 345 129

176 356 290 401 Auo.
327 352 554 417 Numquid
574 353 806 417 Apostolus
824 372 992 402 omnem
1011 359 1378 422 concupiscentiae
1394 379 1486 407 car·

111 423 221 470 nalis
254 441 379 470 usum
415 424 659 487 vituperat,
688 425 765 488 qui
786 425 927 472 dicit:
957 450 976 469 «
1001 429 1055 474 Et
1078 429 1109 474 si
1137 432 1351 494 acceperis
1377 449 1487 478 uxo-

111 515 132 536 »
159 511 248 540 rem
268 532 279 551 ‚
303 511 387 541 non
409 495 626 558 peccasti;
646 506 688 540 et
708 496 740 540 si
760 499 955 560 nupserit
974 499 1094 559 virgo
1110 537 1120 555 ‚
1143 517 1230 545 non
1250 503 1445 564 peccat1.
1466 526 1486 546 υ

110 565 225 625 Ergo
249 564 518 611 Manichaeus
536 565 645 629 quid
661 566 867 630 loquatur
887 570 1070 628 ignorat.
1103 571 1187 617 Sed
1211 589 1290 618 nec
1312 583 1356 619 tu
1381 575 1488 637 quid

108 634 299 699 loquaris
315 636 517 696 intelligis
533 673 544 693 ‚
568 637 643 700 qui
665 648 794 701 putas
812 638 931 685 aliud
950 641 1209 701 significasse
1232 643 1491 706 Apostolum

109 722 241 769 quam
266 706 407 752 carnis
429 707 829 771 concupiscentiam
857 726 867 754 ε
896 709 949 756 de
971 728 1059 774 qua
1084 712 1192 758 alius
1220 714 1456 776 Apostolus
1476 752 1486 771 ,

109 775 229 838 quod
254 794 341 822 non
363 777 417 823 sit
442 796 465 823 a
489 778 640 834 Patre,
666 778 739 824 sed
757 797 802 825 ex
822 780 988 827 mundo
1017 782 1100 835 sit,
1135 782 1271 828 dicit2
1295 803 1306 825 ε
1335 801 1422 848 qua
1445 797 1493 832 ut

109 863 209 892 caro
236 848 521 911 concupiscat
559 848 764 895 adversus
794 850 1023 914 spiritum,
1052 870 1099 898 ex
1131 853 1264 916 primi
1300 854 1492 902 hominis

106 917 467 980 praevaricatione
492 918 750 966 descendere
767 957 778 977 ,
808 920 1052 968 catholicus
1083 922 1239 969 doctus
1270 934 1311 969 et
1339 924 1493 972 doctor

108 998 150 1034 et
172 987 327 1033 didicit
348 988 394 1034 in
413 988 645 1035 Catholica
667 1001 708 1036 et
732 990 883 1037 docuit
898 990 930 1038 ³.

172 1059 453 1107 CLXXXVI.
489 1060 588 1108 JUL.
628 1083 647 1101 «
674 1061 808 1118 Quod
839 1073 984 1108 autem
1009 1063 1198 1111 multum
1223 1064 1279 1111 ad
1298 1064 1491 1114 distinc-

108 1129 268 1176 tionem
284 1130 395 1176 inter
424 1141 466 1176 te
499 1142 541 1176 et
574 1131 874 1177 Manicliaeum
911 1133 1142 1180 tenendam
1175 1135 1315 1182 valere
1346 1138 1492 1184 existi-

106 1202 252 1257 masti,
273 1212 321 1247 ut
335 1201 498 1248 diceres
510 1202 673 1247 bonam
690 1201 883 1264 quidem⁷
905 1203 978 1249 sed
997 1205 1240 1267 primorum
1258 1206 1490 1254 hominum

107 1280 277 1317 tantum
315 1271 477 1319 factam
519 1283 717 1318 naturam
734 1308 745 1327 ,
786 1290 956 1318 omnem
1000 1285 1144 1320 autem
1185 1275 1390 1340 deinceps
1412 1295 1491 1341 per

106 1343 503 1405 concupiscentiam
521 1342 649 1388 fuisse
667 1341 919 1387 subversam
945 1360 954 1387 ε
983 1344 1111 1389 etiam
1133 1345 1410 1393 Manichaeus
1425 1348 1488 1394 ita

106 1413 315 1462 disseruit,
349 1435 370 1455 <‹
401 1413 615 1476 (Operae,
656 1411 828 1475 inquit!⁸
843 1448 854 1468 ,
896 1414 1087 1475 pretium
1129 1426 1191 1461 est
1233 1416 1454 1464 advertere
1470 1455 1482 1476 ‚

106 1483 208 1546 quia
229 1484 372 1547 prima
396 1484 538 1529 anima
565 1499 665 1546 quae
695 1499 719 1527 a
749 1482 841 1528 Deo
865 1482 1041 1530 luminis
1067 1486 1286 1544 manavit,
1311 1490 1482 1553 accepit

105 1556 318 1602 fabricam
342 1555 464 1601 istam
486 1553 682 1617 corporis
697 1589 708 1610 ‚
735 1563 783 1599 ut
802 1571 894 1599 eam
915 1554 1034 1600 freno
1052 1573 1129 1602 suo
1155 1568 1330 1618 regeret.
1352 1559 1482 1606 Venit

105 1628 362 1674 mandatum
383 1665 394 1685 ,
436 1637 668 1692 peecatum
696 1626 877 1682 revixit,
918 1628 1039 1690 quod
1077 1629 1310 1677 videbatur
1340 1631 1488 1696 capti-

105 1718 210 1748 vum
237 1719 248 1746 ε
273 1701 440 1748 invenit
460 1699 666 1746 articulos
690 1717 788 1745 suos
813 1699 1037 1759 diabolus,
1074 1703 1297 1750 materiam
1318 1722 1489 1753 concu-

104 1772 328 1836 piscentiae
351 1773 398 1818 in
424 1788 518 1817 eam
545 1770 739 1827 seduxit,
766 1781 808 1815 et
832 1788 910 1834 per
928 1771 1049 1818 illam
1072 1773 1250 1821 occidit.
1278 1776 1364 1822 Lex
1387 1777 1486 1841 qui-

105 1843 202 1889 dem
231 1854 404 1900 sancta,
426 1842 500 1889 sed
524 1852 670 1888 sancta
695 1851 886 1896 sanctae3
913 1853 954 1888 et
982 1843 1239 1890 mandatum
1263 1857 1304 1892 et
1315 1851 1484 1907 justum

104 1914 328 1960 etbonum
344 1936 354 1969 ;
372 1913 445 1959 sed
466 1916 598 1972 justae
621 1922 664 1958 et
687 1912 829 1958 bonae.
852 1914 868 1973 )
891 1912 952 1958 sic
967 1913 1096 1958 etiam
1110 1914 1155 1959 in
1169 1915 1244 1960 illa
1262 1917 1317 1962 ad
1344 1920 1484 1966 Patri-

103 1987 215 2032 tium
241 1984 459 2048 Epistola,
489 1982 639 2045 (quasi
653 1982 707 2046 ‘15³
727 1982 883 2046 primae
909 1983 1076 2028 factum
1101 1984 1204 2030 flore
1227 1987 1482 2037 substantiae

103 2057 323 2103 meliorem
338 2054 446 2100 dicit
464 2052 620 2098 secutis
637 2069 649 2097 :
668 2052 684 2114 )
706 2074 725 2093 »
746 2053 843 2097 Non
857 2070 956 2112 ergo
977 2070 1183 2113 magnum
1202 2067 1286 2112 est,
1308 2075 1387 2104 nec
1403 2060 1481 2107 ali-

102 2127 211 2191 quid
229 2126 285 2173 ad
304 2124 597 2172 defensionem
611 2123 676 2167 tui
693 2133 924 2185 promovet
942 2159 952 2178 ‚
984 2124 1105 2186 quod
1129 2142 1152 2169 a
1177 2126 1480 2177 criminatione

102 2209 272 2244 naturae
311 2196 515 2242 humanae
558 2192 699 2238 Adam
737 2193 1095 2257 sequestrandum
1132 2198 1294 2258 putasti
1313 2235 1324 2254 ‚
1350 2217 1482 2264 super

102 2273 227 2329 cujus
249 2277 364 2313 statu
386 2282 483 2311 mox
500 2263 672 2327 plenius
695 2263 962 2311 disseremus.
993 2265 1078 2310 Hic
1104 2278 1362 2316 monstrasse
1383 2273 1478 2319 suf-

102 2341 223 2387 ficiat
240 2376 252 2396 ‚
278 2337 393 2384 nihil
415 2337 474 2382 ita
498 2334 607 2381 rude
626 2334 672 2380 in
690 2335 774 2380 tuis
797 2336 992 2382 sensibus
1014 2337 1224 2397 inveniri,
1252 2351 1300 2386 ut
1317 2359 1406 2390 non
1422 2346 1478 2392 sit

97 2416 189 2472 jam
210 2406 447 2455 Manichaei
467 2405 735 2452 volutatione
752 2405 974 2452 detritum.
1000 2429 1019 2448 »

169 2484 283 2526 Aoo.
326 2476 597 2524 Manichaeus
620 2493 666 2521 ex
686 2477 990 2524 commixtione
1012 2477 1200 2527 duarum
1219 2493 1474 2534 naturarum

151 2583 194 2614 ιχ
217 2584 290 2615 Cor.
307 2591 364 2619 vn,
383 2581 440 2613 28.
457 2594 501 2602 ——
523 2577 538 2601 2
561 2589 572 2609 ι
593 2579 744 2625 Joan.u‚
769 2580 822 2614 16.
839 2597 885 2604 ·-
903 2577 918 2603 ³
935 2579 1083 2614 Ambros.
1103 2581 1124 2613 l.
1153 2594 1184 2623 7.
1211 2583 1243 2616 in
1265 2582 1340 2618 Luc.
1366 2598 1476 2621 12.—

102 2638 116 2666 4
136 2639 234 2684 Epist.
255 2636 399 2670 Manich.

261 2708 405 2738 cxmv.
1323 2711 1352 2756 9
