1863 3262
207 279 364 312 OPERIS
399 277 667 312 IMPERFECTI
705 277 879 310 CONTRA
916 280 1167 325 JULIANI'M,
1207 284 1291 315 LIB.
1336 285 1406 316 111.
1482 269 1543 333 69

161 347 384 393 excaecatis
422 345 671 405 caliginosis
697 343 1069 407 disputationibus
1102 350 1277 406 restris,
1311 361 1360 396 ut
1395 367 1550 410 negare

157 417 350 464 audeatis
375 415 495 463 nasci
525 432 712 478 corpora
745 415 926 461 vitiosa?
967 418 1195 482 Numquid
1226 420 1279 465 ad
1313 420 1546 466 hominum

158 498 362 534 naturam
393 503 482 532 non
513 486 736 549 pertinent
766 490 982 549 corpora?
1025 489 1112 533 Aut
1149 490 1267 551 quod
1309 489 1547 535 Manichaei

157 556 342 612 dicunt,
376 556 596 620 (quorum
639 554 903 609 dementiam
947 557 1182 604 nescientes
1217 559 1426 622 quidem,
1471 559 1545 604 sed

156 638 372 691 quantum
411 626 653 687 adjuvetis,
679 625 900 672 advertere
935 638 976 672 et
1009 629 1198 687 cogitare
1233 646 1320 674 non
1348 629 1475 674 vultis
1494 630 1542 690 ‚)

157 697 293 757 gentis
329 698 611 743 tenebrarum
642 698 905 761 corporibus
943 699 1084 744 anima
1123 699 1238 744 bona
1263 710 1431 744 tenetur
1461 699 1543 746 ad-

155 768 322 814 mixta?
366 768 503 814 Dicite
541 784 642 828 ergo
683 767 938 813 vitiosorum
977 785 1214 832 corporum
1252 769 1427 824 merita,
1468 769 1544 832 qui

155 839 319 898 negatis
335 839 545 902 parvulos
566 856 611 883 ex
635 839 893 902 parentibus
914 839 1089 884 trahere
1108 839 1194 884 ulla
1211 850 1406 903 peccata.
1430 840 1544 885 Ecce

156 909 393 955 Manichaei
417 909 573 955 dicunt
595 927 606 954 ε
634 910 781 972 Usque
803 909 908 954 adeo
934 926 1033 955 earo
1052 916 1137 958 ista
1162 911 1355 956 mortalis
1374 927 1463 955 non
1489 909 1545 955 ad

155 979 384 1043 opificium
420 980 531 1036 Dei,
569 979 642 1025 sed
670 979 723 1024 ad
765 981 901 1039 gentis
938 981 1129 1043 pertinet
1163 982 1438 1027 tenebrarum
1459 1017 1468 1035 ‚
1497 989 1546 1025 ut

155 1051 285 1096 etiam
320 1049 553 1096 hominum
576 1067 762 1113 corpora
779 1087 789 1106 ,
824 1068 934 1114 quos
963 1051 1018 1096 ad
1054 1052 1285 1111 imaginem
1309 1051 1387 1096 Dei
1410 1051 1546 1095 factos

156 1137 243 1167 esse
267 1121 537 1185 perhibetiS‚
581 1138 668 1166 non
710 1121 850 1167 solum
887 1123 1194 1184 corruptibilia
1222 1134 1263 1168 et
1303 1121 1546 1167 conditioni

156 1191 308 1236 mortis
346 1191 531 1238 obnoxia
559 1227 569 1247 ‚
616 1191 897 1236 verumetiam
944 1192 1098 1237 vitiosa
1140 1209 1255 1255 saepe
1290 1202 1538 1237 nascantur.

158 1261 280 1318 Quid
317 1262 376 1307 eis
412 1262 697 1325 respondebit
729 1262 905 1308 baeresis
945 1273 1113 1318 vestra,
1156 1262 1237 1306 nisi
1275 1262 1542 1316 humanam,

157 1332 354 1394 quamvis
390 1332 472 1377 sub
507 1334 599 1377 Deo
623 1343 819 1377 creatore
846 1343 887 1377 et
924 1333 1114 1388 artifice,
1142 1332 1258 1377 hanc
1293 1343 1437 1377 tamen
1460 1349 1546 1377 esse

156 1412 356 1447 naturam
379 1438 391 1457 ‚
415 1411 465 1447 ut
487 1401 563 1446 etsi
582 1418 709 1447 nemo
735 1412 952 1464 peccasset
968 1439 979 1454 ‚
1003 1403 1130 1447 etiam
1156 1403 1200 1447 in
1225 1402 1427 1465 paradiso
1446 1401 1548 1447 talia

156 1471 387 1518 hominum
437 1489 625 1536 corpora
672 1476 995 1518 nascerentur.3
1041 1474 1080 1519 O
1123 1473 1463 1518 abominabilem
1506 1482 1549 1518 et

157 1543 453 1589 damnabilem
501 1547 688 1590 vocem!
747 1545 836 1589 Nos
879 1555 1022 1589 autem
1066 1546 1276 1621 quoniam
1314 1544 1548 1588 hominum

158 1631 345 1677 corpora
364 1629 450 1659 nou
469 1613 612 1659 solum
633 1614 944 1693 corruptibilia
964 1625 1005 1659 et
1024 1615 1267 1659 necessitati
1291 1614 1442 1658 mortis
1461 1613 1547 1657 ob-

159 1684 333 1740 stricta,
360 1684 641 1730 verumetiam
670 1684 839 1729 multa
828 1702 872 1729 1n
896 1686 954 1730 eis
972 1685 1284 1730 innumerabili
1309 1684 1546 1730 xitiositate

158 1720 391 1815 languida,
428 1754 640 1810 distorta,
669 1755 907 1811 deformia,
946 1756 1067 1801 nullo
1100 1766 1333 1819 parentum
1373 1771 1548 1818 praece-

159 1824 286 1871 dente
309 1835 492 1889 peccato
510 1863 522 1878 ‚
548 1825 593 1871 in
611 1825 814 1889 paradiso
838 1837 1035 1871 exortura
1060 1825 1189 1872 fuisse
1209 1843 1296 1871 non
1327 1825 1514 1871 dicimus
1533 1861 1544 1879 ‚

159 1905 202 1941 et
223 1911 295 1941 eos
312 1895 390 1959 qui
402 1895 557 1942 dicunt
571 1895 846 1955 dignissimos
869 1895 1435 1956 anathematejudicamus3
1456 1911 1545 1939 non

160 1965 218 2010 ab
257 1965 386 2011 initio
423 1965 485 2011 sic
523 1965 734 2011 institutae
770 1976 940 2011 naturae
962 2004 973 2019 ‚
1009 1967 1082 2012 sed
1117 1966 1360 2028 iniquitatis
1394 1965 1547 2010 merito

159 2045 309 2098 postea
341 2035 505 2082 vitiatae
542 2035 623 2080 ista
659 2036 919 2092 tribuimus,
956 2048 1005 2082 ut
1028 2047 1069 2082 et
1096 2054 1170 2083 vos
1203 2046 1244 2081 et
1276 2035 1547 2080 Manicbaeos

158 2105 416 2152 inconcussa
452 2115 494 2151 et
533 2104 714 2168 antiqua
757 2105 860 2150 fidei
905 2107 1139 2152 catholicae
1175 2105 1410 2151 stabilitate
1446 2103 1548 2149 des-

159 2185 370 2224 truamuS.

225 2247 384 2295 XCVI.
411 2247 511 2295 JUL.
541 2267 562 2288 «
578 2246 664 2293 Sed
688 2257 961 2294 revertantur
978 2247 1032 2293 ad
1055 2247 1221 2293 librum
1245 2247 1391 2301 illum,
1416 2262 1547 2309 quern

162 2315 218 2362 ad
241 2316 462 2364 Valerium
498 2317 749 2373 destinavit,
772 2318 818 2363 in
842 2335 931 2381 quo
971 2318 1211 2382 discerptas
1241 2317 1293 2363 de
1319 2317 1433 2362 libro
1453 2333 1547 2361 meo

162 2403 252 2433 uno
283 2387 492 2434 duntaxat
516 2388 747 2435 sententias
778 2389 860 2435 sibi
889 2389 1184 2435 discutiendas
1210 2386 1549 2449 refellendasque

162 2459 408 2523 proposuit.
439 2461 496 2506 Et
515 2459 691 2524 quidem
711 2460 755 2505 in
779 2461 925 2524 primo
964 2461 1106 2524 operis
1142 2458 1368 2524 praesentis
1398 2456 1548 2502 libello

162 2545 299 2594 usque
324 2530 378 2577 ad
400 2549 448 2578 ea
468 2531 697 2594 Augustini
718 2531 836 2579 dicta
872 2550 1170 2597 perveneram,
1197 2531 1360 2596 quibus
1389 2538 1550 2575 retecta

162 2598 455 2664 impudentia,
481 2619 570 2669 qua
592 2602 811 2668 opinionis
845 2603 962 2650 illius
997 2603 1193 2664 fugiebat
1226 2599 1436 2649 invidiam
1455 2635 1466 2654 ‚
1495 2614 1548 2644 ne
