1863 3262
174 307 331 339 OPERIS
368 303 628 338 mmmm-:cri
667 302 841 332 CONTRA
878 303 1123 347 ,itm-ANUM,
1165 308 1252 339 ΗΡ».
1297 309 1366 341 111.
1418 311 1502 359 11ῖΙ

123 372 168 419 in
192 372 396 436 paradiso
420 369 678 417 constituere
702 384 826 431 posse
851 385 938 413 non
963 370 1181 418 crederem
1200 411 1210 429 ,
1234 375 1315 421 nisi
1344 375 1390 422 in
1414 376 1506 423 istis

123 443 207 490 tuis
247 443 370 489 libris
400 459 510 488 vana
534 450 575 485 et
608 439 756 484 insana
794 437 1060 502 loquacitate
1097 442 1355 505 plenissimis
1387 447 1505 495 inve-

121 516 278 562 nirem.
1251 572 1255 577 ,

187 585 430 633 CLXVIII.
453 586 549 629 JUL.
567 602 588 624 «
600 580 704 627 Ideo
724 591 766 626 et
779 598 856 641 ego
871 582 1124 645 qualitatem
1141 585 1218 641 rei,
1235 604 1368 650 quam
1383 590 1500 652 prio-

119 656 240 702 ribus
261 656 342 702 scri
348 655 432 719 ptis
449 651 756 712 distinguendo
773 670 795 698 a
812 653 1052 700 Manichaei
1069 672 1141 701 ore
1156 656 1331 704 defendi
1350 679 1361 712 ;
1384 677 1502 706 nunc

117 742 293 790 quoque
315 726 506 772 breviter
534 722 866 771 criminatorum
883 727 997 784 ejus,
1015 727 1094 789 qui
1117 736 1262 773 tamen
1282 745 1324 775 se
1347 729 1385 776 ei
1412 748 1504 776 ser-

118 795 208 844 vire
228 797 491 859 profitentur
507 795 666 841 invitos
681 831 692 850 ,
717 793 899 858 proditu
924 794 1175 844 vindicabo.
1204 818 1223 839 ›>

185 867 300 914 Auo.
325 866 410 914 Vos
422 866 599 930 potestis
613 875 902 925 congruenter
915 866 1072 913 servire
1088 867 1279 914 laudatae
1293 868 1469 918 libidini
1487 890 1499 918 z

117 953 194 982 nos
218 947 362 983 autem
387 937 433 983 in
456 936 672 996 adjutorio
698 935 874 982 Domini
895 953 1204 1001 oppugnamus
1225 949 1267 986 et
1291 940 1503 989 vincimus

117 1018 378 1055 accusatam.
402 1029 423 1050 »

180 1078 377 1126 CLXIX.
409 1081 433 1124 J
442 1094 506 1126 ur.
532 1098 552 1120 «
573 1077 704 1135 Quod
725 1076 859 1138 igitur
877 1077 981 1134 tuis,
1001 1095 1125 1126 senex
1151 1082 1405 1142 Augustine,
1427 1101 1499 1130 re-

114 1147 304 1195 tinetur:
335 1148 475 1195 libido
498 1159 643 1195 exorta
662 1159 725 1195 est
751 1159 853 1212 post
875 1161 1108 1212 peccatum
1126 1150 1163 1208 1,
1191 1169 1325 1217 quam
1354 1157 1496 1202 coacti

112 1230 214 1266 sunt
237 1220 381 1267 velare
407 1220 592 1267 confusi.

109 1336 119 1344 a
179 1291 293 1338 Auo.
315 1291 447 1348 Quod
459 1293 592 1351 igitur
608 1291 734 1336 libris
751 1291 852 1348 tuis,
865 1292 1038 1352 juvenis
1052 1293 1079 1337 J
1085 1293 1242 1352 uliane,
1260 1296 1493 1344 retinetur:

113 1371 296 1424 apparet
326 1371 367 1407 te
394 1372 548 1408 contra
587 1361 724 1407 libros
747 1378 865 1408 meos
888 1379 978 1408 non
999 1362 1192 1411 invenire
1217 1366 1325 1430 quid
1353 1368 1491 1426 dicas,

111 1442 154 1478 et
178 1447 373 1496 quaerere
393 1431 650 1490 calumnias,
677 1449 786 1495 quas
812 1433 939 1480 nobis
962 1433 1206 1498 loquaciter
1246 1448 1286 1484 et
1305 1438 1493 1485 inaniter

111 1502 295 1564 ingeras,

176 1575 350 1622 CLXX,
368 1578 392 1620 J
399 1591 465 1622 m„
496 1595 517 1617 ‹<
543 1575 601 1620 Et
623 1574 746 1629 item,
779 1596 800 1618 ›>
818 1575 1032 1622 Pudenda
1067 1576 1252 1625 libidine
1275 1580 1354 1644 qui
1378 1580 1496 1628 licite

111 1646 395 1702 concumbit,
423 1645 536 1692 malo
559 1646 671 1692 bene
692 1646 852 1701 utitur3
893 1647 971 1711 qui
996 1658 1141 1695 autem
1167 1649 1341 1709 illicite,
1377 1652 1492 1699 malo

110 1715 222 1760 male
246 1716 396 1763 utitur.
420 1717 598 1762 Rectius
610 1717 725 1762 enim
743 1717 906 1782 accipit
925 1735 1085 1765 nomen
1099 1719 1201 1766 mali
1213 1738 1347 1785 quam
1365 1723 1488 1781 boni,

111 1786 227 1832 unde
249 1787 512 1834 erubescunt
552 1798 593 1833 et
617 1787 721 1833 mali
760 1798 802 1833 et
841 1789 949 1834 boni
970 1809 981 1842 ;
1006 1790 1246 1854 meliusque
1278 1792 1496 1840 credimus

112 1858 337 1920 Apostolo‚
361 1859 437 1923 qui
462 1858 588 1914 dicit,
621 1858 738 1914 Quia
761 1876 850 1904 non
881 1859 1057 1905 habitat
1077 1864 1121 1906 in
1143 1879 1274 1908 carne
1293 1881 1388 1909 mea
1408 1865 1495 1910 bo-

112 1950 133 1972 »
161 1930 314 1978 num1.
347 1953 366 1973 >2
392 1934 447 1977 Et
471 1931 595 1987 alibi,
621 1933 722 1978 Non
752 1943 814 1978 est
835 1933 976 1979 libido
1010 1937 1268 1997 nuptiarum
1305 1937 1493 1994 bonum,

110 1999 182 2046 sed
206 2002 472 2047 obscoenitas
492 2003 788 2065 peccantium,
817 2004 1045 2049 necessitas
1064 2007 1379 2064 generantium,
1405 2008 1494 2053 las-

113 2071 322 2118 civiarum
352 2072 506 2127 ardor,
554 2073 810 2136 nuptiarum
851 2074 1013 2137 pudor.
1041 2096 1062 2116 «
1086 2078 1142 2121 Et
1166 2077 1294 2133 illud,
1320 2099 1341 2120 »
1362 2078 1495 2135 Quod

113 2152 260 2205 postea
283 2143 598 2206 propagatione
619 2142 834 2200 fecerunt,
862 2144 949 2190 hoc
975 2155 1036 2191 est
1061 2148 1273 2193 connubii
1295 2148 1459 2194 bonum
1479 2167 1490 2194 ε

112 2212 231 2275 quod
255 2229 354 2258 vero
375 2213 496 2276 prius
521 2212 775 2259 confusione
802 2224 1012 2271 texerunt,
1051 2215 1139 2262 hoc
1163 2228 1226 2262 est
1258 2219 1498 2282 concupis—

113 2283 266 2329 centiae
279 2283 459 2340 malum,
479 2284 602 2348 quod
622 2285 731 2330 vitat
755 2285 920 2349 ubique
938 2297 1246 2349 conspectum,
1273 2299 1315 2334 et
1339 2289 1498 2353 quaerit

115 2353 324 2417 pudendo
343 2365 568 2403 secretum.
594 2376 615 2397 c<
627 2355 706 2403 Vel
720 2355 821 2401 talia
838 2357 1000 2420 quibus
1017 2357 1072 2403 ad
1085 2357 1172 2404 hoc
1191 2371 1495 2420 argumentum

117 2424 180 2470 uti
199 2424 323 2480 soles,
347 2425 556 2472 memoria
576 2435 651 2471 tua
671 2427 805 2486 magis
824 2443 958 2490 quam
983 2427 1158 2488 ingenio
1178 2429 1349 2492 prolata
1374 2441 1489 2477 sunt.

119 2496 395 2542 Manichacus
414 2513 514 2557 ergo
556 2496 736 2543 afflictus
773 2508 852 2553 est,
889 2509 938 2544 ut
961 2515 1008 2544 ea
1036 2516 1137 2562 quae
1159 2501 1348 2563 putabat
1375 2512 1500 2547 acuta

167 2601 176 2623 ¹
195 2603 244 2633 De
260 2603 364 2645 Nupt.
382 2607 414 2634 et
430 2603 528 2636 Cone.
548 2602 604 2635 lib.
621 2614 654 2638 2.
670 2614 696 2637 c.
719 2614 772 2634 21.
788 2621 831 2626 —
850 2601 865 2624 2
884 2603 933 2635 Id.
957 2614 984 2641 ι,
1001 2615 1032 2634 2.
