1824 3236
220 295 377 326 OPERIS
413 293 673 325 IMPERFECTI
713 268 888 327 CONTRA
922 296 1167 337 JULIANUM,
1209 297 1295 328 Lm.
1337 298 1397 329 vl.
1446 283 1540 348 579

170 367 378 431 quoniam
397 367 432 412 si
446 366 532 412 hoc
547 365 698 414 aculeo
713 378 876 413 armata
890 385 976 414 non
986 385 1109 424 esses,
1123 369 1168 415 id
1183 380 1263 426 est,
1281 381 1549 434 peccatovo·.

170 437 378 493 luntario,
410 436 520 487 nulli
546 436 725 483 omnino
745 437 975 485 nocuisses.
999 440 1234 488 Peccatum
1260 439 1348 487 hoc
1361 452 1404 488 et
1421 441 1543 489 bunc

172 507 369 555 aculeum
405 507 572 555 viribus
596 507 696 554 fidei
717 508 990 555 confractum
1016 509 1135 556 vides
1152 547 1163 567 ‚
1198 513 1545 559 remuneratione

171 589 316 627 nostra
329 589 449 634 teste,
463 594 579 641 aqua
591 595 668 625 nos
684 578 912 625 conabaris
929 579 1148 627 abducere
1165 598 1176 626 z
1195 580 1367 629 aculeus
1379 583 1546 648 quippe

174 658 271 694 tuus
285 659 517 712 peccatum
535 647 636 703 fuit,
649 659 691 694 et
711 648 846 696 virtus
864 651 1033 713 peccati
1045 650 1180 697 tuilcx
1193 662 1306 698 erat:
1324 652 1544 709 Quoniam

172 719 250 764 ubi
269 736 355 765 non
373 729 434 764 est
456 718 538 774 lex,
556 735 635 765 nec
651 719 971 782 praevaricatio.
998 720 1073 767 Vel
1092 724 1412 786 certequamvis
1437 740 1547 771 acu-

171 789 262 835 leus
289 800 386 836 tuus
411 799 641 852 peccatum
674 800 806 843 esset3
835 800 977 838 tamen
997 791 1153 838 fortior
1176 791 1317 839 factus
1339 804 1401 839 est
1430 794 1548 858 apud

169 860 559 922 praevaricatorum
575 859 783 906 duntaxat
798 860 964 907 animos
979 898 990 918 ‚
1008 872 1245 925 postquam
1266 880 1382 910 mors
1399 864 1437 910 ei
1450 864 1553 925 legis

173 930 347 976 admota
365 940 428 976 est
445 950 456 982 ;
471 946 570 993 quae
583 941 726 977 tamen
741 948 828 977 non
838 931 893 977 ad
907 931 994 979 hoc
1010 932 1112 978 data
1132 931 1289 990 fuerat,
1304 943 1547 981 utacueret.

172 1001 288 1046 «Lex
302 1001 418 1046 enim
435 1011 599 1057 sancta,
616 1011 657 1048 et
670 1001 926 1048 mandatum
944 1006 1403 1063 sanctum,etJustum‚
1420 1015 1462 1050 et
1477 1004 1557 1055 bo-

174 1092 194 1112 ›)
207 1084 313 1117 num
333 1070 431 1125 ;sed
451 1083 682 1134 peccatum
706 1082 755 1118 ut
779 1083 989 1136 appareat
1012 1083 1263 1136 peccatum,
1291 1091 1370 1138 per
1386 1076 1554 1122 bonum

178 1163 195 1184 ι)
211 1141 319 1188 mihi
338 1152 521 1187 mortem
544 1142 827 1205 operabatur,
846 1154 893 1190 ut
908 1143 1029 1191 fieret
1048 1160 1179 1207 supra
1206 1144 1386 1194 modum
1409 1146 1555 1210 ipsum

174 1222 437 1274 »peccatum
453 1228 640 1275 peccans
660 1228 739 1275 per
753 1212 1008 1259 mandatum
1022 1213 1055 1261 1.
1082 1235 1103 1257 ›>
1131 1214 1240 1263 Haec
1260 1232 1360 1276 ergo
1385 1216 1522 1263 virtus
1540 1252 1552 1272 ,

173 1299 306 1346 quam
320 1281 491 1329 aculeus
504 1293 604 1328 tuus
614 1294 864 1346 spontaneae
878 1284 922 1330 in
934 1284 1060 1334 nobis
1073 1284 1557 1351 iniquitatisconseque-

172 1353 304 1400 batur
315 1353 486 1413 adjutu,
498 1353 693 1400 fidelium
704 1354 942 1402 virtutibus
956 1354 1148 1403 fidelium
1155 1359 1248 1416 jam
1261 1357 1432 1404 coronis
1441 1358 1555 1404 victa

173 1424 518 1487 comprobatur,
552 1435 595 1473 et
625 1424 777 1473 fracta.
811 1426 1077 1472 Insultamus
1112 1425 1244 1486 igitur
1277 1427 1388 1487 tibi,
1416 1449 1437 1471 α
1462 1430 1554 1475 Deo

175 1516 196 1536 >2
222 1505 369 1541 nostro
389 1495 546 1555 gratias
572 1494 798 1542 referentes
814 1533 824 1552 ‚
854 1496 930 1558 qui
962 1495 1084 1542 dedit
1109 1496 1235 1543 nobis
1263 1497 1379 1544 hanc
1409 1498 1554 1546 victo-

174 1587 194 1608 »
215 1566 326 1612 riam
351 1582 429 1629 per
449 1566 688 1612 Dominum
711 1576 908 1612 nostrum
929 1568 1077 1613 Jesum
1098 1566 1324 1615 Christum
1339 1568 1373 1615 ².
1398 1590 1418 1610 r>

239 1639 356 1682 AUG.
381 1637 445 1684 De
468 1635 655 1695 imagine
677 1636 883 1681 terrestris
899 1673 909 1692 ‚
933 1647 976 1681 et
995 1636 1049 1682 de
1070 1636 1254 1696 imagine
1272 1637 1457 1684 coelestis
1476 1638 1555 1684 ho-

177 1706 305 1753 minis
325 1707 426 1752 satis
444 1710 538 1765 jam
557 1706 756 1769 superius
780 1706 1052 1770 disputatum
1075 1718 1163 1762 est;
1185 1707 1352 1771 tibique
1369 1725 1549 1772 respon-

175 1776 347 1834 dimus,
380 1776 501 1841 quod
536 1776 681 1837 imago
713 1777 901 1823 coelestis
937 1794 1057 1823 nunc
1089 1777 1175 1823 fide
1202 1794 1252 1824 ac
1277 1795 1353 1841 spe
1385 1779 1552 1842 portari

174 1856 337 1911 potest;
364 1847 619 1910 portabitur
651 1858 793 1894 autem
830 1865 874 1893 re
899 1848 990 1911 ipsa
1022 1858 1283 1910 praesentata
1315 1858 1442 1912 atque
1466 1848 1550 1894 do-

176 1928 294 1964 nata.
306 1934 408 1965 cum
420 1917 692 1964 resurrexerit
703 1934 863 1981 corpus
876 1917 1085 1980 spiritale,
1104 1917 1223 1980 quod
1237 1934 1353 1964 nunc
1368 1917 1551 1964 animale

175 1989 424 2039 seminatur.
454 1988 572 2034 Duas
591 1988 757 2051 quippe
781 1990 881 2035 istas
906 1988 1109 2047 imagines
1127 2023 1138 2043 ‚
1164 1988 1370 2034 terrestris
1393 1987 1550 2034 videli-

176 2073 245 2112 cet
267 2061 458 2108 hominis
489 2077 618 2108 unam
641 2098 652 2116 ‚
682 2061 868 2111 coelestis
894 2071 1036 2106 autem
1063 2059 1237 2107 alteram
1253 2098 1264 2117 ‚
1292 2059 1468 2119 singulis
1484 2076 1548 2106 re·

177 2133 262 2186 bus
284 2131 502 2186 attribuit,
536 2130 654 2176 illam
680 2131 843 2177 scilicet
862 2131 1038 2177 animali
1056 2131 1231 2192 corpori
1249 2167 1259 2184 ‚
1284 2130 1399 2175 hanc
1416 2129 1551 2192 spiri-

180 2204 268 2255 tali.
310 2203 520 2266 Superius
567 2202 680 2246 enim
727 2201 863 2256 dixit,
907 2223 928 2243 α
954 2201 1037 2246 Sed
1074 2218 1161 2248 non
1203 2201 1395 2265 primum
1431 2200 1550 2263 quod

177 2299 197 2318 υ
219 2273 412 2338 spiritale
431 2283 518 2327 est,
547 2272 621 2317 sed
641 2272 763 2334 quod
788 2271 972 2320 animale
989 2309 1000 2327 ‚
1039 2282 1185 2334 postea
1216 2270 1334 2335 quod
1357 2270 1552 2333 spiritale

180 2368 200 2387 n
219 2355 282 2393 cst
296 2361 338 2389 a»
358 2345 645 2406 protinusque
659 2342 896 2402 subjunxit,
915 2363 933 2382 «
950 2342 1123 2388 Primus
1137 2342 1269 2387 homo
1281 2341 1334 2386 de
1350 2351 1458 2386 terra
1476 2351 1558 2386 ter-

173 2439 202 2471 >»
229 2415 387 2470 restris,
407 2412 623 2465 secundus
647 2413 782 2461 homo
801 2413 854 2463 de
877 2412 990 2459 coelo
1011 2412 1198 2458 coelestis
1227 2430 1238 2457 z
1264 2412 1375 2457 sicut
1398 2421 1551 2474 porta-

182 2512 203 2532 »
225 2489 367 2540 vimus
397 2486 633 2545 imaginem
660 2487 869 2532 terrestris
886 2524 898 2539 ,
924 2497 1148 2549 portemus
1169 2485 1296 2531 etiam
1327 2485 1553 2544 imaginem

181 2585 202 2607 »³
221 2562 337 2611 illius
367 2558 598 2609 coelestis?
629 2581 648 2601 ›>
673 2560 782 2615 Quis
804 2570 868 2605 est
891 2559 961 2605 ille
979 2596 989 2614 ‚
1018 2559 1097 2604 nisi
1128 2558 1266 2604 Adam
1287 2595 1297 2613 ,
1333 2573 1411 2621 per
1431 2573 1559 2620 quem

233 2646 241 2667 ¹
264 2647 355 2676 Rom.
376 2654 430 2680 vn,
463 2654 514 2682 xz,
539 2644 594 2677 13.
611 2661 653 2666 —
670 2641 686 2664 ²
707 2655 715 2672 ι
740 2647 812 2674 (jor.
830 2654 884 2685 xv,
905 2645 960 2682 57.
987 2660 1028 2666 —
1047 2639 1060 2663 3
1076 2641 1156 2674 ibid.
1178 2643 1231 2678 46.

1349 2693 1424 2754 37.
