<?xml version="1.0" encoding="UTF-8"?>
<!DOCTYPE html PUBLIC "-//W3C//DTD XHTML 1.0 Transitional//EN"
    "http://www.w3.org/TR/xhtml1/DTD/xhtml1-transitional.dtd">
<html xmlns="http://www.w3.org/1999/xhtml" xml:lang="en" lang="en">
 <head>
  <title>
</title>
<meta http-equiv="Content-Type" content="text/html;charset=utf-8" />
  <meta name='ocr-system' content='tesseract 3.04.00' />
  <meta name='ocr-capabilities' content='ocr_page ocr_carea ocr_par ocr_line ocrx_word'/>
</head>
<body>
  <div class='ocr_page' id='page_1' title='image "./operaomniaaccura37auguuoft/operaomniaaccura37auguuoft_0221.png"; bbox 0 0 1863 3262; ppageno 0'>
   <div class='ocr_carea' id='block_1_1' title="bbox 193 321 1504 365">
    <p class='ocr_par' dir='ltr' id='par_1_1' title="bbox 193 321 1504 365">
     <span class='ocr_line' id='line_1_1' title="bbox 193 321 1504 365; baseline 0.005 -11"><span class='ocrx_word' id='word_1_1' title='bbox 193 323 348 354; x_wconf 81' lang='lat' dir='ltr'>OPERIS</span> <span class='ocrx_word' id='word_1_2' title='bbox 382 321 644 353; x_wconf 77' lang='lat' dir='ltr'>IMPERFEC‘I&#39;I</span> <span class='ocrx_word' id='word_1_3' title='bbox 681 321 855 352; x_wconf 82' lang='lat' dir='ltr'>CONTRA</span> <span class='ocrx_word' id='word_1_4' title='bbox 890 323 1135 365; x_wconf 79' lang='lat' dir='ltr'><strong>JULIANUM,</strong></span> <span class='ocrx_word' id='word_1_5' title='bbox 1172 326 1259 355; x_wconf 74' lang='lat' dir='ltr'>Lin.</span> <span class='ocrx_word' id='word_1_6' title='bbox 1304 327 1363 358; x_wconf 92' lang='lat' dir='ltr'>1v.</span> <span class='ocrx_word' id='word_1_7' title='bbox 1420 327 1504 360; x_wconf 84' lang='lat'>211</span> 
     </span>
    </p>
   </div>
   <div class='ocr_carea' id='block_1_2' title="bbox 92 386 1529 2645">
    <p class='ocr_par' dir='ltr' id='par_1_2' title="bbox 143 386 1520 733">
     <span class='ocr_line' id='line_1_2' title="bbox 144 386 1516 453; baseline 0.004 -18"><span class='ocrx_word' id='word_1_8' title='bbox 144 389 340 449; x_wconf 85' lang='lat' dir='ltr'>gritatem</span> <span class='ocrx_word' id='word_1_9' title='bbox 360 426 371 445; x_wconf 79' lang='grc'><em>,</em></span> <span class='ocrx_word' id='word_1_10' title='bbox 394 386 698 433; x_wconf 82' lang='lat' dir='ltr'><strong>rectitudinem</strong></span> <span class='ocrx_word' id='word_1_11' title='bbox 715 424 726 442; x_wconf 76' lang='lat'>‚</span> <span class='ocrx_word' id='word_1_12' title='bbox 762 386 943 433; x_wconf 81' lang='lat' dir='ltr'>salutem</span> <span class='ocrx_word' id='word_1_13' title='bbox 959 426 969 445; x_wconf 81' lang='lat'><strong>‚</strong></span> <span class='ocrx_word' id='word_1_14' title='bbox 1000 389 1041 434; x_wconf 89' lang='lat' dir='ltr'>in</span> <span class='ocrx_word' id='word_1_15' title='bbox 1071 407 1155 452; x_wconf 85' lang='lat' dir='ltr'>qua</span> <span class='ocrx_word' id='word_1_16' title='bbox 1182 391 1383 453; x_wconf 87' lang='lat' dir='ltr'>primitus</span> <span class='ocrx_word' id='word_1_17' title='bbox 1404 410 1516 439; x_wconf 90' lang='lat' dir='ltr'>con-</span> 
     </span>
     <span class='ocr_line' id='line_1_3' title="bbox 144 456 1517 515; baseline 0.004 -11"><span class='ocrx_word' id='word_1_18' title='bbox 144 459 234 504; x_wconf 89' lang='lat' dir='ltr'>dita</span> <span class='ocrx_word' id='word_1_19' title='bbox 268 470 354 515; x_wconf 84' lang='lat' dir='ltr'>est,</span> <span class='ocrx_word' id='word_1_20' title='bbox 399 458 540 504; x_wconf 86' lang='lat' dir='ltr'>minus</span> <span class='ocrx_word' id='word_1_21' title='bbox 570 457 667 502; x_wconf 75' lang='lat' dir='ltr'>haec</span> <span class='ocrx_word' id='word_1_22' title='bbox 700 456 863 502; x_wconf 83' lang='lat' dir='ltr'>habere</span> <span class='ocrx_word' id='word_1_23' title='bbox 889 475 1005 504; x_wconf 85' lang='lat' dir='ltr'>nunc</span> <span class='ocrx_word' id='word_1_24' title='bbox 1039 460 1196 506; x_wconf 87' lang='lat' dir='ltr'>omnia.</span> <span class='ocrx_word' id='word_1_25' title='bbox 1239 462 1366 508; x_wconf 84' lang='lat' dir='ltr'>Hanc</span> <span class='ocrx_word' id='word_1_26' title='bbox 1399 465 1517 510; x_wconf 77' lang='lat' dir='ltr'>venit</span> 
     </span>
     <span class='ocr_line' id='line_1_4' title="bbox 144 528 1519 594; baseline 0.004 -19"><span class='ocrx_word' id='word_1_27' title='bbox 144 529 342 576; x_wconf 89' lang='lat' dir='ltr'>Christus</span> <span class='ocrx_word' id='word_1_28' title='bbox 374 528 692 587; x_wconf 78' lang='lat' dir='ltr'>redintegrare,</span> <span class='ocrx_word' id='word_1_29' title='bbox 729 529 938 588; x_wconf 79' lang='lat' dir='ltr'>corrigere</span> <span class='ocrx_word' id='word_1_30' title='bbox 955 566 964 584; x_wconf 79' lang='lat'>‚</span> <span class='ocrx_word' id='word_1_31' title='bbox 1002 540 1129 593; x_wconf 80' lang='lat' dir='ltr'>atque</span> <span class='ocrx_word' id='word_1_32' title='bbox 1157 547 1329 587; x_wconf 76' lang='lat' dir='ltr'>sanare,</span> <span class='ocrx_word' id='word_1_33' title='bbox 1356 534 1519 594; x_wconf 75' lang='lat' dir='ltr'>integer</span> 
     </span>
     <span class='ocr_line' id='line_1_5' title="bbox 143 599 1520 664; baseline 0.004 -18"><span class='ocrx_word' id='word_1_34' title='bbox 143 600 236 646; x_wconf 80' lang='lat' dir='ltr'>sine·</span> <span class='ocrx_word' id='word_1_35' title='bbox 259 599 345 646; x_wconf 86' lang='lat' dir='ltr'>ulla</span> <span class='ocrx_word' id='word_1_36' title='bbox 369 599 673 662; x_wconf 80' lang='lat' dir='ltr'>corruptione,</span> <span class='ocrx_word' id='word_1_37' title='bbox 711 610 853 645; x_wconf 86' lang='lat' dir='ltr'>rectus</span> <span class='ocrx_word' id='word_1_38' title='bbox 885 600 972 646; x_wconf 84' lang='lat' dir='ltr'>sine</span> <span class='ocrx_word' id='word_1_39' title='bbox 1000 601 1087 646; x_wconf 84' lang='lat' dir='ltr'>ulla</span> <span class='ocrx_word' id='word_1_40' title='bbox 1122 602 1360 664; x_wconf 74' lang='lat' dir='ltr'>pravitate,</span> <span class='ocrx_word' id='word_1_41' title='bbox 1381 606 1520 651; x_wconf 81' lang='lat' dir='ltr'>salvus</span> 
     </span>
     <span class='ocr_line' id='line_1_6' title="bbox 143 669 795 733; baseline 0.002 -17"><span class='ocrx_word' id='word_1_42' title='bbox 143 670 232 716; x_wconf 83' lang='lat' dir='ltr'>sine</span> <span class='ocrx_word' id='word_1_43' title='bbox 248 669 334 716; x_wconf 88' lang='lat' dir='ltr'>ulla</span> <span class='ocrx_word' id='word_1_44' title='bbox 353 669 594 733; x_wconf 85' lang='lat' dir='ltr'>cupiditate</span> <span class='ocrx_word' id='word_1_45' title='bbox 611 671 795 732; x_wconf 86' lang='lat' dir='ltr'>peccati.</span> 
     </span>
    </p>

    <p class='ocr_par' dir='ltr' id='par_1_3' title="bbox 141 740 1524 930">
     <span class='ocr_line' id='line_1_7' title="bbox 206 740 1518 806; baseline 0.004 -20"><span class='ocrx_word' id='word_1_46' title='bbox 206 742 298 787; x_wconf 89' lang='lat' dir='ltr'>LX.</span> <span class='ocrx_word' id='word_1_47' title='bbox 328 741 426 787; x_wconf 79' lang='lat' dir='ltr'>JUL.</span> <span class='ocrx_word' id='word_1_48' title='bbox 469 762 489 782; x_wconf 89' lang='lat'>«</span> <span class='ocrx_word' id='word_1_49' title='bbox 511 744 575 786; x_wconf 89' lang='lat' dir='ltr'>Ac</span> <span class='ocrx_word' id='word_1_50' title='bbox 598 752 677 804; x_wconf 79' lang='lat' dir='ltr'>p&#39;er</span> <span class='ocrx_word' id='word_1_51' title='bbox 694 740 780 786; x_wconf 88' lang='lat' dir='ltr'>hoc</span> <span class='ocrx_word' id='word_1_52' title='bbox 796 778 806 797; x_wconf 87' lang='lat'>‚</span> <span class='ocrx_word' id='word_1_53' title='bbox 830 740 874 786; x_wconf 91' lang='lat' dir='ltr'>in</span> <span class='ocrx_word' id='word_1_54' title='bbox 901 758 949 786; x_wconf 86' lang='lat' dir='ltr'>ea</span> <span class='ocrx_word' id='word_1_55' title='bbox 971 752 1125 788; x_wconf 84' lang='lat' dir='ltr'>natura</span> <span class='ocrx_word' id='word_1_56' title='bbox 1152 759 1236 788; x_wconf 90' lang='lat' dir='ltr'>non</span> <span class='ocrx_word' id='word_1_57' title='bbox 1266 754 1410 806; x_wconf 85' lang='lat' dir='ltr'>potest</span> <span class='ocrx_word' id='word_1_58' title='bbox 1432 762 1518 792; x_wconf 88' lang='lat' dir='ltr'>esse</span> 
     </span>
     <span class='ocr_line' id='line_1_8' title="bbox 141 811 1524 878; baseline 0.004 -22"><span class='ocrx_word' id='word_1_59' title='bbox 141 821 394 875; x_wconf 80' lang='lat' dir='ltr'>peccatum,</span> <span class='ocrx_word' id='word_1_60' title='bbox 420 829 521 857; x_wconf 90' lang='lat' dir='ltr'>cum</span> <span class='ocrx_word' id='word_1_61' title='bbox 544 811 589 857; x_wconf 87' lang='lat' dir='ltr'>in</span> <span class='ocrx_word' id='word_1_62' title='bbox 619 811 694 857; x_wconf 91' lang='lat' dir='ltr'>illo</span> <span class='ocrx_word' id='word_1_63' title='bbox 713 811 759 857; x_wconf 91' lang='lat' dir='ltr'>in</span> <span class='ocrx_word' id='word_1_64' title='bbox 785 828 872 874; x_wconf 88' lang='lat' dir='ltr'>quo</span> <span class='ocrx_word' id='word_1_65' title='bbox 899 822 988 858; x_wconf 82' lang='lat' dir='ltr'>tota</span> <span class='ocrx_word' id='word_1_66' title='bbox 1018 823 1080 858; x_wconf 84' lang='lat' dir='ltr'>est</span> <span class='ocrx_word' id='word_1_67' title='bbox 1098 850 1108 867; x_wconf 76' lang='grc'><em>,</em></span> <span class='ocrx_word' id='word_1_68' title='bbox 1141 812 1255 858; x_wconf 87' lang='lat' dir='ltr'>nihil</span> <span class='ocrx_word' id='word_1_69' title='bbox 1280 813 1524 878; x_wconf 83' lang='lat' dir='ltr'>iniquitatis</span> 
     </span>
     <span class='ocr_line' id='line_1_9' title="bbox 141 893 518 930; baseline -0.011 -1"><span class='ocrx_word' id='word_1_70' title='bbox 141 893 366 930; x_wconf 82' lang='lat' dir='ltr'>lnventum</span> <span class='ocrx_word' id='word_1_71' title='bbox 394 894 468 930; x_wconf 87' lang='lat' dir='ltr'>est.</span> <span class='ocrx_word' id='word_1_72' title='bbox 497 905 518 926; x_wconf 87' lang='lat'>))</span> 
     </span>
    </p>

    <p class='ocr_par' dir='ltr' id='par_1_4' title="bbox 139 953 1526 1298">
     <span class='ocr_line' id='line_1_10' title="bbox 207 953 1525 1021; baseline 0.001 -19"><span class='ocrx_word' id='word_1_73' title='bbox 207 956 322 1002; x_wconf 84' lang='lat' dir='ltr'>AUG.</span> <span class='ocrx_word' id='word_1_74' title='bbox 373 954 651 1011; x_wconf 87' lang='lat' dir='ltr'>Immaniter‚</span> <span class='ocrx_word' id='word_1_75' title='bbox 694 953 868 1000; x_wconf 80' lang='lat' dir='ltr'>Juliane</span> <span class='ocrx_word' id='word_1_76' title='bbox 886 991 896 1011; x_wconf 82' lang='grc'><em>,</em></span> <span class='ocrx_word' id='word_1_77' title='bbox 942 953 1225 1018; x_wconf 79' lang='lat' dir='ltr'>blasphemas</span> <span class='ocrx_word' id='word_1_78' title='bbox 1243 992 1254 1012; x_wconf 73' lang='lat'>,</span> <span class='ocrx_word' id='word_1_79' title='bbox 1291 972 1525 1021; x_wconf 84' lang='lat' dir='ltr'>coaequans</span> 
     </span>
     <span class='ocr_line' id='line_1_11' title="bbox 142 1024 1524 1081; baseline 0.003 -11"><span class='ocrx_word' id='word_1_80' title='bbox 142 1041 314 1071; x_wconf 87' lang='lat' dir='ltr'>carnem</span> <span class='ocrx_word' id='word_1_81' title='bbox 343 1024 509 1070; x_wconf 86' lang='lat' dir='ltr'>Christi</span> <span class='ocrx_word' id='word_1_82' title='bbox 547 1036 803 1071; x_wconf 85' lang='lat' dir='ltr'>caeterorum</span> <span class='ocrx_word' id='word_1_83' title='bbox 830 1025 1062 1070; x_wconf 90' lang='lat' dir='ltr'>hominum</span> <span class='ocrx_word' id='word_1_84' title='bbox 1088 1027 1238 1081; x_wconf 88' lang='lat' dir='ltr'>carni;</span> <span class='ocrx_word' id='word_1_85' title='bbox 1264 1044 1343 1073; x_wconf 88' lang='lat' dir='ltr'>nec</span> <span class='ocrx_word' id='word_1_86' title='bbox 1374 1028 1524 1074; x_wconf 87' lang='lat' dir='ltr'>videns</span> 
     </span>
     <span class='ocr_line' id='line_1_12' title="bbox 139 1094 1526 1158; baseline 0.003 -18"><span class='ocrx_word' id='word_1_87' title='bbox 139 1094 265 1141; x_wconf 88' lang='lat' dir='ltr'>illum</span> <span class='ocrx_word' id='word_1_88' title='bbox 297 1096 460 1142; x_wconf 88' lang='lat' dir='ltr'>venisse</span> <span class='ocrx_word' id='word_1_89' title='bbox 496 1112 584 1140; x_wconf 91' lang='lat' dir='ltr'>non</span> <span class='ocrx_word' id='word_1_90' title='bbox 610 1095 656 1141; x_wconf 90' lang='lat' dir='ltr'>in</span> <span class='ocrx_word' id='word_1_91' title='bbox 683 1112 812 1141; x_wconf 89' lang='lat' dir='ltr'>carne</span> <span class='ocrx_word' id='word_1_92' title='bbox 838 1096 1008 1158; x_wconf 84' lang='lat' dir='ltr'>peccati</span> <span class='ocrx_word' id='word_1_93' title='bbox 1025 1131 1036 1151; x_wconf 83' lang='lat'>‚</span> <span class='ocrx_word' id='word_1_94' title='bbox 1065 1095 1137 1141; x_wconf 90' lang='lat' dir='ltr'>sed</span> <span class='ocrx_word' id='word_1_95' title='bbox 1164 1095 1207 1141; x_wconf 91' lang='lat' dir='ltr'>in</span> <span class='ocrx_word' id='word_1_96' title='bbox 1243 1096 1526 1144; x_wconf 81' lang='lat' dir='ltr'>similitudine</span> 
     </span>
     <span class='ocr_line' id='line_1_13' title="bbox 140 1164 1525 1229; baseline 0.003 -19"><span class='ocrx_word' id='word_1_97' title='bbox 140 1165 282 1211; x_wconf 91' lang='lat' dir='ltr'>carnis</span> <span class='ocrx_word' id='word_1_98' title='bbox 305 1164 526 1228; x_wconf 78' lang='lat' dir='ltr'>peceati1,</span> <span class='ocrx_word' id='word_1_99' title='bbox 552 1165 674 1229; x_wconf 86' lang='lat' dir='ltr'>quod</span> <span class='ocrx_word' id='word_1_100' title='bbox 695 1164 815 1211; x_wconf 86' lang='lat' dir='ltr'>nullo</span> <span class='ocrx_word' id='word_1_101' title='bbox 841 1165 972 1210; x_wconf 90' lang='lat' dir='ltr'>modo</span> <span class='ocrx_word' id='word_1_102' title='bbox 996 1181 1151 1211; x_wconf 88' lang='lat' dir='ltr'>verum</span> <span class='ocrx_word' id='word_1_103' title='bbox 1172 1176 1280 1212; x_wconf 85' lang='lat' dir='ltr'>esset</span> <span class='ocrx_word' id='word_1_104' title='bbox 1296 1204 1307 1223; x_wconf 84' lang='lat'>‚</span> <span class='ocrx_word' id='word_1_105' title='bbox 1329 1168 1410 1214; x_wconf 87' lang='lat' dir='ltr'>nisi</span> <span class='ocrx_word' id='word_1_106' title='bbox 1431 1185 1525 1214; x_wconf 82' lang='lat' dir='ltr'>cae-</span> 
     </span>
     <span class='ocr_line' id='line_1_14' title="bbox 140 1245 787 1298; baseline 0.002 -18"><span class='ocrx_word' id='word_1_107' title='bbox 140 1245 332 1281; x_wconf 87' lang='lat' dir='ltr'>terorum</span> <span class='ocrx_word' id='word_1_108' title='bbox 350 1246 458 1281; x_wconf 86' lang='lat' dir='ltr'>esset</span> <span class='ocrx_word' id='word_1_109' title='bbox 482 1252 584 1281; x_wconf 86' lang='lat' dir='ltr'>caro</span> <span class='ocrx_word' id='word_1_110' title='bbox 603 1246 787 1298; x_wconf 72' lang='lat' dir='ltr'>peccati.</span> 
     </span>
    </p>

    <p class='ocr_par' dir='ltr' id='par_1_5' title="bbox 140 1305 1529 1493">
     <span class='ocr_line' id='line_1_15' title="bbox 206 1305 1529 1368; baseline 0.003 -18"><span class='ocrx_word' id='word_1_111' title='bbox 206 1306 323 1352; x_wconf 82' lang='lat' dir='ltr'>LXI.</span> <span class='ocrx_word' id='word_1_112' title='bbox 356 1306 454 1352; x_wconf 78' lang='lat' dir='ltr'>JUL.</span> <span class='ocrx_word' id='word_1_113' title='bbox 497 1327 516 1347; x_wconf 81' lang='lat' dir='ltr'>c&lt;</span> <span class='ocrx_word' id='word_1_114' title='bbox 542 1305 908 1368; x_wconf 81' lang='lat' dir='ltr'>Concupiscentia</span> <span class='ocrx_word' id='word_1_115' title='bbox 939 1305 1087 1368; x_wconf 87' lang='lat' dir='ltr'>itaque</span> <span class='ocrx_word' id='word_1_116' title='bbox 1126 1322 1300 1351; x_wconf 89' lang='lat' dir='ltr'>sexuum</span> <span class='ocrx_word' id='word_1_117' title='bbox 1320 1343 1332 1363; x_wconf 83' lang='lat'>‚</span> <span class='ocrx_word' id='word_1_118' title='bbox 1360 1307 1450 1353; x_wconf 88' lang='lat' dir='ltr'>sive</span> <span class='ocrx_word' id='word_1_119' title='bbox 1482 1309 1529 1354; x_wconf 91' lang='lat' dir='ltr'>in</span> 
     </span>
     <span class='ocr_line' id='line_1_16' title="bbox 142 1375 1529 1434; baseline 0.002 -12"><span class='ocrx_word' id='word_1_120' title='bbox 142 1376 309 1422; x_wconf 85' lang='lat' dir='ltr'>Christi</span> <span class='ocrx_word' id='word_1_121' title='bbox 334 1393 462 1422; x_wconf 88' lang='lat' dir='ltr'>carne</span> <span class='ocrx_word' id='word_1_122' title='bbox 484 1377 594 1434; x_wconf 76' lang='lat' dir='ltr'>suit,</span> <span class='ocrx_word' id='word_1_123' title='bbox 623 1377 709 1423; x_wconf 87' lang='lat' dir='ltr'>sive</span> <span class='ocrx_word' id='word_1_124' title='bbox 729 1393 817 1421; x_wconf 89' lang='lat' dir='ltr'>non</span> <span class='ocrx_word' id='word_1_125' title='bbox 845 1375 954 1432; x_wconf 78' lang='lat' dir='ltr'>fuit,</span> <span class='ocrx_word' id='word_1_126' title='bbox 986 1376 1099 1421; x_wconf 88' lang='lat' dir='ltr'>mala</span> <span class='ocrx_word' id='word_1_127' title='bbox 1118 1386 1161 1421; x_wconf 90' lang='lat' dir='ltr'>et</span> <span class='ocrx_word' id='word_1_128' title='bbox 1181 1377 1402 1424; x_wconf 84' lang='lat' dir='ltr'>diabolica</span> <span class='ocrx_word' id='word_1_129' title='bbox 1438 1396 1529 1425; x_wconf 91' lang='lat' dir='ltr'>non</span> 
     </span>
     <span class='ocr_line' id='line_1_17' title="bbox 140 1446 382 1493; baseline 0.004 -1"><span class='ocrx_word' id='word_1_130' title='bbox 140 1446 335 1493; x_wconf 90' lang='lat' dir='ltr'>docetur.</span> <span class='ocrx_word' id='word_1_131' title='bbox 361 1467 382 1489; x_wconf 72' lang='grc' dir='ltr'>υ</span> 
     </span>
    </p>

    <p class='ocr_par' dir='ltr' id='par_1_6' title="bbox 139 1518 1526 1849">
     <span class='ocr_line' id='line_1_18' title="bbox 207 1518 1526 1582; baseline 0.002 -17"><span class='ocrx_word' id='word_1_132' title='bbox 207 1519 320 1566; x_wconf 76' lang='lat' dir='ltr'>AUG.</span> <span class='ocrx_word' id='word_1_133' title='bbox 364 1518 731 1582; x_wconf 81' lang='lat' dir='ltr'>Concupiscentia</span> <span class='ocrx_word' id='word_1_134' title='bbox 761 1518 902 1564; x_wconf 78' lang='lat' dir='ltr'>carnis</span> <span class='ocrx_word' id='word_1_135' title='bbox 939 1518 1053 1563; x_wconf 83' lang='lat' dir='ltr'>mala</span> <span class='ocrx_word' id='word_1_136' title='bbox 1083 1528 1173 1574; x_wconf 81' lang='lat' dir='ltr'>est,</span> <span class='ocrx_word' id='word_1_137' title='bbox 1209 1529 1249 1564; x_wconf 89' lang='lat' dir='ltr'>et</span> <span class='ocrx_word' id='word_1_138' title='bbox 1286 1520 1463 1582; x_wconf 84' lang='lat' dir='ltr'>quando</span> <span class='ocrx_word' id='word_1_139' title='bbox 1488 1521 1526 1567; x_wconf 89' lang='lat' dir='ltr'>ei</span> 
     </span>
     <span class='ocr_line' id='line_1_19' title="bbox 140 1589 1523 1653; baseline 0.001 -17"><span class='ocrx_word' id='word_1_140' title='bbox 140 1607 229 1636; x_wconf 90' lang='lat' dir='ltr'>non</span> <span class='ocrx_word' id='word_1_141' title='bbox 246 1589 516 1636; x_wconf 85' lang='lat' dir='ltr'>consentitur</span> <span class='ocrx_word' id='word_1_142' title='bbox 537 1589 590 1635; x_wconf 87' lang='lat' dir='ltr'>ad</span> <span class='ocrx_word' id='word_1_143' title='bbox 611 1589 775 1635; x_wconf 88' lang='lat' dir='ltr'>malum</span> <span class='ocrx_word' id='word_1_144' title='bbox 800 1607 810 1634; x_wconf 73' lang='grc' dir='ltr'>ε</span> <span class='ocrx_word' id='word_1_145' title='bbox 837 1589 931 1652; x_wconf 84' lang='lat' dir='ltr'>ipsa</span> <span class='ocrx_word' id='word_1_146' title='bbox 950 1598 1011 1634; x_wconf 85' lang='lat' dir='ltr'>est</span> <span class='ocrx_word' id='word_1_147' title='bbox 1030 1589 1143 1634; x_wconf 90' lang='lat' dir='ltr'>enim</span> <span class='ocrx_word' id='word_1_148' title='bbox 1159 1626 1170 1646; x_wconf 76' lang='lat'><strong><em>‚</em></strong></span> <span class='ocrx_word' id='word_1_149' title='bbox 1195 1606 1281 1653; x_wconf 83' lang='lat' dir='ltr'>qua</span> <span class='ocrx_word' id='word_1_150' title='bbox 1296 1607 1398 1637; x_wconf 84' lang='lat' dir='ltr'>caro</span> <span class='ocrx_word' id='word_1_151' title='bbox 1416 1608 1523 1637; x_wconf 89' lang='lat' dir='ltr'>con-</span> 
     </span>
     <span class='ocr_line' id='line_1_20' title="bbox 141 1660 1526 1724; baseline 0.002 -18"><span class='ocrx_word' id='word_1_152' title='bbox 141 1662 328 1724; x_wconf 85' lang='lat' dir='ltr'>cupiscit</span> <span class='ocrx_word' id='word_1_153' title='bbox 349 1660 552 1707; x_wconf 86' lang='lat' dir='ltr'>adversus</span> <span class='ocrx_word' id='word_1_154' title='bbox 568 1661 794 1724; x_wconf 86' lang='lat' dir='ltr'>spiritum;</span> <span class='ocrx_word' id='word_1_155' title='bbox 819 1660 985 1706; x_wconf 87' lang='lat' dir='ltr'>etiamsi</span> <span class='ocrx_word' id='word_1_156' title='bbox 1011 1660 1213 1706; x_wconf 78' lang='lat' dir='ltr'>adversus</span> <span class='ocrx_word' id='word_1_157' title='bbox 1238 1678 1331 1707; x_wconf 89' lang='lat' dir='ltr'>eam</span> <span class='ocrx_word' id='word_1_158' title='bbox 1354 1679 1526 1709; x_wconf 91' lang='lat' dir='ltr'>concu—</span> 
     </span>
     <span class='ocr_line' id='line_1_21' title="bbox 139 1729 1526 1798; baseline 0.002 -21"><span class='ocrx_word' id='word_1_159' title='bbox 139 1731 332 1794; x_wconf 80' lang='lat' dir='ltr'>piscente</span> <span class='ocrx_word' id='word_1_160' title='bbox 350 1731 533 1794; x_wconf 83' lang='lat' dir='ltr'>spiritu,</span> <span class='ocrx_word' id='word_1_161' title='bbox 552 1748 637 1777; x_wconf 89' lang='lat' dir='ltr'>non</span> <span class='ocrx_word' id='word_1_162' title='bbox 657 1730 857 1794; x_wconf 84' lang='lat' dir='ltr'>perficiat</span> <span class='ocrx_word' id='word_1_163' title='bbox 876 1729 997 1794; x_wconf 87' lang='lat' dir='ltr'>quod</span> <span class='ocrx_word' id='word_1_164' title='bbox 1019 1741 1221 1788; x_wconf 75' lang='lat' dir='ltr'>conatur,</span> <span class='ocrx_word' id='word_1_165' title='bbox 1247 1731 1293 1777; x_wconf 89' lang='lat' dir='ltr'>id</span> <span class='ocrx_word' id='word_1_166' title='bbox 1315 1743 1393 1790; x_wconf 80' lang='lat' dir='ltr'>est,</span> <span class='ocrx_word' id='word_1_167' title='bbox 1415 1751 1526 1798; x_wconf 89' lang='lat' dir='ltr'>opus</span> 
     </span>
     <span class='ocr_line' id='line_1_22' title="bbox 140 1801 319 1849; baseline 0.006 -1"><span class='ocrx_word' id='word_1_168' title='bbox 140 1801 319 1849; x_wconf 79' lang='lat' dir='ltr'>malum.</span> 
     </span>
    </p>

    <p class='ocr_par' dir='ltr' id='par_1_7' title="bbox 92 1871 1521 2360">
     <span class='ocr_line' id='line_1_23' title="bbox 204 1871 1521 1927; baseline 0.005 -9"><span class='ocrx_word' id='word_1_169' title='bbox 204 1873 347 1920; x_wconf 88' lang='lat' dir='ltr'>LXII.</span> <span class='ocrx_word' id='word_1_170' title='bbox 371 1873 397 1918; x_wconf 87' lang='lat' dir='ltr'>J</span> <span class='ocrx_word' id='word_1_171' title='bbox 406 1890 470 1920; x_wconf 82' lang='lat' dir='ltr'>UL.</span> <span class='ocrx_word' id='word_1_172' title='bbox 512 1894 533 1914; x_wconf 83' lang='lat'>«</span> <span class='ocrx_word' id='word_1_173' title='bbox 562 1871 629 1918; x_wconf 88' lang='lat' dir='ltr'>Ad</span> <span class='ocrx_word' id='word_1_174' title='bbox 651 1872 734 1918; x_wconf 88' lang='lat' dir='ltr'>alia</span> <span class='ocrx_word' id='word_1_175' title='bbox 758 1873 819 1917; x_wconf 92' lang='lat' dir='ltr'>ire</span> <span class='ocrx_word' id='word_1_176' title='bbox 842 1872 996 1918; x_wconf 85' lang='lat' dir='ltr'>festino</span> <span class='ocrx_word' id='word_1_177' title='bbox 1011 1908 1021 1927; x_wconf 87' lang='lat'>‚</span> <span class='ocrx_word' id='word_1_178' title='bbox 1046 1872 1119 1918; x_wconf 89' lang='lat' dir='ltr'>sed</span> <span class='ocrx_word' id='word_1_179' title='bbox 1139 1873 1325 1920; x_wconf 88' lang='lat' dir='ltr'>multum</span> <span class='ocrx_word' id='word_1_180' title='bbox 1351 1875 1426 1922; x_wconf 87' lang='lat' dir='ltr'>hic</span> <span class='ocrx_word' id='word_1_181' title='bbox 1449 1894 1521 1924; x_wconf 88' lang='lat' dir='ltr'>re-</span> 
     </span>
     <span class='ocr_line' id='line_1_24' title="bbox 92 1942 1515 2004; baseline 0.004 -16"><span class='ocrx_word' id='word_1_182' title='bbox 92 1998 96 2001; x_wconf 21' lang='lat'><em>*</em></span> <span class='ocrx_word' id='word_1_183' title='bbox 140 1960 239 1989; x_wconf 88' lang='lat' dir='ltr'>rum</span> <span class='ocrx_word' id='word_1_184' title='bbox 263 1943 550 1989; x_wconf 83' lang='lat' dir='ltr'>admiratione</span> <span class='ocrx_word' id='word_1_185' title='bbox 578 1943 758 2002; x_wconf 82' lang='lat' dir='ltr'>defigor.</span> <span class='ocrx_word' id='word_1_186' title='bbox 785 1942 874 1998; x_wconf 83' lang='lat' dir='ltr'>Qui</span> <span class='ocrx_word' id='word_1_187' title='bbox 897 1942 942 1988; x_wconf 90' lang='lat' dir='ltr'>in</span> <span class='ocrx_word' id='word_1_188' title='bbox 963 1943 1094 1988; x_wconf 86' lang='lat' dir='ltr'>alium</span> <span class='ocrx_word' id='word_1_189' title='bbox 1115 1954 1260 1989; x_wconf 85' lang='lat' dir='ltr'>tantus</span> <span class='ocrx_word' id='word_1_190' title='bbox 1283 1944 1404 1992; x_wconf 88' lang='lat' dir='ltr'>furor</span> <span class='ocrx_word' id='word_1_191' title='bbox 1426 1959 1515 2004; x_wconf 82' lang='lat' dir='ltr'>est,</span> 
     </span>
     <span class='ocr_line' id='line_1_25' title="bbox 141 2011 1514 2078; baseline 0.003 -19"><span class='ocrx_word' id='word_1_192' title='bbox 141 2025 190 2059; x_wconf 92' lang='lat' dir='ltr'>ut</span> <span class='ocrx_word' id='word_1_193' title='bbox 212 2013 245 2059; x_wconf 91' lang='lat' dir='ltr'>si</span> <span class='ocrx_word' id='word_1_194' title='bbox 267 2013 515 2077; x_wconf 82' lang='lat' dir='ltr'>Scripturas</span> <span class='ocrx_word' id='word_1_195' title='bbox 541 2030 627 2058; x_wconf 92' lang='lat' dir='ltr'>non</span> <span class='ocrx_word' id='word_1_196' title='bbox 648 2011 850 2072; x_wconf 86' lang='lat' dir='ltr'>intelligis</span> <span class='ocrx_word' id='word_1_197' title='bbox 866 2049 877 2068; x_wconf 83' lang='lat'>‚</span> <span class='ocrx_word' id='word_1_198' title='bbox 904 2012 971 2058; x_wconf 85' lang='lat' dir='ltr'>vel</span> <span class='ocrx_word' id='word_1_199' title='bbox 992 2023 1068 2058; x_wconf 85' lang='lat' dir='ltr'>tua</span> <span class='ocrx_word' id='word_1_200' title='bbox 1099 2012 1217 2059; x_wconf 88' lang='lat' dir='ltr'>dicta</span> <span class='ocrx_word' id='word_1_201' title='bbox 1238 2031 1324 2059; x_wconf 90' lang='lat' dir='ltr'>non</span> <span class='ocrx_word' id='word_1_202' title='bbox 1345 2017 1514 2078; x_wconf 87' lang='lat' dir='ltr'>ponde-</span> 
     </span>
     <span class='ocr_line' id='line_1_26' title="bbox 139 2083 1514 2148; baseline 0.003 -17"><span class='ocrx_word' id='word_1_203' title='bbox 139 2088 234 2132; x_wconf 75' lang='lat' dir='ltr'>res?</span> <span class='ocrx_word' id='word_1_204' title='bbox 255 2085 329 2131; x_wconf 90' lang='lat' dir='ltr'>sed</span> <span class='ocrx_word' id='word_1_205' title='bbox 364 2085 425 2131; x_wconf 84' lang='lat' dir='ltr'>ita</span> <span class='ocrx_word' id='word_1_206' title='bbox 457 2083 768 2145; x_wconf 75' lang='lat' dir='ltr'>argumentaris</span> <span class='ocrx_word' id='word_1_207' title='bbox 798 2084 980 2143; x_wconf 85' lang='lat' dir='ltr'>jugiter,</span> <span class='ocrx_word' id='word_1_208' title='bbox 1018 2095 1065 2129; x_wconf 86' lang='lat' dir='ltr'>ut</span> <span class='ocrx_word' id='word_1_209' title='bbox 1085 2085 1304 2148; x_wconf 86' lang='lat' dir='ltr'>quidquid</span> <span class='ocrx_word' id='word_1_210' title='bbox 1330 2089 1514 2147; x_wconf 87' lang='lat' dir='ltr'>jeceris,</span> 
     </span>
     <span class='ocr_line' id='line_1_27' title="bbox 139 2154 1515 2219; baseline 0.002 -16"><span class='ocrx_word' id='word_1_211' title='bbox 139 2167 333 2204; x_wconf 84' lang='lat' dir='ltr'>recurrat</span> <span class='ocrx_word' id='word_1_212' title='bbox 356 2156 401 2202; x_wconf 90' lang='lat' dir='ltr'>in</span> <span class='ocrx_word' id='word_1_213' title='bbox 426 2166 466 2202; x_wconf 90' lang='lat' dir='ltr'>te</span> <span class='ocrx_word' id='word_1_214' title='bbox 493 2157 659 2218; x_wconf 89' lang='lat' dir='ltr'>impetu</span> <span class='ocrx_word' id='word_1_215' title='bbox 690 2154 932 2214; x_wconf 82' lang='lat' dir='ltr'>grandiore.</span> <span class='ocrx_word' id='word_1_216' title='bbox 965 2154 1120 2201; x_wconf 82' lang='lat' dir='ltr'>Dixisti</span> <span class='ocrx_word' id='word_1_217' title='bbox 1149 2173 1328 2219; x_wconf 83' lang='lat' dir='ltr'>nempe,</span> <span class='ocrx_word' id='word_1_218' title='bbox 1350 2159 1515 2206; x_wconf 85' lang='lat' dir='ltr'>nullam</span> 
     </span>
     <span class='ocr_line' id='line_1_28' title="bbox 138 2226 1515 2290; baseline 0.002 -15"><span class='ocrx_word' id='word_1_219' title='bbox 138 2245 225 2275; x_wconf 88' lang='lat' dir='ltr'>esse</span> <span class='ocrx_word' id='word_1_220' title='bbox 253 2226 657 2290; x_wconf 65' lang='lat' dir='ltr'>causam&#39;pudoris‚</span> <span class='ocrx_word' id='word_1_221' title='bbox 687 2236 848 2289; x_wconf 74' lang='lat' dir='ltr'>praeter</span> <span class='ocrx_word' id='word_1_222' title='bbox 877 2226 1275 2289; x_wconf 83' lang='lat' dir='ltr'>concupiscentiam</span> <span class='ocrx_word' id='word_1_223' title='bbox 1304 2231 1444 2277; x_wconf 87' lang='lat' dir='ltr'>carnis</span> <span class='ocrx_word' id='word_1_224' title='bbox 1469 2233 1515 2278; x_wconf 91' lang='lat' dir='ltr'>in</span> 
     </span>
     <span class='ocr_line' id='line_1_29' title="bbox 139 2297 973 2360; baseline -0.008 -15"><span class='ocrx_word' id='word_1_225' title='bbox 139 2297 399 2360; x_wconf 85' lang='lat' dir='ltr'>genitalibus</span> <span class='ocrx_word' id='word_1_226' title='bbox 422 2297 615 2343; x_wconf 89' lang='lat' dir='ltr'>motibus</span> <span class='ocrx_word' id='word_1_227' title='bbox 632 2307 928 2360; x_wconf 82' lang='lat' dir='ltr'>apparentem.</span> <span class='ocrx_word' id='word_1_228' title='bbox 953 2318 973 2339; x_wconf 71' lang='lat' dir='ltr'>n</span> 
     </span>
    </p>

    <p class='ocr_par' dir='ltr' id='par_1_8' title="bbox 138 2366 1514 2645">
     <span class='ocr_line' id='line_1_30' title="bbox 205 2366 1511 2434; baseline 0.005 -19"><span class='ocrx_word' id='word_1_229' title='bbox 205 2370 319 2416; x_wconf 81' lang='lat' dir='ltr'>AUG.</span> <span class='ocrx_word' id='word_1_230' title='bbox 362 2369 462 2414; x_wconf 93' lang='lat' dir='ltr'>Non</span> <span class='ocrx_word' id='word_1_231' title='bbox 479 2367 567 2413; x_wconf 89' lang='lat' dir='ltr'>hoc</span> <span class='ocrx_word' id='word_1_232' title='bbox 587 2366 689 2414; x_wconf 80' lang='lat' dir='ltr'>dixi.</span> <span class='ocrx_word' id='word_1_233' title='bbox 716 2367 826 2412; x_wconf 89' lang='lat' dir='ltr'>Sunt</span> <span class='ocrx_word' id='word_1_234' title='bbox 843 2367 956 2413; x_wconf 88' lang='lat' dir='ltr'>enim</span> <span class='ocrx_word' id='word_1_235' title='bbox 978 2378 1020 2412; x_wconf 86' lang='lat' dir='ltr'>et</span> <span class='ocrx_word' id='word_1_236' title='bbox 1038 2367 1132 2413; x_wconf 78' lang='lat' dir='ltr'>aliae</span> <span class='ocrx_word' id='word_1_237' title='bbox 1150 2384 1293 2415; x_wconf 85' lang='lat' dir='ltr'>causae</span> <span class='ocrx_word' id='word_1_238' title='bbox 1311 2372 1511 2434; x_wconf 72' lang='lat' dir='ltr'>pudoris,</span> 
     </span>
     <span class='ocr_line' id='line_1_31' title="bbox 138 2437 1506 2502; baseline 0.006 -17"><span class='ocrx_word' id='word_1_239' title='bbox 138 2439 225 2485; x_wconf 89' lang='lat' dir='ltr'>sive</span> <span class='ocrx_word' id='word_1_240' title='bbox 248 2457 300 2485; x_wconf 90' lang='lat' dir='ltr'>ne</span> <span class='ocrx_word' id='word_1_241' title='bbox 320 2439 396 2484; x_wconf 85' lang='lat' dir='ltr'>fiat</span> <span class='ocrx_word' id='word_1_242' title='bbox 415 2437 580 2500; x_wconf 88' lang='lat' dir='ltr'>aliquid</span> <span class='ocrx_word' id='word_1_243' title='bbox 599 2438 719 2502; x_wconf 88' lang='lat' dir='ltr'>quod</span> <span class='ocrx_word' id='word_1_244' title='bbox 747 2455 832 2484; x_wconf 88' lang='lat' dir='ltr'>non</span> <span class='ocrx_word' id='word_1_245' title='bbox 847 2437 971 2484; x_wconf 86' lang='lat' dir='ltr'>decet</span> <span class='ocrx_word' id='word_1_246' title='bbox 986 2476 997 2495; x_wconf 84' lang='lat'>‚</span> <span class='ocrx_word' id='word_1_247' title='bbox 1025 2439 1112 2484; x_wconf 87' lang='lat' dir='ltr'>sive</span> <span class='ocrx_word' id='word_1_248' title='bbox 1129 2439 1231 2502; x_wconf 87' lang='lat' dir='ltr'>quia</span> <span class='ocrx_word' id='word_1_249' title='bbox 1248 2439 1412 2489; x_wconf 90' lang='lat' dir='ltr'>factum</span> <span class='ocrx_word' id='word_1_250' title='bbox 1431 2458 1506 2497; x_wconf 80' lang='lat' dir='ltr'>est.</span> 
     </span>
     <span class='ocr_line' id='line_1_32' title="bbox 140 2507 1514 2575; baseline 0.001 -19"><span class='ocrx_word' id='word_1_251' title='bbox 140 2510 226 2557; x_wconf 88' lang='lat' dir='ltr'>Sed</span> <span class='ocrx_word' id='word_1_252' title='bbox 249 2510 384 2570; x_wconf 89' lang='lat' dir='ltr'>hujus</span> <span class='ocrx_word' id='word_1_253' title='bbox 407 2508 588 2572; x_wconf 88' lang='lat' dir='ltr'>pudoris</span> <span class='ocrx_word' id='word_1_254' title='bbox 611 2507 664 2553; x_wconf 90' lang='lat' dir='ltr'>de</span> <span class='ocrx_word' id='word_1_255' title='bbox 689 2525 778 2572; x_wconf 89' lang='lat' dir='ltr'>quo</span> <span class='ocrx_word' id='word_1_256' title='bbox 804 2526 923 2555; x_wconf 86' lang='lat' dir='ltr'>nunc</span> <span class='ocrx_word' id='word_1_257' title='bbox 945 2509 1113 2569; x_wconf 78' lang='lat' dir='ltr'>agimus</span> <span class='ocrx_word' id='word_1_258' title='bbox 1128 2545 1140 2565; x_wconf 83' lang='grc'>,</span> <span class='ocrx_word' id='word_1_259' title='bbox 1174 2526 1275 2556; x_wconf 90' lang='lat' dir='ltr'>cum</span> <span class='ocrx_word' id='word_1_260' title='bbox 1299 2517 1514 2575; x_wconf 77' lang='lat' dir='ltr'>quaeritur</span> 
     </span>
     <span class='ocr_line' id='line_1_33' title="bbox 138 2579 1512 2645; baseline 0.004 -18"><span class='ocrx_word' id='word_1_261' title='bbox 138 2597 267 2628; x_wconf 86' lang='lat' dir='ltr'>causa</span> <span class='ocrx_word' id='word_1_262' title='bbox 281 2617 294 2638; x_wconf 87' lang='lat'>,</span> <span class='ocrx_word' id='word_1_263' title='bbox 318 2580 394 2627; x_wconf 83' lang='lat' dir='ltr'>illa</span> <span class='ocrx_word' id='word_1_264' title='bbox 420 2579 637 2627; x_wconf 88' lang='lat' dir='ltr'>verissima</span> <span class='ocrx_word' id='word_1_265' title='bbox 659 2579 891 2643; x_wconf 78' lang='lat' dir='ltr'>reperitur,</span> <span class='ocrx_word' id='word_1_266' title='bbox 927 2597 1015 2645; x_wconf 88' lang='lat' dir='ltr'>qua</span> <span class='ocrx_word' id='word_1_267' title='bbox 1039 2579 1203 2627; x_wconf 86' lang='lat' dir='ltr'>factum</span> <span class='ocrx_word' id='word_1_268' title='bbox 1225 2592 1311 2640; x_wconf 83' lang='lat' dir='ltr'>est,</span> <span class='ocrx_word' id='word_1_269' title='bbox 1341 2597 1390 2632; x_wconf 89' lang='lat' dir='ltr'>ut</span> <span class='ocrx_word' id='word_1_270' title='bbox 1412 2589 1512 2638; x_wconf 83' lang='lat' dir='ltr'>haec</span> 
     </span>
    </p>
   </div>
   <div class='ocr_carea' id='block_1_3' title="bbox 187 2665 451 2703">
    <p class='ocr_par' dir='ltr' id='par_1_9' title="bbox 187 2665 451 2703">
     <span class='ocr_line' id='line_1_34' title="bbox 187 2665 451 2703; baseline 0 -6"><span class='ocrx_word' id='word_1_271' title='bbox 187 2668 197 2690; x_wconf 91' lang='lat'><strong>¹</strong></span> <span class='ocrx_word' id='word_1_272' title='bbox 215 2669 308 2698; x_wconf 86' lang='lat' dir='ltr'>Rom.</span> <span class='ocrx_word' id='word_1_273' title='bbox 326 2675 400 2703; x_wconf 83' lang='lat' dir='ltr'>vm,</span> <span class='ocrx_word' id='word_1_274' title='bbox 421 2665 451 2697; x_wconf 88' lang='lat'>3.</span> 
     </span>
    </p>
   </div>
   <div class='ocr_carea' id='block_1_4' title="bbox 1312 2727 1380 2781">
    <p class='ocr_par' dir='ltr' id='par_1_10' title="bbox 1312 2727 1380 2781">
     <span class='ocr_line' id='line_1_35' title="bbox 1312 2727 1380 2781; baseline 0.015 -12"><span class='ocrx_word' id='word_1_275' title='bbox 1312 2727 1380 2781; x_wconf 74' lang='lat'>14.</span> 
     </span>
    </p>
   </div>
  </div>
 </body>
</html>
