1824 3236
352 248 446 308 494
775 261 810 290 s.
856 261 1100 293 mausum
1136 261 1340 292 EPISCOPI

351 347 371 366 »
392 324 530 371 solvat
560 340 691 387 opera
722 322 888 371 diaboli
904 325 940 375 1.
967 345 978 373 ε
1002 350 1023 370 »
1048 344 1150 392 quae
1176 343 1251 372 vos
1271 328 1432 387 negatis
1465 329 1510 374 in
1539 330 1734 394 parvulis

351 396 484 452 solvi,
508 395 631 459 quasi
661 406 844 458 propter
879 397 974 444 illos
996 416 1084 445 non
1107 397 1296 455 venerit,
1323 399 1397 462 qui
1429 399 1527 445 ideo
1546 401 1664 447 venit
1685 412 1734 449 ut

351 467 489 512 solvat
513 484 644 530 opera
664 466 843 514 diaboli.
869 470 1166 533 Praeceptores
1188 470 1317 515 etiam
1342 487 1459 516 meos
1474 488 1630 531 negare
1646 490 1734 519 non

351 538 489 584 debeo
504 575 515 593 ‚
541 538 619 601 qui
643 555 709 583 me
728 538 781 584 ad
802 539 889 586 hoc
905 540 1234 601 intelligendum
1253 558 1330 588 suo
1351 542 1561 589 litterario
1583 543 1734 590 labore

342 615 565 671 Juve1·unt.
604 611 724 655 Meus
762 623 1012 675 praeceptor
1047 623 1109 657 est
1144 614 1392 675 Cyprianus
1418 651 1429 671 ,
1467 615 1543 678 qui
1582 615 1689 661 dicit
1718 655 1730 672 ‚

349 681 563 727 Infantem
587 681 828 727 secundum
856 683 996 729 Adam
1015 682 1247 729 carnaliter
1271 695 1425 730 natum
1446 722 1457 742 ,
1480 687 1735 746 contagium

352 753 503 800 mortis
532 753 723 817 antiquae
748 770 893 816 prima
927 754 1152 800 nativitate
1173 754 1366 812 traxisse,
1391 766 1433 801 et
1452 756 1538 802 1106
1560 757 1655 820 ipso
1679 757 1736 805 ad

353 825 645 873 remissionem
666 835 948 889 peccatorum
978 826 1280 889 accipiendam
1309 825 1479 873 facilius
1504 828 1732 886 accedere,

352 898 474 963 quod
510 898 547 943 ei
573 898 856 943 remittuntur
891 915 979 943 non
1018 899 1225 961 propria,
1252 897 1324 944 sed
1363 899 1502 945 aliena
1537 911 1729 963 peccata.

352 973 475 1015 Meus
498 979 560 1014 est
584 978 830 1033 praeceptor
856 969 1110 1014 Ambrosius
1128 1006 1138 1026 ,
1168 973 1295 1029 qu'us
1320 987 1408 1016 non
1436 969 1575 1016 solum
1599 971 1738 1018 libros

351 1040 480 1101 leg-12,
509 1039 583 1085 sed
612 1039 744 1085 verba
767 1040 896 1085 ctiam
924 1040 1142 1103 loquentis
1174 1041 1345 1098 audivi,
1378 1052 1419 1087 et
1442 1059 1520 1105 per
1549 1059 1647 1090 eum
1669 1042 1736 1089 la-

352 1127 533 1158 vacrum
556 1110 887 1170 regenerationis
907 1111 1071 1174 accepi.
1098 1113 1247 1171 Longe
1269 1129 1365 1158 sum
1391 1111 1569 1176 quidem
1593 1113 1739 1176 impar

353 1182 517 1228 meritis
540 1186 630 1242 ejus
655 1198 665 1226 :
693 1180 767 1226 sed
797 1182 1007 1228 confiteor
1034 1192 1076 1227 et
1100 1184 1311 1245 profiteor
1342 1184 1476 1230 mein
1499 1183 1585 1230 hac
1611 1201 1739 1231 causa

354 1254 466 1301 nihil
491 1254 546 1300 ab
567 1254 654 1299 hoc
668 1270 763 1299 meo
777 1264 1052 1317 praeceptore
1071 1253 1258 1301 differre.
1285 1255 1369 1300 Cui
1386 1254 1499 1300 absit
1515 1265 1564 1302 ut
1582 1254 1741 1302 audeas

354 1326 561 1392 praeferre
580 1325 804 1384 Pelagium
823 1335 1142 1389 praeceptorem
1164 1335 1289 1371 tuum
1313 1343 1324 1370 τ
1348 1342 1478 1388 quem
1497 1336 1642 1371 tamen
1662 1341 1739 1384 ego

356 1410 508 1446 contra
546 1408 587 1442 te
619 1395 672 1441 de
705 1395 939 1441 Ambrosio
973 1407 1093 1441 teneo
1132 1407 1282 1442 testem
1314 1414 1461 1442 meum
1477 1396 1510 1445 3.
1543 1395 1740 1456 Pelagius

354 1472 469 1517 enim
488 1469 623 1525 dixit,
649 1467 770 1532 quod
789 1471 879 1526 ejus
903 1468 1036 1513 fidem
1059 1478 1101 1512 et
1119 1469 1403 1531 purissimum
1425 1470 1469 1515 in
1501 1467 1740 1530 Scripturis

354 1559 523 1589 sensum
568 1557 622 1586 ne
664 1538 868 1584 inimicus
908 1538 1086 1602 quidem
1127 1556 1254 1586 ausus
1294 1549 1356 1585 est
1398 1538 1732 1602 reprehendere.

355 1616 498 1672 Quem
515 1613 576 1658 sic
597 1622 645 1657 tu
671 1610 803 1657 audes
825 1610 1143 1674 reprehendere
1159 1647 1169 1667 ‚
1188 1621 1235 1656 ut
1252 1610 1373 1675 quod
1397 1611 1456 1657 ait
1475 1609 1737 1660 discordiam

352 1685 494 1732 carnis
527 1700 607 1747 per
643 1682 1050 1747 praevaricationem
1083 1683 1218 1745 primi
1252 1683 1444 1728 hominis
1475 1683 1521 1729 in
1547 1691 1738 1729 nostram

351 1757 526 1805 vertisse
543 1752 795 1809 naturam&
818 1763 860 1798 et
878 1753 1099 1817 quidquid
1117 1753 1236 1799 aliud
1259 1754 1313 1800 de
1332 1755 1484 1801 vitiata
1498 1771 1577 1817 per
1599 1752 1739 1800 Adam

354 1839 510 1874 natura
547 1826 743 1872 humana
777 1824 906 1870 sensit
934 1836 977 1870 et
1005 1824 1138 1882 dixit,
1170 1825 1409 1871 Manichaei
1439 1824 1623 1870 affirmes
1653 1839 1739 1870 esse

355 1907 667 1946 commentum.
702 1896 814 1942 Sane
844 1895 1141 1942 testimonium
1177 1896 1457 1959 praeceptoris
1489 1896 1553 1941 tui
1580 1896 1626 1943 in
1652 1893 1738 1940 hoc

357 1980 477 2017 tanto
498 1969 592 2015 viro
610 1985 655 2013 ex
677 1977 802 2030 parte
817 1967 1011 2013 custodis
1029 2004 1040 2024 ‚
1063 1967 1184 2031 quod
1205 1984 1302 2013 eum
1318 1984 1406 2012 non
1431 1967 1562 2013 audes
1589 1975 1738 2029 aperte

355 2038 699 2105 reprehendere:
725 2037 798 2083 sed
822 2055 924 2083 cum
949 2038 1060 2083 mihi
1084 2039 1342 2084 nominatim
1373 2037 1632 2084 conviciaris
1650 2035 1737 2080 lin-

358 2129 440 2173 gua
457 2109 669 2155 maledica
687 2119 729 2154 et
745 2109 886 2154 fronte
901 2120 1108 2171 proterva
1126 2145 1136 2167 ⁷
1153 2109 1351 2172 profecto
1363 2120 1405 2155 et
1417 2108 1540 2154 illum
1556 2118 1596 2152 et
1611 2106 1733 2162 alios,

354 2183 432 2247 qui
464 2180 611 2226 eadem
634 2189 858 2224 senserunt
877 2190 1006 2242 atque
1031 2180 1258 2234 dixerunt,
1285 2179 1489 2224 Ecclesiae
1508 2176 1739 2223 catholicae

356 2269 531 2313 magnos
563 2250 789 2312 clarosque
814 2249 1012 2295 doctores
1037 2261 1160 2296 tanto
1185 2250 1368 2312 nequius
1384 2287 1395 2306 ‚
1430 2258 1596 2313 quanto
1620 2248 1739 2294 obli-

356 2325 485 2388 quius
517 2321 774 2368 criminaris.
816 2322 905 2380 Ego
940 2321 1086 2385 itaque
1124 2321 1324 2367 adversus
1360 2332 1399 2366 te
1423 2331 1463 2366 et
1488 2336 1626 2365 meam
1657 2318 1738 2363 de-

350 2395 481 2442 fendo
507 2404 547 2440 et
569 2393 744 2438 illorum
769 2391 898 2439 fidem
919 2429 930 2448 ,
950 2410 1059 2456 quos
1084 2393 1233 2456 palam
1256 2393 1380 2438 times
1404 2391 1566 2437 habere
1584 2389 1736 2436 inimi-

354 2484 426 2513 cos
443 2503 454 2523 ‚
477 2476 519 2511 et
538 2463 699 2510 invitus
715 2463 873 2526 pateris
893 2464 1076 2522 judices,

402 2571 410 2591 Ι
437 2579 449 2599 1
471 2569 635 2603 Joan.111‚
657 2564 690 2597 8.
709 2561 782 2586 -2
800 2563 899 2605 Epist.
921 2565 978 2600 64.
995 2564 1035 2596 ad
1053 2565 1178 2596 Fidum.
1203 2583 1239 2588 w
1261 2561 1275 2585 3
1292 2561 1398 2604 Pelag.
1421 2562 1478 2596 lib.
1503 2563 1533 2596 3.
1555 2562 1594 2593 de
1619 2561 1735 2593 Libero

352 2622 507 2656 Arbitrio.
529 2637 573 2643 ——
591 2617 603 2640 ⁴
620 2618 843 2652 Amb1·os.lib.
864 2630 892 2658 7.
911 2619 944 2650 iu
965 2618 1044 2655 Luc.
1066 2631 1117 2652 η.
