1824 3236
209 253 365 284 OPERIS
404 251 663 283 IMPERFECTI
701 252 875 283 CONTRA
912 253 1155 290 JUJAMIM.
1196 257 1280 289 ΠΡ..
1326 257 1384 288 IV.
1437 258 1526 308 297

149 318 324 366 ditionis
344 335 430 364 non
448 318 642 363 humana
668 318 840 367 meritas
865 318 936 364 sed
961 320 1095 379 gratia
1122 320 1268 367 divina
1287 323 1524 378 discernit3

148 407 247 437 cum
274 389 341 435 vel
360 389 514 449 gratias
537 398 692 446 agunt,
720 388 839 451 quod
863 390 917 434 ab
942 391 998 434 eis
1023 390 1099 435 Dei
1127 393 1417 439 misericordia
1439 394 1525 440 dis-

148 471 409 513 cernuntur,
430 459 554 505 velex
579 460 781 521 perituris
800 477 886 505 non
907 461 1108 524 perituri,
1139 463 1217 507 Dei
1243 463 1526 527 dispositione

145 542 396 578 nascuntur.

211 602 438 648 CXXXII.
468 599 566 646 JUL.
589 620 609 641 c<
630 599 832 646 Advertis
853 618 953 661 ergo
967 612 1175 665 quantam
1201 603 1523 652 distinctionem

143 674 389 737 superficies
407 672 640 718 verborum
660 672 810 718 fecerit
828 672 880 718 de
898 673 1062 718 naturis
1083 674 1268 721 duarum
1292 677 1487 740 plebium
1511 695 1522 722 t

144 743 361 790 Israelitas
392 743 504 788 filios
541 742 620 787 Dei
654 753 780 788 vocat
803 780 812 798 ‚
843 754 885 788 et
909 743 1183 790 Chananaeos
1220 763 1364 791 semen
1389 747 1525 792 male-

142 813 326 861 dictum.
357 813 403 859 Si
422 813 509 859 hoc
530 812 650 876 quod
671 825 818 869 sonat,
847 814 900 859 ad
926 815 1217 874 generationes
1239 816 1468 862 referretur
1484 826 1527 862 et

141 896 319 948 partus;
347 883 581 930 dicendum
609 895 724 938 erat,
754 884 881 930 aliam
916 902 1002 931 esse
1028 886 1325 946 religiosorum
1347 905 1528 948 genera-

142 956 322 1013 tionem,
353 955 478 1001 aliam
502 954 842 1018 profanorum.»

209 1031 323 1074 AUG.
352 1026 578 1090 Numquid
600 1026 806 1089 quoniam
835 1044 936 1073 cum
967 1029 1168 1076 audimus
1192 1031 1302 1076 filios
1326 1029 1433 1083 Dei,
1461 1029 1527 1075 in-

140 1097 372 1158 telligimus
399 1098 608 1158 gratiani3
645 1098 742 1144 ideo
766 1116 866 1144 cum
892 1099 1094 1146 audimus
1129 1101 1240 1147 filios
1263 1101 1494 1147 hominum
1511 1138 1522 1156 ‚

142 1186 228 1215 non
255 1169 464 1215 debemus
488 1185 715 1228 agnoscere
749 1170 1035 1234 confiterique
1070 1175 1303 1218 naturam?
1325 1171 1443 1228 Quid
1464 1181 1526 1215 est

145 1257 245 1300 ergo
259 1239 377 1303 quod
404 1239 512 1284 dicis
530 1277 540 1294 ‚
566 1256 655 1284 non
678 1239 940 1286 inveniendo
963 1242 1070 1304 quid
1095 1242 1214 1288 dicas
1229 1280 1240 1298 ‚
1267 1243 1401 1288 homo
1423 1258 1525 1286 con·

141 1311 346 1357 tentiose?
389 1311 610 1370 Cognosce
634 1310 753 1372 quod
788 1329 937 1357 verum
977 1323 1061 1361 est.
1095 1313 1266 1358 attende
1287 1313 1405 1377 quod
1432 1312 1526 1357 cla-

138 1398 236 1428 rum
248 1391 323 1428 est.
347 1380 500 1426 Semen
518 1380 800 1426 maledictum
817 1382 1057 1428 Chananaei
1084 1383 1190 1429 dicti
1210 1395 1325 1437 sunt,
1343 1392 1525 1447 propter

141 1463 226 1498 tam
254 1451 413 1498 malam
439 1451 713 1514 progeniem,
743 1463 791 1498 ut
812 1456 904 1499 Deo
921 1454 1158 1513 justissimo
1178 1455 1430 1501 vindicante
1454 1464 1523 1499 at-

138 1540 223 1588 que
242 1523 486 1586 imperante
501 1559 511 1571 ,
532 1539 611 1567 nec
633 1526 724 1582 ejus
742 1524 936 1587 parvulis
962 1537 1214 1588 parceretur
1230 1564 1239 1582 ‚
1267 1526 1341 1588 qui
1368 1541 1523 1588 paren-

140 1605 203 1640 tes
226 1611 324 1640 suos
345 1593 465 1639 nulla
484 1593 719 1639 voluntatis
742 1595 984 1642 imitatione
997 1597 1144 1643 sectati
1165 1607 1278 1644 sunt.
1306 1597 1403 1642 Filii
1420 1612 1522 1642 vero

138 1664 222 1711 Dei
241 1663 348 1709 dieti
362 1674 464 1709 sunt
487 1664 716 1719 Israelitae‚
745 1682 834 1711 non
859 1677 1040 1730 propter
1059 1667 1310 1731 progeniem
1330 1677 1518 1721 naturae,

138 1735 212 1783 sed
235 1745 418 1798 propter
447 1733 723 1797 adoptionem
745 1737 911 1796 gratiae.
949 1738 1048 1784 Sive
1082 1756 1182 1798 ergo
1207 1738 1410 1783 dicantur
1444 1736 1520 1783 filii

138 1818 181 1853 et
202 1805 298 1863 filii,
327 1805 415 1852 sive
450 1823 591 1851 semen
616 1818 659 1852 et
696 1824 838 1853 semen
859 1845 869 1864 ‚
896 1809 1004 1871 quid
1038 1820 1077 1854 te
1107 1813 1234 1869 juvat
1264 1810 1343 1854 ista
1369 1824 1521 1854 conso·

138 1878 286 1923 nantia
310 1878 540 1922 nominum
560 1912 571 1934 ‚
590 1877 669 1922 ubi
695 1895 839 1923 rerum
863 1889 925 1924 est
944 1890 1062 1925 tanta
1087 1879 1292 1925 distantia
1312 1883 1330 1925 P

207 1947 459 1994 CXXXlII.
501 1950 602 1993 JUL.
631 1967 650 1988 c<
671 1949 788 1993 Dum
829 1959 1044 1995 constaret
1080 1960 1241 2005 tamen,
1277 1948 1515 1995 secundum

138 2019 266 2065 etiam
281 2018 399 2064 hanc
423 2017 674 2074 vanitatem,
703 2017 928 2066 traducem
952 2020 1085 2083 primi
1109 2037 1194 2065 non
1211 2037 1298 2065 esse
1313 2020 1480 2082 peccati
1501 2037 1512 2064 ε

138 2089 259 2154 quod
280 2089 576 2152 interruptum
601 2088 838 2134 multarum
865 2090 995 2136 simul
1017 2090 1177 2136 semina
1201 2091 1392 2150 gentium
1414 2107 1517 2153 per-

138 2160 374 2207 docebant.
398 2180 420 2201 >³

205 2233 320 2279 Aue.
355 2230 486 2277 Aliud
510 2242 573 2277 est
588 2230 704 2276 illius
733 2231 861 2277 unius
880 2231 1070 2278 hominis
1090 2250 1250 2287 semen,
1273 2232 1393 2297 quod
1417 2242 1518 2277 sunt

138 2319 286 2350 omnes
298 2302 498 2347 homines
511 2322 522 2355 ;
540 2302 657 2347 aliud
671 2302 839 2348 diversa
853 2303 1118 2349 diversarum
1132 2304 1324 2363 gentium
1341 2303 1519 2358 semina,

140 2390 239 2437 quae
257 2372 366 2418 illud
389 2389 476 2417 non
492 2372 822 2435 interrumpunt
845 2373 947 2437 quia
983 2390 1030 2418 ex
1054 2373 1129 2419 illo
1154 2384 1314 2420 cuncta
1340 2373 1516 2419 descen-

139 2445 252 2491 dunt
270 2462 281 2489 ε
302 2460 441 2506 neque
461 2453 595 2502 agunt
608 2460 682 2488 sua
697 2445 921 2500 varietate,
937 2455 986 2490 ut
1006 2444 1115 2490 illud
1134 2455 1362 2508 peccatum
1387 2445 1516 2507 primi

137 2514 346 2569 hominiS,
372 2530 461 2577 quo
484 2514 644 2560 mutari
659 2514 815 2559 meruit
830 2514 1024 2560 humana
1049 2525 1218 2572 natura,
1246 2514 1519 2578 quibuslibet

138 2587 264 2646 longe
290 2595 389 2648 post
417 2585 528 2632 natis
564 2585 617 2631 sit
638 2586 818 2648 posteris
842 2589 934 2646 ejus
970 2588 1166 2643 noxium3
1203 2586 1276 2633 sed
1313 2597 1359 2632 ut
1383 2587 1518 2647 magis
