1863 3262
334 237 394 293 40
765 250 800 280 s.
844 250 1086 281 Auocsrlm
1125 250 1324 282 Eplscopl

333 316 533 382 patribus
557 325 597 361 et
620 315 735 371 filiis,
761 316 837 380 qui
865 317 1095 379 separatim
1115 320 1206 376 jam
1232 317 1446 371 viverent3
1478 317 1580 381 quia
1608 335 1710 365 cum

336 388 506 434 dixisset
535 404 544 431 :
573 408 592 426 «
620 387 916 449 lNonaeiipiet
945 388 1221 451 iniquitatem
1241 389 1374 450 patris
1394 390 1458 434 sui
1480 389 1608 441 iilius,
1633 407 1711 435 ue-

335 475 457 520 »que
493 468 620 520 pater
644 458 825 520 accipiet
849 459 1103 516 injustitiam
1131 458 1207 503 filii
1232 460 1313 514 sui,
1339 480 1358 499 ›>
1384 477 1479 505 mox
1514 460 1708 505 addidit:

331 550 350 569 «
371 528 544 573 Justitia
560 527 665 587 justi
685 544 813 590 super
837 527 980 590 ipsum
1006 528 1098 573 erit.
1132 550 1152 569 η
1174 529 1398 592 Numquid
1421 529 1535 574 enim
1562 530 1606 574 in
1626 530 1713 576 hoc

332 599 492 645 saeculo
509 598 595 643 diei
614 598 796 661 parvulo
816 609 975 661 potest,
997 598 1292 662 quocljustitia
1313 605 1403 660 qius
1421 618 1550 664 super
1568 602 1713 664 ipsum

331 669 408 724 sit;
434 668 612 732 quando
637 668 813 731 quidem
846 686 923 732 per
952 670 1085 714 vitam
1113 671 1338 733 propriam
1377 688 1455 716 nec
1477 674 1610 730 juste,
1633 688 1714 716 nec

331 740 479 802 inique
507 739 651 784 adhue
676 749 817 802 potest
852 739 1025 785 vivere?
1055 739 1285 802 Quidquid
1324 741 1456 800 igitur
1479 758 1715 804 poenarum

332 812 379 858 in
404 811 489 857 hac
526 821 651 856 aetate
674 812 859 874 patitur,
887 828 976 874 quo
1003 812 1153 856 merito
1178 812 1364 874 patitur,
1405 812 1438 857 si
1476 812 1643 857 nullum
1669 829 1716 858 ex

332 883 589 947 parentibus
618 882 772 927 traxit?
801 885 912 926 Cum
935 883 1198 942 justissimus
1234 884 1348 928 Deus
1374 900 1529 946 poenas
1563 883 1717 928 imme-

333 954 437 999 ritas
462 970 540 998 nec
563 953 734 1012 infligat
753 951 900 1007 alicui,
918 970 997 998 nec
1018 953 1156 1012 infligi
1176 952 1287 998 sinat
1307 971 1316 997 ε
1342 970 1420 998 nec
1447 952 1534 998 dici
1560 952 1714 1015 possit,

334 1024 389 1068 ad
412 1022 692 1068 exercendam
717 1022 922 1068 virtutem
947 1022 1122 1086 parvuli
1138 1059 1147 1077 ‚
1171 1039 1272 1086 quae
1292 1023 1439 1068 adhuc
1459 1023 1504 1067 in
1533 1039 1582 1068 eo
1600 1021 1719 1068 nulla

333 1104 412 1149 est,
428 1093 527 1139 haec
542 1093 656 1138 mala
670 1109 768 1138 eum
788 1094 958 1156 perpeti
995 1095 1131 1138 Porro
1146 1095 1179 1138 si
1202 1094 1402 1139 futurum
1421 1093 1630 1139 saeculum
1647 1110 1720 1138 co·

333 1164 462 1224 gites‚
506 1162 818 1226 quodpertinet
842 1163 897 1207 ad
939 1163 1243 1208 haereditatem
1281 1164 1545 1208 Testamenti
1577 1163 1717 1215 Novi3

334 1235 462 1280 etiam
479 1234 532 1279 de
552 1233 747 1297 parvulis
764 1234 997 1279 rectissime
1018 1233 1197 1290 dicitur,
1217 1234 1355 1297 quiin
1378 1234 1472 1296 ipsa
1487 1244 1613 1279 aetate
1632 1249 1721 1278 mo-

336 1327 355 1348 «
372 1306 546 1351 riuntur
565 1322 575 1349 ι
593 1304 764 1349 ‚lustitia
780 1305 887 1363 justi
911 1321 1041 1367 super
1065 1305 1209 1367 ipsum
1231 1305 1328 1359 erit,
1355 1315 1396 1349 et
1418 1304 1625 1367 iniquitas
1641 1302 1722 1348 ini-

334 1377 412 1441 qui
440 1393 568 1439 super
592 1376 738 1439 ipsum
760 1376 853 1421 erit.
898 1375 969 1421 Sic
997 1377 1112 1421 enim
1138 1376 1409 1421 discernetur
1429 1394 1450 1420 a
1474 1385 1722 1434 regenerato

338 1457 580 1507 generatus,
610 1446 726 1491 utin
746 1462 794 1490 eo
818 1462 947 1505 regno
981 1447 1059 1491 iste
1094 1447 1182 1491 vita
1204 1446 1338 1500 vivat,
1372 1445 1416 1490 in
1442 1462 1530 1508 quo
1553 1444 1724 1505 justitia

339 1518 587 1570 inhabitam
610 1517 655 1562 in
685 1533 734 1561 eo
757 1526 901 1561 autem
927 1517 1147 1580 supplicio
1165 1516 1234 1562 ille
1256 1527 1393 1562 morte
1430 1516 1657 1569 moriatur,
1678 1515 1725 1561 in

341 1606 430 1652 quo
445 1590 669 1635 cruciatur
695 1586 918 1651 iniquitas.
946 1588 1031 1633 Sed
1054 1605 1154 1651 quae
1176 1588 1296 1633 istius
1310 1587 1497 1647 Justitia‚
1526 1587 1607 1632 nisi
1624 1602 1725 1650 quae

341 1660 522 1707 inillum
544 1659 737 1705 transita
763 1659 960 1715 Christo,
993 1660 1037 1705 in
1061 1676 1149 1723 quo
1173 1676 1320 1704 omnes
1344 1658 1688 1704 vivificabuntur
1706 1675 1720 1702 ε

343 1742 386 1777 et
422 1748 523 1796 quae
559 1732 693 1791 hujus
726 1731 933 1793 iniquitas
971 1731 1053 1776 nisi
1089 1747 1188 1793 quae
1217 1731 1262 1775 in
1310 1729 1435 1775 illum
1475 1729 1643 1774 transiit
1677 1745 1725 1773 ex

346 1802 509 1857 Adam,
542 1802 588 1847 in
613 1819 702 1865 quo
720 1818 869 1846 omnes
895 1801 1156 1847 moriuntur.

410 1875 462 1919 L.
479 1874 577 1919 JUL.
602 1873 718 1918 «Sed
739 1889 791 1918 ne
808 1871 918 1917 forte
938 1871 1253 1935 simpliciorum
1277 1870 1457 1916 auribus
1476 1869 1551 1915 tali
1568 1867 1726 1914 cavillo

347 1944 516 1989 coneris
542 1943 745 1998 illudere,
773 1952 820 1987 ut
844 1941 963 1988 dicas
984 1943 1122 1987 Deum
1144 1942 1218 1987 hie
1239 1941 1291 1986 de
1317 1942 1384 1986 his
1415 1941 1490 2004 qui
1523 1939 1727 2003 perfectae

346 2025 445 2060 sunt
487 2014 626 2059 &etatis
648 2013 871 2067 locutum,
892 2011 936 2057 id
959 2022 1047 2067 est,
1073 2023 1120 2057 ut
1146 2012 1230 2057 illis
1257 2011 1357 2056 filiis
1380 2021 1612 2074 parentum
1638 2009 1728 2054 cri-

347 2085 464 2131 mina
486 2083 649 2129 diceret
674 2100 760 2128 non
800 2099 954 2127 nocere
973 2119 984 2137 ‚
1023 2082 1097 2144 qui
1133 2081 1328 2126 naturale
1354 2080 1516 2124 malum
1544 2095 1724 2141 operum

347 2172 525 2201 suorum
564 2153 790 2199 sanctitate
831 2162 1088 2198 vacuassent
1125 2169 1136 2196 ι
1177 2150 1492 2196 ostendendum
1529 2160 1591 2194 est
1617 2147 1729 2194 nihil

347 2228 466 2273 hanc
486 2241 744 2289 promovere
769 2222 984 2269 fraudem.
1012 2223 1225 2279 Quamvis
1250 2222 1362 2266 enim
1388 2220 1585 2266 absolute
1607 2236 1730 2283 prae-

348 2297 568 2362 scripserit
587 2297 726 2351 Deus,
747 2295 954 2359 quoniam
975 2295 1182 2357 iniquitas
1201 2303 1430 2357 parentum
1451 2309 1537 2338 non
1552 2291 1729 2337 addicat

349 2370 462 2417 filios
479 2369 746 2421 innocentes,
776 2365 848 2411 sed
874 2366 1171 2429 unusquisque
1205 2364 1396 2428 propriis
1424 2362 1729 2426 iniquitatibus

351 2450 576 2502 arguatur3
597 2455 676 2483 nec
691 2437 797 2483 hinc
818 2436 957 2482 fidelis
981 2437 1148 2482 animus
1164 2436 1300 2499 possit
1319 2434 1563 2493 ambigere:
1587 2443 1729 2478 tamen

347 2523 397 2560 ut
416 2509 635 2576 opinionis
660 2519 748 2555 tuae
770 2507 1017 2554 confossum
1046 2518 1107 2553 tot
1133 2506 1393 2553 fulminibus
1427 2505 1529 2565 legis
1562 2514 1728 2549 retrac-

346 2595 487 2632 temus
509 2580 696 2628 cadaver
717 2617 729 2637 ‚
757 2589 971 2645 quatenus
1002 2578 1303 2644 accipiendam
1325 2577 1442 2624 hanc
1467 2575 1549 2623 Dei
1572 2574 1729 2639 dispu-
