1863 3262
179 298 334 328 ominis
373 296 628 328 [SIPERFECTI
666 295 841 326 CON's.:A
876 297 1121 339 JULtANt'M,
1163 299 1246 330 [ΑΒ.
1286 301 1352 332 111.
1406 285 1485 341 141

123 364 200 427 qui
226 362 418 427 parvulis
444 379 550 426 quos
581 361 734 414 tueris,
776 379 863 407 11011
889 362 990 407 511115
1016 380 1266 411 succurrere
1292 366 1493 413 Salvato-

123 450 229 480 rem.
267 434 311 478 Si
336 444 475 479 autem
496 432 620 487 sinis,
652 431 748 488 die,
787 449 934 495 quaeso
951 470 962 488 ,
987 434 1165 496 quando
1187 436 1290 481 salvi
1315 454 1496 501 corpore

123 503 419 566 baptizantur,
444 521 488 548 ex
512 519 600 565 quo
622 501 734 546 malo
754 539 763 557 ,
785 519 831 547 ex
855 519 942 565 quo
963 504 1091 559 vitio,
1118 521 1163 549 ex
1178 523 1262 568 qua
1277 518 1397 569 parte
1411 507 1496 553 sal-

124 583 291 620 ventur.
322 573 405 618 Sed
433 572 541 636 quid
564 572 761 618 dicturus
778 589 820 617 cs
838 608 849 628 ,
881 572 1013 618 homo
1041 574 1118 637 qui
1138 574 1243 620 facis
1266 578 1344 622 tibi
1364 595 1498 641 para-

124 642 264 689 disum
288 654 411 689 tuum
429 681 439 701 ,
461 660 590 707 quem
609 660 696 688 non
726 643 942 689 erubescis
970 644 1148 707 implere
1173 646 1318 708 poenis
1341 647 1497 694 11111116-

123 713 216 759 ritis
242 714 560 776 parvulorum?

189 784 432 830 CXCVIII.
463 784 562 831 JUL.
593 805 612 825 «
633 784 760 829 Hanc
781 801 880 844 ergo
909 795 951 829 tu
979 787 1022 830 in
1049 785 1266 848 parvulis,
1289 787 1498 835 crimino-

125 871 239 910 sam,
264 854 461 901 vitiosam
480 892 490 910 ,
521 865 562 899 et
603 853 852 900 damnatam
889 871 964 901 sua
988 856 1210 902 voluntate
1244 858 1408 917 arguis,
1446 876 1501 904 an

125 923 374 970 conditione
398 924 633 970 nascendi?
665 925 710 970 Si
740 925 918 988 propria
942 926 1165 973 voluntate
1189 965 1199 984 ,
1232 939 1279 973 ut
1302 928 1503 975 videlieet

125 994 187 1040 illi
207 995 384 1058 parvuli
396 997 480 1040 suis
501 995 652 1041 studiis
674 1013 874 1059 peccasse
891 997 1123 1053 dicantur3
1145 1010 1383 1046 monstrum
1401 1000 1504 1064 qui-

126 1064 224 1110 dem
250 1066 469 1129 opinionis
493 1066 698 1122 exoritur,
737 1068 906 1130 peccati
942 1079 1084 1114 tamen
1111 1069 1262 1115 tradux
1295 1083 1499 1131 negatur3

126 1151 216 1181 non
242 1140 358 1182 enim
384 1137 554 1200 accepit
571 1137 626 1182 ab
644 1136 751 1193 alio,
782 1137 899 1200 quod
920 1139 1064 1201 potuit
1086 1139 1178 1203 ipse
1197 1142 1467 1187 committere
1490 1159 1500 1186 :

127 1206 191 1251 sin
211 1217 352 1252 autem
374 1217 438 1252 tot
457 1207 567 1252 mala
592 1224 680 1252 non
711 1208 879 1254 actione
905 1226 980 1254 sua
998 1246 1009 1264 ,
1041 1210 1114 1255 sed
1139 1210 1389 1258 conditione
1409 1229 1505 1258 sor-

130 1276 252 1331 titur,
286 1276 540 1322 naturaliter
563 1277 714 1340 iniqua
738 1279 1030 1325 convincitur.
1061 1301 1082 1321 ›>

193 1347 308 1393 Auo.
353 1347 483 1392 lNec
467 1363 540 1392 sua
568 1346 790 1392 voluntate
810 1364 942 1408 arguo
968 1359 1171 1394 naturam
1195 1350 1502 1413 parvulorum

128 1434 255 1463 nemo
280 1416 392 1462 enim
421 1417 524 1480 quia
547 1416 639 1463 vult
663 1417 880 1471 nascitur3
905 1435 985 1464 1166
1012 1419 1262 1466 conditione
1280 1421 1504 1478 nascendi,

128 1487 210 1533 nisi
230 1487 333 1551 quia
360 1487 500 1533 miseri
528 1498 782 1544 nascuntur,
817 1505 905 1534 non
925 1489 1028 1553 quia
1062 1502 1315 1538 nascuntur
1345 1492 1509 1538 Nasce-

128 1568 248 1604 retur
267 1557 380 1605 enim
405 1559 459 1603 eti
467 1577 532 1604 1111
555 1577 582 1604 11
587 1569 709 1605 itura
729 1559 951 1605 humana
940 1578 986 1606 in
1007 1561 1241 1624 paradiso,
1262 1580 1310 1608 ex
1329 1564 1509 1609 1361116-

129 1627 374 1675 nedictione
396 1629 603 1677 foecunda
618 1667 629 1686 ‚
651 1631 817 1676 etiamsi
841 1648 968 1677 nemo
997 1643 1236 1693 peccasset,
1260 1632 1400 1679 donec
1419 1634 1510 1680 Deo

129 1700 425 1764 praecognitus
463 1702 729 1747 Sanctorum
762 1718 966 1748 numerus
991 1702 1300 1765 compleretur.
1335 1704 1419 1751 Sed
1448 1704 1513 1750 illi

131 1770 306 1835 parvuli
323 1788 403 1817 nec
424 1771 576 1817 flerent
595 1772 641 1817 in
657 1771 860 1835 paradiso
877 1809 889 1830 ,
909 1790 990 1819 nec
1009 1773 1119 1819 muti
1135 1784 1270 1820 essent
1285 1811 1296 1831 ,
1323 1792 1403 1821 nec
1430 1775 1513 1822 ali-

138 1840 316 1905 quando
331 1842 393 1888 uti
407 1842 571 1888 ratione
592 1860 680 1888 non
694 1853 871 1906 possent
889 1880 899 1899 ,
916 1860 994 1889 nec
1009 1842 1099 1888 sine
1116 1860 1196 1889 usu
1214 1845 1515 1892 membrorum

139 1911 303 1958 infirmi
328 1924 369 1958 et
391 1914 545 1959 inertes
565 1916 781 1972 jacerent,
803 1930 882 1959 1166
906 1913 1070 1959 morbis
1094 1914 1400 1974 affligerentur,
1434 1934 1515 1962 nec

143 2000 166 2027 a
187 1982 334 2028 bestiis
358 1982 638 2040 laederentur,
665 2000 744 2028 1166
767 1984 940 2030 venenis
964 1994 1241 2040 necarentur,
1270 2002 1348 2031 nec
1371 1986 1516 2049 aliquo

143 2069 244 2099 casu
259 2053 611 2109 vulnerarentur,
629 2053 697 2100 vel
718 2053 807 2099 ullo
830 2071 976 2110 sensu,
1003 2065 1077 2100 aut
1101 2054 1188 2100 ulla
1213 2066 1338 2118 parte
1361 2073 1517 2120 corpo-

143 2122 202 2169 ris
212 2124 505 2187 privarentur,
524 2141 603 2170 nec
621 2142 643 2170 a
658 2124 933 2171 daemonibus
950 2135 1222 2182 vexarentur,
1247 2144 1326 2172 1166
1346 2144 1520 2188 surgen-

149 2204 206 2240 tes
224 2194 268 2239 in
289 2195 522 2258 pueritiam
549 2195 831 2241 domarentur
848 2196 1104 2242 verberibus
1119 2233 1131 2253 ,
1157 2207 1230 2242 aut
1248 2197 1523 2245 erudirentur

145 2263 396 2322 laboribus,
435 2283 514 2311 nec
549 2265 627 2311 ulli
654 2283 803 2312 eorum
832 2276 919 2312 tam
945 2283 1057 2312 vano
1091 2276 1133 2312 et
1156 2267 1346 2313 obtunso
1377 2287 1523 2316 nasce-

148 2345 300 2381 rentur
320 2335 490 2396 ingenio
506 2374 516 2392 ,
544 2347 592 2382 ut
614 2354 694 2383 nec
717 2337 891 2394 labore,
918 2355 997 2383 nec
1021 2338 1169 2383 dolore
1201 2338 1291 2385 ullo
1317 2341 1524 2387 emenda-

149 2417 329 2460 rentur;
349 2406 420 2452 sed
439 2418 615 2470 excepta
637 2418 819 2472 propter
844 2409 1069 2472 incapaces
1089 2419 1228 2455 uteros
1247 2421 1434 2457 matrum
1461 2413 1527 2459 sui

153 2476 349 2540 corporis
366 2477 606 2540 quantitate
622 2514 632 2533 ,
658 2477 761 2523 tales
778 2479 956 2525 omnino
976 2478 1114 2542 qualis
1136 2478 1278 2525 Adam
1292 2480 1432 2528 factus
1447 2494 1525 2540 est,

154 2547 444 2608 gignerentur.
467 2548 594 2594 Nunc
612 2559 755 2595 autem
774 2567 853 2596 nec
874 2549 978 2596 tales
995 2561 1132 2597 essent
1148 2551 1299 2614 quales
1313 2552 1527 2609 videmus,

157 2636 235 2665 nec
256 2617 355 2664 talia
384 2627 650 2681 paterentur,
681 2619 760 2666 nisi
783 2631 966 2684 peccato
995 2621 1070 2668 illo
1090 2639 1246 2682 magno
1268 2632 1421 2670 natura
1447 2624 1530 2671 hu-
