1863 3262
158 251 314 283 OPERIS
352 249 613 281 IMPERFECTI
649 246 825 278 CONTRA
861 246 1109 286 JULIANUM,
1149 245 1235 275 Lm.
1280 244 1339 275 lv.
1397 227 1489 274 263

110 328 221 365 stare
239 318 284 365 in
303 316 504 363 societate
518 314 694 361 illorum
712 324 854 360 vestro
874 313 1030 359 scelere
1043 311 1312 372 judicemur.
1332 331 1352 353 <‹
1372 309 1491 356 Dicis

110 406 196 434 non
217 387 504 451 praejudicare
525 385 765 448 Scripturis
789 384 949 429 sanctis
963 421 973 439 ,
994 382 1116 446 quod
1138 398 1284 441 omnes
1305 381 1491 427 haereses

110 459 329 522 aliquibus
343 473 490 505 earum
506 454 758 505 testimoniis
772 471 813 500 sc
830 454 1039 500 occulunt
1051 471 1099 499 ac
1110 453 1309 506 nituntur
1324 451 1452 496 tueri:
1470 472 1489 491 »

109 538 149 573 et
181 529 242 573 sic
269 528 371 578 vis«
397 526 759 589 Disputatoribus
792 541 882 570 non
924 524 1214 587 praejudicare
1261 520 1494 573 catholicis

107 597 341 650 nonnulla,
381 611 482 659 quae
526 595 581 640 ab
623 595 705 650 eis,
751 596 864 641 sicut
907 605 1035 658 putas
1054 631 1064 648 ,
1108 592 1333 649 incautius¹
1359 590 1453 646 fusa
1473 612 1494 633 »

107 667 230 721 vobis
247 665 495 726 objicimus.
521 664 642 722 Quid
665 674 726 716 est
744 665 847 718 hoc,
867 664 948 713 nisi
965 664 1109 710 dicere
1125 663 1254 710 etiam
1276 661 1322 707 in
1342 661 1491 724 Scrip-

107 736 215 784 turis
241 736 417 791 sanctis,
447 753 494 781 ea
517 751 618 799 quae
636 752 717 800 pro
734 752 775 780 se
795 745 1008 798 usurpant
1030 733 1242 789 haeretici,
1270 731 1486 789 incautius

105 806 199 861 fusa
231 824 347 869 esse,
386 817 429 852 et
451 805 548 852 ideo
583 822 685 862 vera
710 823 797 860 non
832 809 951 852 esse?
985 805 1085 862 Quo
1114 802 1358 851 sceleratius
1386 799 1494 865 quid

105 888 248 941 potest
267 872 387 928 dici?
417 878 503 923 Aut
528 876 560 922 si
585 876 660 922 illa
694 893 794 933 vera
823 886 952 934 sunt,
986 875 1058 921 sed
1085 874 1141 921 ab
1162 872 1381 928 haereticis
1401 888 1491 919 nou

104 948 165 1005 ita
185 947 490 1007 intelliguntur
514 956 561 995 ut
585 956 686 993 sunt
706 964 716 991 :
742 946 854 993 nihil
878 946 1015 992 simile
1033 945 1169 992 habet
1191 944 1290 990 haec
1309 959 1489 1005 compa-

103 1018 246 1072 ratio;
273 1016 480 1082 quoniam
517 1016 634 1063 dicta
659 1017 726 1063 vel
763 1017 1010 1073 Ambrosii,
1041 1015 1108 1065 vel
1137 1009 1380 1078 Cypriani,
1424 1011 1492 1065 vel

104 1088 290 1134 aliorum
318 1087 637 1133 catholicorum
659 1123 670 1142 ,
692 1104 794 1150 quae
819 1098 971 1134 contra
993 1104 1069 1133 vos
1086 1086 1291 1149 ponimus
1307 1121 1318 1139 ‚
1341 1083 1374 1129 si
1389 1100 1488 1135 vera

103 1175 190 1205 esse
220 1158 505 1219 concesseris,
545 1168 774 1221 peccatum
816 1157 1022 1221 originale
1057 1156 1266 1207 firmabis
1298 1153 1489 1201 Proinde

101 1227 474 1293 quemadmodum
497 1244 574 1273 nos
596 1245 695 1273 cum
714 1229 800 1285 illis
820 1240 862 1274 et
879 1228 1108 1274 laudamus
1142 1226 1318 1289 nuptias
1337 1263 1347 1281 ,
1368 1236 1407 1272 et
1426 1225 1485 1271 li-

101 1299 255 1351 berum
289 1298 550 1348 confitemur
586 1297 817 1343 arbitrium
835 1334 845 1353 ,
885 1308 927 1342 et
966 1296 1236 1355 defendimus
1272 1295 1486 1341 innocen-

105 1369 239 1428 tiam3
267 1367 327 1413 sic
365 1378 412 1413 tu
446 1384 545 1418 cum
580 1367 663 1415 illis
698 1366 770 1414 dic
802 1367 1008 1431 parvulos
1052 1385 1139 1413 non
1179 1384 1264 1412 esse
1296 1378 1488 1430 expertes

104 1438 281 1498 delicti;
304 1437 496 1501 alioquin
514 1454 590 1483 nos
615 1454 763 1484 sumus
781 1456 883 1484 cum
907 1439 989 1494 eis,
1021 1449 1066 1492 tu
1084 1437 1285 1484 adversus
1311 1454 1394 1484 eos.
1428 1437 1486 1482 Il-

100 1510 245 1562 lorum
270 1509 385 1555 enim
418 1509 534 1554 dicta
558 1525 648 1553 non
665 1508 861 1555 defendis
882 1547 892 1566 ,
932 1520 982 1560 ut
1014 1509 1294 1573 promiseras,
1317 1506 1388 1554 sed
1414 1525 1486 1561 re-

99 1579 349 1644 prehendis,
388 1579 484 1624 Tuo
513 1579 680 1643 quippe
702 1579 929 1640 dogmate,
956 1597 1058 1632 cum
1080 1579 1246 1639 cogaris
1272 1578 1346 1624 illa
1383 1578 1482 1624 cul-

99 1667 204 1716 pare
221 1659 263 1694 et
283 1647 387 1703 falsa
405 1665 489 1694 esse
509 1648 770 1702 contendere
786 1685 797 1706 ,
820 1649 941 1700 nullo
962 1648 1092 1697 modo
1119 1648 1266 1700 sineris
1286 1647 1482 1694 auctori-

101 1720 263 1778 tatibus
278 1736 425 1765 eorum
447 1718 737 1765 defensionem
757 1736 889 1783 quam
910 1718 1225 1783 spoponderaS,
1247 1719 1478 1773 exhibere:

99 1790 202 1855 quia
217 1801 260 1835 et
281 1791 327 1835 in
348 1789 622 1835 accusatione
638 1785 840 1835 adulator
859 1807 944 1841 esse
975 1789 1143 1842 conaris
1159 1826 1170 1845 ,
1201 1799 1243 1834 et
1260 1789 1305 1834 in
1329 1789 1480 1835 adula-

99 1862 217 1912 tione
241 1860 581 1925 deprehenderis
600 1871 841 1908 accusator.

166 1930 322 1979 CXIV.
361 1931 464 1976 JUL.
506 1952 525 1970 «
548 1931 703 1977 Libere
727 1932 874 1994 itaque
905 1933 1105 1994 conjecto
1143 1940 1184 1974 et
1218 1932 1483 1993 pronuntio,

99 2001 306 2066 quoniam
322 2000 356 2045 si
371 2017 518 2046 eorum
536 2000 689 2063 aliquis
704 2001 772 2046 his
795 2018 1010 2065 superesse
1024 2000 1212 2054 tdiebus‚
1232 2001 1482 2065 videretque

98 2072 334 2131 extinctum
362 2070 607 2135 disciplinae
643 2072 894 2117 christianae
915 2071 1047 2116 decus
1063 2109 1074 2127 ,
1102 2071 1305 2116 otiantem
1328 2072 1371 2117 in
1393 2090 1484 2117 om-

98 2142 228 2187 nibus
245 2141 429 2197 liberam
453 2141 746 2199 voluntatem,
786 2153 916 2205 atque
953 2142 1224 2194 affectantem
1263 2142 1483 2204 imputare

99 2211 338 2274 necessitati
370 2211 589 2275 quidquid
620 2222 774 2275 sponte
813 2213 1076 2267 committit,
1117 2211 1480 2273 vituperationem

98 2298 272 2346 quoque
292 2298 475 2344 operum
492 2277 588 2336 Dei,
608 2282 960 2345 eversionemque
982 2281 1082 2341 legis
1102 2285 1193 2340 ejus
1211 2281 1293 2325 sub
1309 2282 1483 2328 nomine

97 2352 331 2399 inefficacis
356 2352 505 2411 gratiae
523 2352 791 2415 populorum
818 2353 998 2398 auribus
1016 2351 1208 2397 intimari
1231 2371 1242 2405 ;
1264 2361 1357 2398 toto
1376 2369 1481 2398 con·

99 2433 164 2469 tra
188 2440 264 2482 vos
286 2421 382 2467 felle
403 2433 647 2468 moveretur
669 2441 679 2467 :
708 2422 981 2486 perpendens
999 2422 1125 2467 etiam
1144 2432 1371 2485 peccatum
1398 2441 1477 2468 na-

97 2494 236 2539 turale
265 2510 287 2538 a
311 2491 561 2537 Manichaea
584 2509 670 2537 non
698 2509 821 2555 posse
849 2493 1073 2555 impietate
1100 2491 1284 2537 discerni
1307 2529 1318 2548 ,
1345 2493 1476 2538 fidem

146 2575 155 2596 ¹
177 2576 268 2605 Forte
284 2573 503 2607 excusatione.
