1824 3236
146 252 303 283 omanis
340 252 603 282 1Mrssnrssc‘r1
640 251 811 282 CONTRA
850 253 1098 297 summust,
1138 256 1225 287 mn.
1268 258 1306 287 v.
1379 241 1471 287 3:33

97 334 279 381 corpore
297 327 338 362 et
359 316 476 363 locos
495 315 661 362 decoris
686 327 727 362 et
744 315 861 363 locos
877 319 1085 382 pudoris;
1107 332 1154 368 ut
1172 322 1216 368 in
1247 339 1289 368 se
1312 322 1407 385 ipso
1433 332 1474 368 et

96 387 404 436 verecundiam
428 400 470 435 et
493 388 804 435 confidentiam
829 389 1035 450 disceret,
1055 411 1107 439 ne
1125 404 1167 439 et
1189 393 1392 439 deformis
1408 393 1475 440 vi-

98 459 289 513 deretur,
323 459 358 505 si
388 470 492 505 esset
514 475 594 523 per
620 469 781 505 cuncta
805 460 991 518 velatus,
1019 473 1060 508 et
1083 462 1200 509 deses
1224 463 1477 510 redderetur

99 547 148 576 ac
178 529 394 591 negligens
411 567 422 587 ,
446 529 477 576 si
499 547 668 594 semper
697 541 803 577 esset
829 548 907 595 per
938 544 1097 579 cuncta
1120 534 1333 595 vulgatus.
1362 555 1380 576 υ
1411 537 1473 581 Ac

98 618 178 664 per
199 601 287 646 hoc
310 637 320 657 ‚
349 601 591 648 secundum
618 612 656 647 te
679 602 806 663 longe
838 603 990 649 melior
1012 605 1236 667 peccando
1258 605 1396 652 factus
1417 616 1480 651 est

100 671 234 717 homo
255 688 266 717 ε
294 671 376 718 nisi
399 672 513 718 enim
535 683 782 736 peccasset,
805 690 932 737 quem
960 674 1074 720 Deus
1094 674 1252 722 fecerat
1277 687 1442 722 rectum
1464 713 1475 732 ‚

101 742 263 790 viveret
282 743 584 807 imprudenter
606 762 693 790 non
726 744 1021 805 dignoscendo
1042 745 1085 791 in
1111 763 1294 810 corpore
1319 764 1394 793 suo
1415 747 1481 793 lo-

103 829 176 859 cos
213 813 380 860 decoris
407 825 447 861 et
479 815 596 861 locos
629 814 855 879 pudorisst,
884 825 926 861 et
956 815 1235 879 impudenter
1262 816 1381 862 nulla
1405 834 1482 863 ve-

103 883 260 942 lando,
299 895 342 931 et
377 886 639 947 negligenter
677 897 836 933 cuncta
876 886 1097 947 vulgando
1136 905 1147 933 ε
1189 906 1327 952 neque
1368 888 1483 933 enim

105 954 258 1001 vitaret
291 956 391 1002 haec
413 957 546 1016 vitia,
571 957 653 1004 nisi
683 957 746 1014 ei,
779 957 882 1021 quia
918 968 1197 1022 peccaverat,
1236 975 1312 1004 sua
1335 958 1484 1004 suisset

105 1023 282 1071 nuditas
301 1028 516 1076 nuntiata.

172 1096 316 1144 XVII.
347 1098 446 1147 JUL.
478 1121 498 1140 «
526 1100 591 1146 De
606 1115 694 1164 quo
711 1098 922 1163 quoniam
942 1099 1044 1145 satis
1063 1109 1209 1145 actum
1230 1110 1290 1146 est
1304 1136 1315 1156 ,
1342 1098 1395 1145 ad
1414 1097 1488 1145 illa

108 1182 395 1231 properemus
413 1207 423 1227 ‚
449 1187 549 1234 quae
573 1187 703 1235 super
727 1169 915 1215 naturali
946 1169 1061 1216 malo
1085 1170 1360 1216 Manicliaeus
1385 1170 1488 1215 olim

111 1249 258 1298 acute,
276 1241 348 1287 sed
365 1252 411 1288 ut
425 1243 628 1306 probabo
644 1280 654 1299 ,
679 1241 961 1306 perplexitate
973 1241 1264 1305 quaestionum
1282 1241 1492 1305 deceptus

113 1307 287 1368 objecit.
327 1313 521 1360 Breviter
554 1323 699 1359 tamen
722 1312 846 1375 prius
865 1348 876 1367 ‚
903 1312 1010 1375 quid
1047 1312 1311 1372 Augustinus
1339 1323 1492 1357 contra

114 1380 311 1443 Apostoli
350 1379 645 1431 testimonium
685 1382 908 1440 retulerit,
950 1382 1219 1430 ventilemus.
1267 1384 1358 1443 ligo
1392 1400 1493 1444 ergo

115 1466 216 1498 cum
243 1465 391 1501 notam
410 1456 538 1502 istam
561 1472 740 1519 operam
765 1471 941 1500 sexuum
967 1472 990 1500 a
1017 1455 1109 1499 Deo
1143 1464 1319 1500 auctore
1341 1471 1493 1518 corpo-

115 1537 213 1568 rum
236 1524 480 1573 institutam
498 1565 509 1584 ‚
533 1527 663 1573 etiam
689 1525 804 1572 beati
819 1524 944 1570 Pauli
967 1525 1211 1570 testimonio
1231 1525 1498 1588 apertissime

118 1590 314 1642 dixissem
334 1598 541 1661 probari,
562 1598 640 1662 qui
659 1597 856 1643 invectus
875 1596 920 1642 in
942 1595 1106 1656 flagitia
1128 1611 1276 1640 eorum
1293 1633 1303 1652 ,
1329 1613 1437 1658 quos
1453 1596 1498 1641 in

117 1663 253 1711 virilis
286 1684 460 1732 quoque
494 1686 614 1715 sexus
645 1667 932 1714 concubitum
964 1666 1268 1729 praecipitarat
1301 1666 1465 1712 insania
1485 1703 1496 1722 ‚

121 1734 211 1782 ait:
235 1738 445 1786 «Relicto
475 1740 666 1786 naturali
696 1755 776 1785 usu
799 1736 992 1783 foeminae
1017 1736 1186 1783 accensi
1205 1747 1304 1782 sunt
1323 1737 1369 1782 in
1394 1736 1502 1782 desi-

122 1826 144 1848 »
169 1807 286 1854 deria
320 1810 424 1857 sua²
445 1834 454 1868 ;
477 1831 499 1854 ›>
531 1811 660 1857 intuli
701 1808 910 1872 Apostolo
940 1818 1070 1863 teste,
1111 1807 1350 1872 approbari
1377 1824 1502 1854 usum

121 1880 318 1928 foeminae
341 1883 595 1929 naturaliter
617 1881 880 1927 institutum.
912 1879 978 1925 Ad
1006 1879 1090 1924 hoc
1117 1895 1217 1937 ergo
1241 1878 1319 1923 iste
1348 1879 1504 1924 rescri-

124 1952 232 1997 bens
259 1970 269 1997 :
299 1953 399 1999 Non
425 1954 558 2009 dixit,
583 1952 753 2016 inquit,
777 1950 1012 2014 Apostolus
1031 1948 1302 2009 conjugalem
1324 1965 1449 1995 usum
1466 1949 1502 2006 3,

127 2022 200 2068 sed
225 2024 465 2069 naturalem
482 2061 492 2080 ‚
536 2041 631 2069 eum
658 2022 804 2069 volens
840 2020 1022 2080 intelligi
1045 2019 1121 2083 qui
1145 2020 1194 2064 fit
1219 2020 1422 2065 membris
1451 2020 1505 2066 ad

127 2093 215 2139 lioc
231 2095 383 2139 creatis
397 2132 406 2150 ‚
431 2105 570 2158 utper
586 2112 631 2139 ea
652 2093 787 2157 possit
808 2091 858 2137 ad
875 2090 1168 2151 generandum
1190 2106 1308 2134 sexus
1328 2101 1508 2154 uterque

129 2164 297 2210 misceri
317 2183 327 2210 ε
351 2182 400 2210 ac
430 2182 506 2228 per
535 2164 622 2209 hoc
643 2201 652 2219 ,
681 2180 779 2208 cum
802 2161 962 2206 eisdem
989 2160 1194 2205 membris
1218 2159 1344 2204 etiam
1368 2178 1508 2207 mere-

130 2235 231 2280 trici
249 2235 431 2298 quisque
455 2235 678 2289 miscetur,
699 2231 910 2277 naturalis
930 2241 1129 2284 estusuS,
1157 2246 1236 2274 nec
1258 2230 1512 2277 tamenlau-

133 2304 318 2360 dabilis,
354 2306 426 2351 sed
458 2303 704 2368 culpabilis.
745 2302 842 2347 Non
877 2317 976 2360 ergo
1000 2300 1082 2345 isto
1112 2299 1313 2355 nomine,
1344 2299 1387 2345 id
1416 2312 1508 2359 est,

134 2400 156 2421 «
180 2377 270 2422 Usu
294 2375 508 2432 naturali,
532 2396 551 2416 ›>
578 2372 818 2433 conjugalis
840 2381 902 2417 est
923 2369 1099 2416 laudata
1124 2368 1374 2415 commixtio
1402 2388 1412 2416 ε
1441 2371 1514 2418 sed

135 2447 429 2495 immundiora
455 2457 496 2492 et
524 2445 795 2492 sceleratiora
820 2442 982 2503 flagitia
1001 2441 1205 2487 denotata
1228 2451 1354 2497 sunt,
1382 2459 1514 2506 quam

137 2522 172 2568 si
194 2519 343 2567 illicite
361 2517 552 2565 foeminis
567 2554 578 2574 ,
605 2514 678 2562 sed
711 2526 852 2561 tamen
879 2512 1137 2560 naturaliter
1158 2521 1397 2558 uterentur.
1423 2535 1442 2555 »
1465 2515 1518 2561 Id

189 2608 199 2630 ¹
218 2604 324 2638 Eccle.
341 2614 398 2645 vir,
422 2603 478 2635 30.
496 2598 567 2627 ..¹2
583 2602 679 2633 Rom.
699 2610 728 2640 1,
745 2608 801 2640 27.
819 2617 862 2624 --·
877 2594 891 2622 3
910 2597 979 2631 Lib.
999 2607 1032 2632 2.
1053 2594 1092 2629 de
1110 2596 1213 2640 Nupt.
1229 2600 1260 2627 et
1283 2597 1381 2629 Cone.
1400 2606 1425 2630 c.
1447 2608 1498 2629 20.
