1863 3262
146 265 303 298 OPERIS
340 264 602 297 IMPERFECTI
638 263 814 295 CONTRA
849 242 1097 305 JULIANL'M‚
1137 265 1224 297 LIB.
1268 266 1337 297 111.
1413 249 1475 296 85

99 341 206 378 esset
228 330 348 395 quod
372 330 486 376 visus
514 328 731 374 diceretur
757 327 983 374 oculorum
1007 364 1017 384 ‚
1051 329 1183 393 idque
1210 341 1258 376 tu
1287 330 1487 376 definires

100 402 189 448 hoc
218 400 375 456 modo,
397 399 521 444 Visus
544 409 606 444 est
632 399 700 445 vel
733 399 904 443 effossos
927 398 1091 443 habere
1119 400 1290 457 oeulos,
1315 401 1382 447 vel
1404 402 1490 446 im-

100 472 362 537 pedimentis
391 471 639 534 quibusque
659 469 837 516 videndi
862 479 1059 532 tempore
1089 470 1200 515 nihil
1227 489 1351 533 posse
1376 488 1500 517 cons-

101 544 274 607 picere3
301 553 429 605 atque
444 541 560 588 hane
578 541 875 587 definitionem
896 551 1070 603 putares
1089 541 1210 585 visui
1228 542 1458 587 convenire
1482 560 1494 587 ε

101 613 232 659 ferres
250 623 290 658 te
317 622 479 667 autem,
509 622 556 657 ut
575 611 782 656 contrarii
801 614 892 670 ejus
913 647 922 665 ,
944 610 989 655 id
1011 622 1073 656 est
1097 648 1108 666 ,
1135 611 1362 667 caecitatis,
1385 629 1485 675 quae

101 683 332 747 explicatio
350 694 455 729 esset
471 700 694 738 assereres3
720 699 907 745 cumque
926 681 1090 726 nullam
1115 682 1240 727 aliani
1257 682 1486 739 invenires,

103 771 236 818 quam
269 754 367 799 siin
388 771 437 799 eo
463 753 667 805 animali,
699 756 824 813 cujus
847 763 1017 797 naturae
1053 751 1216 798 adesset
1242 753 1359 798 visus
1392 770 1498 799 ocu-

102 824 264 880 lorum,
293 824 359 870 vel
382 824 547 870 effossio
570 823 788 869 luminum
804 861 814 880 ,
843 823 911 867 vel
945 823 1076 868 crassi
1101 823 1299 868 humoris
1325 824 1489 887 obsep-

108 896 167 941 tio
188 894 367 942 videndi
387 894 573 957 eriperet
585 894 854 949 facultatem,
869 894 1138 956 resipisceres
1152 894 1313 957 procul
1331 894 1490 951 dubio,

106 976 150 1012 et
171 965 337 1010 videres
362 965 493 1010 rebus
518 965 745 1010 contrariis
768 964 1068 1010 definitionem
1096 982 1226 1010 unam
1251 982 1340 1010 non
1366 982 1490 1029 posse

105 1047 369 1101 competere.
413 1035 573 1099 Sicque
602 1036 762 1092 fiebat,
789 1046 838 1082 ut
858 1035 892 1081 si
917 1035 1089 1081 caecitas
1114 1036 1228 1081 nibil
1263 1035 1349 1081 diei
1375 1035 1495 1081 aliud

103 1117 295 1172 poterat,
319 1124 452 1170 quam
475 1107 521 1152 in
549 1107 744 1152 animalis
762 1105 890 1152 oculo
907 1143 917 1160 ,
944 1122 994 1150 eo
1021 1116 1216 1169 ternpore
1241 1123 1329 1168 quo
1347 1106 1495 1151 videre

105 1179 313 1234 deberet,
357 1178 546 1242 privatio
575 1177 804 1232 cernendi3
839 1177 954 1223 visus
988 1194 1163 1240 quoque
1193 1176 1390 1222 definitio
1417 1194 1497 1240 per

106 1249 377 1309 negationem
393 1248 572 1294 illorum
591 1286 600 1303 ‚
628 1249 792 1312 quibus
813 1248 1057 1293 caecitatem
1079 1264 1334 1309 exposueras
1354 1284 1364 1303 ,
1386 1247 1491 1292 red-

107 1320 306 1373 deretur;
332 1331 381 1365 ut
413 1318 618 1365 videlieet
639 1319 752 1364 nihil
784 1329 889 1364 esset
911 1317 1031 1362 aliud
1070 1318 1182 1363 visus
1207 1355 1217 1374 ,
1253 1335 1387 1381 quam
1415 1335 1495 1364 nec

107 1391 265 1437 effossis
288 1407 369 1436 nec
392 1390 600 1435 obseratis
631 1389 767 1435 oculis
803 1399 1056 1452 opportuno
1092 1399 1287 1452 tempore
1310 1388 1494 1435 facultas

105 1477 296 1521 congrua
336 1460 636 1523 conspicandi.
669 1460 846 1516 Quibus
882 1471 927 1505 tu
951 1459 1128 1505 ostensis
1162 1461 1196 1505 si
1217 1459 1389 1522 obstipe
1420 1477 1492 1506 re-

105 1531 349 1585 luctareris,
373 1531 488 1576 nihil
505 1531 723 1577 obtineres
745 1530 863 1576 aliud
889 1548 1021 1593 quam
1042 1540 1090 1575 ut
1110 1542 1185 1575 aut
1199 1541 1349 1576 contra
1370 1541 1493 1576 tuam

106 1602 413 1649 conscientiam
445 1602 692 1665 pervicacia
741 1601 949 1665 pudenda
984 1603 1065 1646 niti
1102 1612 1137 1646 te
1161 1600 1387 1646 crederent
1410 1618 1490 1647 au-

107 1673 271 1719 dientes
293 1683 368 1718 aut
390 1672 425 1717 si
458 1673 516 1718 eis
541 1672 672 1717 fidem
701 1671 884 1729 faceres,
918 1671 1002 1716 tibi
1028 1671 1086 1716 ita
1111 1689 1288 1734 prorsus
1316 1671 1455 1717 videri
1475 1708 1487 1728 ,

106 1761 195 1789 non
218 1753 260 1789 te
278 1743 420 1789 minus
452 1744 624 1789 effossos
657 1743 820 1789 habere
844 1743 999 1789 mentis
1028 1743 1178 1788 oculos
1195 1742 1447 1802 judicarent
1469 1779 1481 1799 ,

106 1831 240 1880 quam
264 1813 390 1860 illum
410 1814 486 1877 qui
509 1832 532 1860 a
557 1825 594 1859 te
613 1814 756 1860 visum
778 1814 945 1859 habens
964 1813 1108 1858 fuerat
1121 1813 1339 1860 definitus.
1372 1835 1393 1855 »

177 1887 293 1933 Ano.
326 1885 466 1941 Nolo,
507 1896 556 1931 ut
586 1885 794 1941 definias;
815 1885 888 1931 sed
926 1896 974 1930 ut
997 1885 1122 1930 finias
1157 1885 1426 1939 caecitatem3
1449 1895 1491 1930 et

109 1955 255 2002 videas
272 1967 388 2001 recte
411 1956 500 2001 dici
519 1974 543 2000 a
568 1956 745 2001 Christo
772 1973 860 2000 non
882 1956 1099 2018 potuisse,
1132 1976 1151 1995 «
1173 1955 1274 1999 Sine
1294 1972 1361 1999 me
1380 1954 1494 1999 nihil

112 2048 132 2068 »
149 2025 330 2089 potestis
347 2025 488 2071 facere
500 2024 538 2080 1,
550 2047 570 2067 »
586 2025 621 2070 si
637 2025 691 2071 ad
709 2025 819 2070 bene
836 2023 1052 2085 agendum
1070 2024 1158 2069 sine
1175 2023 1310 2083 gratia
1329 2023 1497 2069 Christi

108 2096 236 2143 liberi
253 2113 340 2142 esse
362 2096 626 2160 potuissent.

178 2167 315 2214 CXX.
347 2171 450 2214 JUL.
480 2188 501 2210 «
518 2167 584 2212 Ita
604 2184 704 2226 ergo
721 2204 731 2222 ,
754 2178 802 2212 ut
828 2167 882 2213 ad
903 2184 1077 2213 causam
1101 2166 1338 2213 referamus
1361 2183 1498 2212 exem-

113 2237 257 2302 plum,
285 2237 521 2298 intelligere
544 2237 745 2301 potuisti,
762 2237 829 2284 vel
850 2237 1104 2283 definitione
1121 2254 1208 2283 non
1224 2237 1370 2290 liberi,
1391 2235 1500 2300 quid

114 2308 291 2354 deberes
322 2309 511 2355 liberum
535 2326 810 2372 nuncupare.
843 2310 954 2354 Nam
981 2319 1023 2354 et
1046 2308 1079 2353 si
1104 2309 1149 2353 in
1173 2307 1300 2353 liberi
1327 2307 1497 2354 arbitrii

115 2378 658 2439 definitioneintelligentia
675 2379 913 2440 caligasset,
937 2390 985 2424 ut
1004 2379 1049 2424 id
1070 2378 1355 2423 diciliberum
1376 2394 1502 2442 posse

116 2450 387 2496 arbitrareris
405 2487 416 2503 ‚
441 2450 563 2513 quod
584 2450 697 2496 inter
715 2451 804 2496 duo
827 2450 1045 2496 contraria
1062 2449 1137 2495 uni
1155 2448 1402 2504 doceretur,
1426 2447 1502 2494 ad-

118 2520 284 2567 haerere
305 2537 316 2567 :
346 2522 557 2585 respicere
581 2521 788 2578 debuisti,
817 2522 974 2585 exponi
1000 2521 1121 2567 aliter
1143 2537 1228 2566 non
1250 2536 1373 2584 posse
1391 2536 1502 2583 cap·-

167 2602 297 2637 ¹Joan.
316 2614 369 2640 xv,
388 2605 421 2637 5.
