<?xml version="1.0" encoding="UTF-8"?>
<!DOCTYPE html PUBLIC "-//W3C//DTD XHTML 1.0 Transitional//EN"
    "http://www.w3.org/TR/xhtml1/DTD/xhtml1-transitional.dtd">
<html xmlns="http://www.w3.org/1999/xhtml" xml:lang="en" lang="en">
 <head>
  <title>
</title>
<meta http-equiv="Content-Type" content="text/html;charset=utf-8" />
  <meta name='ocr-system' content='tesseract 3.04.00' />
  <meta name='ocr-capabilities' content='ocr_page ocr_carea ocr_par ocr_line ocrx_word'/>
</head>
<body>
  <div class='ocr_page' id='page_1' title='image "./operaomniaaccura37auguuoft/operaomniaaccura37auguuoft_0548.png"; bbox 0 0 1824 3236; ppageno 0'>
   <div class='ocr_carea' id='block_1_1' title="bbox 279 253 1262 306">
    <p class='ocr_par' dir='ltr' id='par_1_1' title="bbox 279 253 1262 306">
     <span class='ocr_line' id='line_1_1' title="bbox 279 253 1262 306; baseline 0.009 -8"><span class='ocrx_word' id='word_1_1' title='bbox 279 253 370 302; x_wconf 67' lang='lat'>5:58</span> <span class='ocrx_word' id='word_1_2' title='bbox 702 272 735 302; x_wconf 86' lang='lat' dir='ltr'>s.</span> <span class='ocrx_word' id='word_1_3' title='bbox 781 273 1022 306; x_wconf 77' lang='lat' dir='ltr'>AUGUS&#39;rth</span> <span class='ocrx_word' id='word_1_4' title='bbox 1061 278 1262 306; x_wconf 73' lang='lat' dir='ltr'>EPISCOl&#39;t</span> 
     </span>
    </p>
   </div>
   <div class='ocr_carea' id='block_1_2' title="bbox 275 340 1680 2608">
    <p class='ocr_par' dir='ltr' id='par_1_2' title="bbox 275 340 1668 1457">
     <span class='ocr_line' id='line_1_2' title="bbox 279 340 1657 404; baseline 0.006 -21"><span class='ocrx_word' id='word_1_5' title='bbox 279 343 368 399; x_wconf 78' lang='lat' dir='ltr'>ejus</span> <span class='ocrx_word' id='word_1_6' title='bbox 407 355 507 385; x_wconf 77' lang='lat' dir='ltr'>usus</span> <span class='ocrx_word' id='word_1_7' title='bbox 540 349 602 385; x_wconf 85' lang='lat' dir='ltr'>est</span> <span class='ocrx_word' id='word_1_8' title='bbox 635 340 758 386; x_wconf 85' lang='lat' dir='ltr'>bene.</span> <span class='ocrx_word' id='word_1_9' title='bbox 796 341 905 386; x_wconf 89' lang='lat' dir='ltr'>Nam</span> <span class='ocrx_word' id='word_1_10' title='bbox 931 342 1042 388; x_wconf 81' lang='lat' dir='ltr'>sicut</span> <span class='ocrx_word' id='word_1_11' title='bbox 1080 344 1195 389; x_wconf 88' lang='lat' dir='ltr'>bono</span> <span class='ocrx_word' id='word_1_12' title='bbox 1228 344 1328 404; x_wconf 79' lang='lat' dir='ltr'>legis</span> <span class='ocrx_word' id='word_1_13' title='bbox 1364 345 1473 391; x_wconf 86' lang='lat' dir='ltr'>male</span> <span class='ocrx_word' id='word_1_14' title='bbox 1497 344 1657 391; x_wconf 83' lang='lat' dir='ltr'>utendo</span> 
     </span>
     <span class='ocr_line' id='line_1_3' title="bbox 275 410 1658 474; baseline 0.004 -18"><span class='ocrx_word' id='word_1_15' title='bbox 275 411 632 474; x_wconf 79' lang='lat' dir='ltr'>praevaricatores</span> <span class='ocrx_word' id='word_1_16' title='bbox 646 410 918 474; x_wconf 81' lang='lat' dir='ltr'>puniuntur3</span> <span class='ocrx_word' id='word_1_17' title='bbox 938 412 995 459; x_wconf 88' lang='lat' dir='ltr'>ita</span> <span class='ocrx_word' id='word_1_18' title='bbox 1012 417 1228 462; x_wconf 84' lang='lat' dir='ltr'>contrario</span> <span class='ocrx_word' id='word_1_19' title='bbox 1245 416 1357 461; x_wconf 88' lang='lat' dir='ltr'>malo</span> <span class='ocrx_word' id='word_1_20' title='bbox 1376 417 1526 462; x_wconf 88' lang='lat' dir='ltr'>mortis</span> <span class='ocrx_word' id='word_1_21' title='bbox 1546 417 1658 462; x_wconf 88' lang='lat' dir='ltr'>bene</span> 
     </span>
     <span class='ocr_line' id='line_1_4' title="bbox 280 482 1659 545; baseline 0.003 -17"><span class='ocrx_word' id='word_1_22' title='bbox 280 482 444 528; x_wconf 86' lang='lat' dir='ltr'>utendo</span> <span class='ocrx_word' id='word_1_23' title='bbox 475 486 689 544; x_wconf 73' lang='lat' dir='ltr'>Martyres</span> <span class='ocrx_word' id='word_1_24' title='bbox 714 494 991 531; x_wconf 78' lang='lat' dir='ltr'>coronantur.</span> <span class='ocrx_word' id='word_1_25' title='bbox 1026 486 1213 532; x_wconf 81' lang='lat' dir='ltr'>Proinde</span> <span class='ocrx_word' id='word_1_26' title='bbox 1236 487 1267 531; x_wconf 85' lang='lat' dir='ltr'>si</span> <span class='ocrx_word' id='word_1_27' title='bbox 1297 504 1381 531; x_wconf 90' lang='lat' dir='ltr'>non</span> <span class='ocrx_word' id='word_1_28' title='bbox 1406 486 1659 545; x_wconf 74' lang='lat' dir='ltr'>dedignaris</span> 
     </span>
     <span class='ocr_line' id='line_1_5' title="bbox 280 553 1659 618; baseline 0.001 -18"><span class='ocrx_word' id='word_1_29' title='bbox 280 553 448 611; x_wconf 77' lang='lat' dir='ltr'>dicere,</span> <span class='ocrx_word' id='word_1_30' title='bbox 471 553 589 618; x_wconf 87' lang='lat' dir='ltr'>quod</span> <span class='ocrx_word' id='word_1_31' title='bbox 613 564 650 599; x_wconf 88' lang='lat' dir='ltr'>te</span> <span class='ocrx_word' id='word_1_32' title='bbox 671 570 800 599; x_wconf 75' lang='lat' dir='ltr'>cerno</span> <span class='ocrx_word' id='word_1_33' title='bbox 827 556 987 601; x_wconf 84' lang='lat' dir='ltr'>nescire</span> <span class='ocrx_word' id='word_1_34' title='bbox 1004 593 1014 611; x_wconf 79' lang='lat'>‚</span> <span class='ocrx_word' id='word_1_35' title='bbox 1046 574 1158 602; x_wconf 85' lang='lat' dir='ltr'>mors</span> <span class='ocrx_word' id='word_1_36' title='bbox 1187 558 1229 602; x_wconf 90' lang='lat' dir='ltr'>in</span> <span class='ocrx_word' id='word_1_37' title='bbox 1261 558 1549 603; x_wconf 67' lang='lat' dir='ltr'>morientibus</span> <span class='ocrx_word' id='word_1_38' title='bbox 1567 575 1659 602; x_wconf 86' lang='lat' dir='ltr'>om-</span> 
     </span>
     <span class='ocr_line' id='line_1_6' title="bbox 279 625 1660 691; baseline 0.002 -21"><span class='ocrx_word' id='word_1_39' title='bbox 279 625 410 671; x_wconf 84' lang='lat' dir='ltr'>nibus</span> <span class='ocrx_word' id='word_1_40' title='bbox 434 625 546 670; x_wconf 87' lang='lat' dir='ltr'>mala</span> <span class='ocrx_word' id='word_1_41' title='bbox 572 636 657 683; x_wconf 77' lang='lat' dir='ltr'>est3</span> <span class='ocrx_word' id='word_1_42' title='bbox 683 626 726 671; x_wconf 89' lang='lat' dir='ltr'>in</span> <span class='ocrx_word' id='word_1_43' title='bbox 748 626 929 671; x_wconf 78' lang='lat' dir='ltr'>mortuis</span> <span class='ocrx_word' id='word_1_44' title='bbox 955 637 1098 672; x_wconf 85' lang='lat' dir='ltr'>autem</span> <span class='ocrx_word' id='word_1_45' title='bbox 1116 628 1383 690; x_wconf 84' lang='lat' dir='ltr'>quibusdam</span> <span class='ocrx_word' id='word_1_46' title='bbox 1408 628 1535 684; x_wconf 81' lang='lat' dir='ltr'>mala,</span> <span class='ocrx_word' id='word_1_47' title='bbox 1566 628 1660 691; x_wconf 82' lang='lat' dir='ltr'>qui-</span> 
     </span>
     <span class='ocr_line' id='line_1_7' title="bbox 277 695 1657 760; baseline 0.002 -19"><span class='ocrx_word' id='word_1_48' title='bbox 277 695 465 742; x_wconf 83' lang='lat' dir='ltr'>busdam</span> <span class='ocrx_word' id='word_1_49' title='bbox 493 696 625 743; x_wconf 85' lang='lat' dir='ltr'>bona.</span> <span class='ocrx_word' id='word_1_50' title='bbox 661 701 753 742; x_wconf 86' lang='lat' dir='ltr'>Iloe</span> <span class='ocrx_word' id='word_1_51' title='bbox 779 697 915 742; x_wconf 86' lang='lat' dir='ltr'>secuti</span> <span class='ocrx_word' id='word_1_52' title='bbox 941 708 1058 751; x_wconf 83' lang='lat' dir='ltr'>sunt,</span> <span class='ocrx_word' id='word_1_53' title='bbox 1084 698 1233 760; x_wconf 76' lang='lat' dir='ltr'>quide.</span> <span class='ocrx_word' id='word_1_54' title='bbox 1258 699 1376 744; x_wconf 85' lang='lat' dir='ltr'>bono</span> <span class='ocrx_word' id='word_1_55' title='bbox 1395 699 1657 745; x_wconf 76' lang='lat' dir='ltr'>mortislau-</span> 
     </span>
     <span class='ocr_line' id='line_1_8' title="bbox 279 766 1663 831; baseline 0.003 -19"><span class='ocrx_word' id='word_1_56' title='bbox 279 766 446 813; x_wconf 70' lang='lat' dir='ltr'>(labiles</span> <span class='ocrx_word' id='word_1_57' title='bbox 481 767 797 831; x_wconf 74' lang='lat' dir='ltr'>disputationes</span> <span class='ocrx_word' id='word_1_58' title='bbox 828 768 955 814; x_wconf 88' lang='lat' dir='ltr'>etiam</span> <span class='ocrx_word' id='word_1_59' title='bbox 988 769 1143 814; x_wconf 83' lang='lat' dir='ltr'>litteris</span> <span class='ocrx_word' id='word_1_60' title='bbox 1179 769 1510 817; x_wconf 85' lang='lat' dir='ltr'>mandaverunt.</span> <span class='ocrx_word' id='word_1_61' title='bbox 1548 773 1663 816; x_wconf 78' lang='lat' dir='ltr'>Mors</span> 
     </span>
     <span class='ocr_line' id='line_1_9' title="bbox 279 839 1663 905; baseline 0.001 -19"><span class='ocrx_word' id='word_1_62' title='bbox 279 856 379 900; x_wconf 80' lang='lat' dir='ltr'>ergo</span> <span class='ocrx_word' id='word_1_63' title='bbox 397 839 506 900; x_wconf 86' lang='lat' dir='ltr'>justi</span> <span class='ocrx_word' id='word_1_64' title='bbox 536 840 683 887; x_wconf 81' lang='lat' dir='ltr'>Abelis</span> <span class='ocrx_word' id='word_1_65' title='bbox 714 839 956 885; x_wconf 87' lang='lat' dir='ltr'>habitantis</span> <span class='ocrx_word' id='word_1_66' title='bbox 988 841 1034 886; x_wconf 90' lang='lat' dir='ltr'>in</span> <span class='ocrx_word' id='word_1_67' title='bbox 1057 841 1204 905; x_wconf 87' lang='lat' dir='ltr'>requie</span> <span class='ocrx_word' id='word_1_68' title='bbox 1224 879 1233 897; x_wconf 88' lang='lat'>‚</span> <span class='ocrx_word' id='word_1_69' title='bbox 1267 859 1354 887; x_wconf 90' lang='lat' dir='ltr'>non</span> <span class='ocrx_word' id='word_1_70' title='bbox 1383 842 1522 888; x_wconf 86' lang='lat' dir='ltr'>solum</span> <span class='ocrx_word' id='word_1_71' title='bbox 1549 841 1663 887; x_wconf 83' lang='lat' dir='ltr'>mala</span> 
     </span>
     <span class='ocr_line' id='line_1_10' title="bbox 281 911 1662 977; baseline 0.001 -20"><span class='ocrx_word' id='word_1_72' title='bbox 281 928 369 957; x_wconf 89' lang='lat' dir='ltr'>non</span> <span class='ocrx_word' id='word_1_73' title='bbox 395 922 486 967; x_wconf 85' lang='lat' dir='ltr'>est,</span> <span class='ocrx_word' id='word_1_74' title='bbox 515 911 800 958; x_wconf 76' lang='lat' dir='ltr'>verumetiam</span> <span class='ocrx_word' id='word_1_75' title='bbox 825 911 941 957; x_wconf 88' lang='lat' dir='ltr'>bona</span> <span class='ocrx_word' id='word_1_76' title='bbox 967 922 1041 959; x_wconf 88' lang='lat' dir='ltr'>est.</span> <span class='ocrx_word' id='word_1_77' title='bbox 1069 913 1136 958; x_wconf 88' lang='lat' dir='ltr'>Tu</span> <span class='ocrx_word' id='word_1_78' title='bbox 1166 923 1308 959; x_wconf 87' lang='lat' dir='ltr'>autem</span> <span class='ocrx_word' id='word_1_79' title='bbox 1335 913 1379 959; x_wconf 89' lang='lat' dir='ltr'>in</span> <span class='ocrx_word' id='word_1_80' title='bbox 1407 913 1662 977; x_wconf 77' lang='lat' dir='ltr'>paradisum</span> 
     </span>
     <span class='ocr_line' id='line_1_11' title="bbox 280 981 1664 1047; baseline 0.001 -20"><span class='ocrx_word' id='word_1_81' title='bbox 280 999 369 1028; x_wconf 90' lang='lat' dir='ltr'>non</span> <span class='ocrx_word' id='word_1_82' title='bbox 389 981 608 1027; x_wconf 84' lang='lat' dir='ltr'>bonorum</span> <span class='ocrx_word' id='word_1_83' title='bbox 643 991 915 1027; x_wconf 90' lang='lat' dir='ltr'>mortuorum</span> <span class='ocrx_word' id='word_1_84' title='bbox 953 983 1170 1047; x_wconf 84' lang='lat' dir='ltr'>requiem,</span> <span class='ocrx_word' id='word_1_85' title='bbox 1211 983 1284 1029; x_wconf 88' lang='lat' dir='ltr'>sed</span> <span class='ocrx_word' id='word_1_86' title='bbox 1309 985 1530 1030; x_wconf 87' lang='lat' dir='ltr'>cruciatus</span> <span class='ocrx_word' id='word_1_87' title='bbox 1566 1001 1664 1029; x_wconf 89' lang='lat' dir='ltr'>mo-</span> 
     </span>
     <span class='ocr_line' id='line_1_12' title="bbox 282 1052 1665 1117; baseline 0.001 -19"><span class='ocrx_word' id='word_1_88' title='bbox 282 1052 512 1109; x_wconf 87' lang='lat' dir='ltr'>rientium,</span> <span class='ocrx_word' id='word_1_89' title='bbox 540 1070 593 1098; x_wconf 88' lang='lat' dir='ltr'>ne</span> <span class='ocrx_word' id='word_1_90' title='bbox 621 1052 841 1098; x_wconf 88' lang='lat' dir='ltr'>bonorum</span> <span class='ocrx_word' id='word_1_91' title='bbox 870 1053 933 1099; x_wconf 90' lang='lat' dir='ltr'>ibi</span> <span class='ocrx_word' id='word_1_92' title='bbox 952 1054 1119 1117; x_wconf 81' lang='lat' dir='ltr'>requies</span> <span class='ocrx_word' id='word_1_93' title='bbox 1137 1065 1266 1111; x_wconf 84' lang='lat' dir='ltr'>esset,</span> <span class='ocrx_word' id='word_1_94' title='bbox 1292 1055 1492 1103; x_wconf 85' lang='lat' dir='ltr'>intulisti.</span> <span class='ocrx_word' id='word_1_95' title='bbox 1526 1057 1613 1101; x_wconf 91' lang='lat' dir='ltr'>Aut</span> <span class='ocrx_word' id='word_1_96' title='bbox 1631 1054 1665 1100; x_wconf 87' lang='lat' dir='ltr'>si</span> 
     </span>
     <span class='ocr_line' id='line_1_13' title="bbox 281 1123 1666 1188; baseline 0 -18"><span class='ocrx_word' id='word_1_97' title='bbox 281 1123 414 1180; x_wconf 88' lang='lat' dir='ltr'>dicis,</span> <span class='ocrx_word' id='word_1_98' title='bbox 442 1123 477 1169; x_wconf 90' lang='lat' dir='ltr'>si</span> <span class='ocrx_word' id='word_1_99' title='bbox 500 1141 627 1169; x_wconf 88' lang='lat' dir='ltr'>nemo</span> <span class='ocrx_word' id='word_1_100' title='bbox 655 1134 902 1186; x_wconf 85' lang='lat' dir='ltr'>peccasset,</span> <span class='ocrx_word' id='word_1_101' title='bbox 935 1125 980 1171; x_wconf 91' lang='lat' dir='ltr'>in</span> <span class='ocrx_word' id='word_1_102' title='bbox 1005 1124 1208 1188; x_wconf 83' lang='lat' dir='ltr'>paradiso</span> <span class='ocrx_word' id='word_1_103' title='bbox 1238 1127 1327 1171; x_wconf 87' lang='lat' dir='ltr'>sine</span> <span class='ocrx_word' id='word_1_104' title='bbox 1354 1126 1553 1171; x_wconf 82' lang='lat' dir='ltr'>cruciatu</span> <span class='ocrx_word' id='word_1_105' title='bbox 1580 1125 1666 1170; x_wconf 91' lang='lat' dir='ltr'>ho-</span> 
     </span>
     <span class='ocr_line' id='line_1_14' title="bbox 280 1195 1664 1260; baseline 0.001 -20"><span class='ocrx_word' id='word_1_106' title='bbox 280 1195 416 1240; x_wconf 86' lang='lat' dir='ltr'>mines</span> <span class='ocrx_word' id='word_1_107' title='bbox 440 1206 710 1242; x_wconf 83' lang='lat' dir='ltr'>morerentur</span> <span class='ocrx_word' id='word_1_108' title='bbox 734 1213 744 1241; x_wconf 74' lang='grc' dir='ltr'><strong>ε</strong></span> <span class='ocrx_word' id='word_1_109' title='bbox 772 1195 921 1241; x_wconf 84' lang='lat' dir='ltr'>saltem</span> <span class='ocrx_word' id='word_1_110' title='bbox 941 1195 1043 1259; x_wconf 83' lang='lat' dir='ltr'>quia</span> <span class='ocrx_word' id='word_1_111' title='bbox 1062 1206 1177 1242; x_wconf 82' lang='lat' dir='ltr'>extra</span> <span class='ocrx_word' id='word_1_112' title='bbox 1196 1196 1447 1260; x_wconf 79' lang='lat' dir='ltr'>paradisum</span> <span class='ocrx_word' id='word_1_113' title='bbox 1473 1214 1560 1242; x_wconf 91' lang='lat' dir='ltr'>non</span> <span class='ocrx_word' id='word_1_114' title='bbox 1578 1196 1664 1241; x_wconf 86' lang='lat' dir='ltr'>sere</span> 
     </span>
     <span class='ocr_line' id='line_1_15' title="bbox 281 1266 1667 1330; baseline 0.001 -20"><span class='ocrx_word' id='word_1_115' title='bbox 281 1266 512 1330; x_wconf 84' lang='lat' dir='ltr'>quisquam</span> <span class='ocrx_word' id='word_1_116' title='bbox 535 1267 624 1314; x_wconf 89' lang='lat' dir='ltr'>sine</span> <span class='ocrx_word' id='word_1_117' title='bbox 644 1266 845 1312; x_wconf 86' lang='lat' dir='ltr'>cruciatu</span> <span class='ocrx_word' id='word_1_118' title='bbox 863 1266 1065 1323; x_wconf 82' lang='lat' dir='ltr'>moritur,</span> <span class='ocrx_word' id='word_1_119' title='bbox 1096 1267 1269 1313; x_wconf 89' lang='lat' dir='ltr'>tandem</span> <span class='ocrx_word' id='word_1_120' title='bbox 1292 1267 1522 1313; x_wconf 83' lang='lat' dir='ltr'>convictus</span> <span class='ocrx_word' id='word_1_121' title='bbox 1537 1277 1667 1330; x_wconf 84' lang='lat' dir='ltr'>atque</span> 
     </span>
     <span class='ocr_line' id='line_1_16' title="bbox 285 1337 1668 1402; baseline -0.001 -18"><span class='ocrx_word' id='word_1_122' title='bbox 285 1349 526 1395; x_wconf 77' lang='lat' dir='ltr'>contortus,</span> <span class='ocrx_word' id='word_1_123' title='bbox 550 1340 595 1385; x_wconf 89' lang='lat' dir='ltr'>in</span> <span class='ocrx_word' id='word_1_124' title='bbox 621 1339 808 1386; x_wconf 83' lang='lat' dir='ltr'>deterius</span> <span class='ocrx_word' id='word_1_125' title='bbox 828 1348 1141 1385; x_wconf 79' lang='lat' dir='ltr'>commutatam</span> <span class='ocrx_word' id='word_1_126' title='bbox 1168 1349 1351 1402; x_wconf 84' lang='lat' dir='ltr'>peccato</span> <span class='ocrx_word' id='word_1_127' title='bbox 1378 1338 1505 1402; x_wconf 88' lang='lat' dir='ltr'>primi</span> <span class='ocrx_word' id='word_1_128' title='bbox 1527 1337 1668 1382; x_wconf 83' lang='lat' dir='ltr'>homi-</span> 
     </span>
     <span class='ocr_line' id='line_1_17' title="bbox 285 1409 1068 1457; baseline 0.004 -3"><span class='ocrx_word' id='word_1_129' title='bbox 285 1409 350 1454; x_wconf 84' lang='lat' dir='ltr'>nis</span> <span class='ocrx_word' id='word_1_130' title='bbox 373 1409 609 1456; x_wconf 86' lang='lat' dir='ltr'>humanam</span> <span class='ocrx_word' id='word_1_131' title='bbox 628 1410 835 1455; x_wconf 78' lang='lat' dir='ltr'>confitere</span> <span class='ocrx_word' id='word_1_132' title='bbox 853 1420 1068 1457; x_wconf 89' lang='lat' dir='ltr'>naturam.</span> 
     </span>
    </p>

    <p class='ocr_par' dir='ltr' id='par_1_3' title="bbox 285 1479 1680 2608">
     <span class='ocr_line' id='line_1_18' title="bbox 351 1479 1670 1544; baseline -0.002 -17"><span class='ocrx_word' id='word_1_133' title='bbox 351 1481 560 1528; x_wconf 64' lang='lat' dir='ltr'><strong>XXVIII.</strong></span> <span class='ocrx_word' id='word_1_134' title='bbox 593 1481 691 1529; x_wconf 73' lang='lat' dir='ltr'>JUL.</span> <span class='ocrx_word' id='word_1_135' title='bbox 724 1480 878 1537; x_wconf 81' lang='lat' dir='ltr'>«Quid</span> <span class='ocrx_word' id='word_1_136' title='bbox 904 1491 1119 1543; x_wconf 86' lang='lat' dir='ltr'>postremo</span> <span class='ocrx_word' id='word_1_137' title='bbox 1144 1480 1197 1526; x_wconf 89' lang='lat' dir='ltr'>de</span> <span class='ocrx_word' id='word_1_138' title='bbox 1217 1481 1311 1544; x_wconf 85' lang='lat' dir='ltr'>ipso</span> <span class='ocrx_word' id='word_1_139' title='bbox 1337 1490 1532 1543; x_wconf 85' lang='lat' dir='ltr'>serpente</span> <span class='ocrx_word' id='word_1_140' title='bbox 1556 1479 1670 1525; x_wconf 82' lang='lat' dir='ltr'>dice-</span> 
     </span>
     <span class='ocr_line' id='line_1_19' title="bbox 286 1551 1665 1615; baseline -0.001 -18"><span class='ocrx_word' id='word_1_141' title='bbox 286 1554 390 1598; x_wconf 66' lang='lat' dir='ltr'>tur?</span> <span class='ocrx_word' id='word_1_142' title='bbox 421 1551 658 1598; x_wconf 83' lang='lat' dir='ltr'>Diabolum</span> <span class='ocrx_word' id='word_1_143' title='bbox 682 1551 985 1598; x_wconf 85' lang='lat' dir='ltr'>maledictione</span> <span class='ocrx_word' id='word_1_144' title='bbox 1005 1552 1077 1597; x_wconf 89' lang='lat' dir='ltr'>illa</span> <span class='ocrx_word' id='word_1_145' title='bbox 1097 1552 1328 1615; x_wconf 87' lang='lat' dir='ltr'>punitum,</span> <span class='ocrx_word' id='word_1_146' title='bbox 1359 1570 1413 1597; x_wconf 85' lang='lat' dir='ltr'>an</span> <span class='ocrx_word' id='word_1_147' title='bbox 1439 1551 1524 1597; x_wconf 85' lang='lat' dir='ltr'>hoc</span> <span class='ocrx_word' id='word_1_148' title='bbox 1539 1568 1665 1598; x_wconf 86' lang='lat' dir='ltr'>com-</span> 
     </span>
     <span class='ocr_line' id='line_1_20' title="bbox 285 1622 1669 1686; baseline -0.001 -17"><span class='ocrx_word' id='word_1_149' title='bbox 285 1640 416 1669; x_wconf 87' lang='lat' dir='ltr'>mune</span> <span class='ocrx_word' id='word_1_150' title='bbox 449 1624 602 1686; x_wconf 85' lang='lat' dir='ltr'>reptile</span> <span class='ocrx_word' id='word_1_151' title='bbox 634 1623 793 1670; x_wconf 87' lang='lat' dir='ltr'>animal</span> <span class='ocrx_word' id='word_1_152' title='bbox 814 1623 1033 1686; x_wconf 86' lang='lat' dir='ltr'>opinaris:</span> <span class='ocrx_word' id='word_1_153' title='bbox 1062 1623 1107 1669; x_wconf 85' lang='lat' dir='ltr'>id</span> <span class='ocrx_word' id='word_1_154' title='bbox 1138 1634 1231 1679; x_wconf 87' lang='lat' dir='ltr'>est,</span> <span class='ocrx_word' id='word_1_155' title='bbox 1258 1623 1377 1669; x_wconf 88' lang='lat' dir='ltr'>illam</span> <span class='ocrx_word' id='word_1_156' title='bbox 1409 1622 1669 1668; x_wconf 88' lang='lat' dir='ltr'>sententiam</span> 
     </span>
     <span class='ocr_line' id='line_1_21' title="bbox 287 1693 1670 1757; baseline 0 -19"><span class='ocrx_word' id='word_1_157' title='bbox 287 1710 386 1757; x_wconf 82' lang='lat' dir='ltr'>quae</span> <span class='ocrx_word' id='word_1_158' title='bbox 418 1694 477 1740; x_wconf 87' lang='lat' dir='ltr'>ait</span> <span class='ocrx_word' id='word_1_159' title='bbox 500 1694 553 1740; x_wconf 90' lang='lat' dir='ltr'>ad</span> <span class='ocrx_word' id='word_1_160' title='bbox 578 1705 844 1757; x_wconf 82' lang='lat' dir='ltr'>serpentem,</span> <span class='ocrx_word' id='word_1_161' title='bbox 877 1716 897 1735; x_wconf 89' lang='lat'>«</span> <span class='ocrx_word' id='word_1_162' title='bbox 919 1693 1179 1740; x_wconf 85' lang='lat' dir='ltr'>Maledictus</span> <span class='ocrx_word' id='word_1_163' title='bbox 1200 1705 1246 1740; x_wconf 87' lang='lat' dir='ltr'>tu</span> <span class='ocrx_word' id='word_1_164' title='bbox 1271 1695 1326 1739; x_wconf 89' lang='lat' dir='ltr'>ab</span> <span class='ocrx_word' id='word_1_165' title='bbox 1349 1694 1553 1739; x_wconf 85' lang='lat' dir='ltr'>omnibus</span> <span class='ocrx_word' id='word_1_166' title='bbox 1588 1710 1670 1756; x_wconf 84' lang='lat' dir='ltr'>pe-</span> 
     </span>
     <span class='ocr_line' id='line_1_22' title="bbox 288 1764 1662 1829; baseline 0.002 -23"><span class='ocrx_word' id='word_1_167' title='bbox 288 1786 309 1807; x_wconf 80' lang='grc'><em>»</em></span> <span class='ocrx_word' id='word_1_168' title='bbox 333 1764 528 1821; x_wconf 83' lang='lat' dir='ltr'>coribuS,</span> <span class='ocrx_word' id='word_1_169' title='bbox 557 1775 599 1810; x_wconf 87' lang='lat' dir='ltr'>et</span> <span class='ocrx_word' id='word_1_170' title='bbox 622 1765 677 1810; x_wconf 89' lang='lat' dir='ltr'>ab</span> <span class='ocrx_word' id='word_1_171' title='bbox 702 1764 907 1810; x_wconf 84' lang='lat' dir='ltr'>omnibus</span> <span class='ocrx_word' id='word_1_172' title='bbox 926 1765 1073 1810; x_wconf 87' lang='lat' dir='ltr'>bestiis</span> <span class='ocrx_word' id='word_1_173' title='bbox 1090 1782 1191 1829; x_wconf 82' lang='lat' dir='ltr'>quae</span> <span class='ocrx_word' id='word_1_174' title='bbox 1212 1776 1312 1810; x_wconf 89' lang='lat' dir='ltr'>sunt</span> <span class='ocrx_word' id='word_1_175' title='bbox 1334 1783 1463 1829; x_wconf 88' lang='lat' dir='ltr'>super</span> <span class='ocrx_word' id='word_1_176' title='bbox 1485 1776 1662 1820; x_wconf 90' lang='lat' dir='ltr'>terram,</span> 
     </span>
     <span class='ocr_line' id='line_1_23' title="bbox 289 1836 1671 1900; baseline 0.001 -22"><span class='ocrx_word' id='word_1_177' title='bbox 289 1857 312 1878; x_wconf 84' lang='lat'><strong><em>»</em></strong></span> <span class='ocrx_word' id='word_1_178' title='bbox 332 1852 460 1900; x_wconf 84' lang='lat' dir='ltr'>super</span> <span class='ocrx_word' id='word_1_179' title='bbox 491 1847 644 1899; x_wconf 88' lang='lat' dir='ltr'>pectus</span> <span class='ocrx_word' id='word_1_180' title='bbox 676 1847 718 1882; x_wconf 88' lang='lat' dir='ltr'>et</span> <span class='ocrx_word' id='word_1_181' title='bbox 740 1847 932 1883; x_wconf 88' lang='lat' dir='ltr'>ventrem</span> <span class='ocrx_word' id='word_1_182' title='bbox 960 1847 1085 1881; x_wconf 85' lang='lat' dir='ltr'>tuum</span> <span class='ocrx_word' id='word_1_183' title='bbox 1124 1836 1371 1883; x_wconf 86' lang='lat' dir='ltr'>ambulabis</span> <span class='ocrx_word' id='word_1_184' title='bbox 1390 1874 1400 1893; x_wconf 88' lang='lat'><strong><em>‚</em></strong></span> <span class='ocrx_word' id='word_1_185' title='bbox 1439 1847 1481 1882; x_wconf 85' lang='lat' dir='ltr'>et</span> <span class='ocrx_word' id='word_1_186' title='bbox 1514 1847 1671 1882; x_wconf 85' lang='lat' dir='ltr'>terram</span> 
     </span>
     <span class='ocr_line' id='line_1_24' title="bbox 293 1906 1674 1963; baseline 0 -12"><span class='ocrx_word' id='word_1_187' title='bbox 293 1930 313 1951; x_wconf 89' lang='lat'>»</span> <span class='ocrx_word' id='word_1_188' title='bbox 333 1907 623 1954; x_wconf 85' lang='lat' dir='ltr'>manducabis</span> <span class='ocrx_word' id='word_1_189' title='bbox 659 1908 863 1953; x_wconf 89' lang='lat' dir='ltr'>omnibus</span> <span class='ocrx_word' id='word_1_190' title='bbox 894 1907 1051 1952; x_wconf 84' lang='lat' dir='ltr'>diebus</span> <span class='ocrx_word' id='word_1_191' title='bbox 1074 1907 1176 1952; x_wconf 83' lang='lat' dir='ltr'>vitae</span> <span class='ocrx_word' id='word_1_192' title='bbox 1199 1907 1315 1953; x_wconf 76' lang='lat' dir='ltr'>tuae1</span> <span class='ocrx_word' id='word_1_193' title='bbox 1337 1945 1347 1963; x_wconf 78' lang='lat'>‚</span> <span class='ocrx_word' id='word_1_194' title='bbox 1371 1929 1391 1949; x_wconf 54' lang='lat' dir='ltr'>x&gt;</span> <span class='ocrx_word' id='word_1_195' title='bbox 1429 1908 1473 1953; x_wconf 90' lang='lat' dir='ltr'>in</span> <span class='ocrx_word' id='word_1_196' title='bbox 1506 1906 1674 1952; x_wconf 85' lang='lat' dir='ltr'>diaboli</span> 
     </span>
     <span class='ocr_line' id='line_1_25' title="bbox 294 1976 1675 2043; baseline -0.001 -18"><span class='ocrx_word' id='word_1_197' title='bbox 294 1978 513 2043; x_wconf 86' lang='lat' dir='ltr'>supplicio</span> <span class='ocrx_word' id='word_1_198' title='bbox 535 2015 546 2035; x_wconf 83' lang='lat'>‚</span> <span class='ocrx_word' id='word_1_199' title='bbox 577 1996 630 2024; x_wconf 85' lang='lat' dir='ltr'>an</span> <span class='ocrx_word' id='word_1_200' title='bbox 656 1978 808 2024; x_wconf 84' lang='lat' dir='ltr'>bestiae</span> <span class='ocrx_word' id='word_1_201' title='bbox 833 1978 967 2038; x_wconf 76' lang='lat' dir='ltr'>hujus</span> <span class='ocrx_word' id='word_1_202' title='bbox 987 1994 1087 2040; x_wconf 82' lang='lat' dir='ltr'>quae</span> <span class='ocrx_word' id='word_1_203' title='bbox 1110 1978 1252 2024; x_wconf 84' lang='lat' dir='ltr'>vernis</span> <span class='ocrx_word' id='word_1_204' title='bbox 1275 1977 1496 2023; x_wconf 88' lang='lat' dir='ltr'>caloribus</span> <span class='ocrx_word' id='word_1_205' title='bbox 1519 1976 1675 2023; x_wconf 90' lang='lat' dir='ltr'>educi-</span> 
     </span>
     <span class='ocr_line' id='line_1_26' title="bbox 293 2048 1676 2112; baseline -0.002 -17"><span class='ocrx_word' id='word_1_206' title='bbox 293 2061 363 2097; x_wconf 85' lang='lat' dir='ltr'>tur</span> <span class='ocrx_word' id='word_1_207' title='bbox 386 2049 439 2095; x_wconf 91' lang='lat' dir='ltr'>de</span> <span class='ocrx_word' id='word_1_208' title='bbox 464 2049 686 2105; x_wconf 84' lang='lat' dir='ltr'>cavernis,</span> <span class='ocrx_word' id='word_1_209' title='bbox 726 2049 950 2095; x_wconf 87' lang='lat' dir='ltr'>arbitraris</span> <span class='ocrx_word' id='word_1_210' title='bbox 983 2048 1236 2112; x_wconf 66' lang='lat' dir='ltr'>impletam?</span> <span class='ocrx_word' id='word_1_211' title='bbox 1271 2049 1317 2095; x_wconf 69' lang='lat' dir='ltr'>Si</span> <span class='ocrx_word' id='word_1_212' title='bbox 1343 2049 1387 2094; x_wconf 91' lang='lat' dir='ltr'>in</span> <span class='ocrx_word' id='word_1_213' title='bbox 1419 2048 1553 2108; x_wconf 86' lang='lat' dir='ltr'>hujus</span> <span class='ocrx_word' id='word_1_214' title='bbox 1585 2064 1676 2093; x_wconf 86' lang='lat' dir='ltr'>ser-</span> 
     </span>
     <span class='ocr_line' id='line_1_27' title="bbox 294 2118 1676 2185; baseline -0.002 -20"><span class='ocrx_word' id='word_1_215' title='bbox 294 2120 454 2185; x_wconf 86' lang='lat' dir='ltr'>pentis,</span> <span class='ocrx_word' id='word_1_216' title='bbox 476 2123 602 2180; x_wconf 86' lang='lat' dir='ltr'>cujus</span> <span class='ocrx_word' id='word_1_217' title='bbox 627 2121 790 2183; x_wconf 87' lang='lat' dir='ltr'>species</span> <span class='ocrx_word' id='word_1_218' title='bbox 818 2119 863 2165; x_wconf 89' lang='lat' dir='ltr'>in</span> <span class='ocrx_word' id='word_1_219' title='bbox 892 2136 1054 2183; x_wconf 88' lang='lat' dir='ltr'>corpus</span> <span class='ocrx_word' id='word_1_220' title='bbox 1077 2118 1214 2165; x_wconf 87' lang='lat' dir='ltr'>enode</span> <span class='ocrx_word' id='word_1_221' title='bbox 1244 2119 1516 2182; x_wconf 77' lang='lat' dir='ltr'>porrigitur,</span> <span class='ocrx_word' id='word_1_222' title='bbox 1547 2129 1676 2180; x_wconf 87' lang='lat' dir='ltr'>atque</span> 
     </span>
     <span class='ocr_line' id='line_1_28' title="bbox 296 2188 1675 2255; baseline -0.002 -18"><span class='ocrx_word' id='word_1_223' title='bbox 296 2192 355 2237; x_wconf 87' lang='lat' dir='ltr'>ob</span> <span class='ocrx_word' id='word_1_224' title='bbox 383 2190 499 2237; x_wconf 87' lang='lat' dir='ltr'>illius</span> <span class='ocrx_word' id='word_1_225' title='bbox 524 2191 669 2255; x_wconf 88' lang='lat' dir='ltr'>culpae</span> <span class='ocrx_word' id='word_1_226' title='bbox 700 2190 903 2236; x_wconf 88' lang='lat' dir='ltr'>meritum</span> <span class='ocrx_word' id='word_1_227' title='bbox 937 2190 1057 2237; x_wconf 84' lang='lat' dir='ltr'>dicas</span> <span class='ocrx_word' id='word_1_228' title='bbox 1081 2208 1175 2236; x_wconf 89' lang='lat' dir='ltr'>eam</span> <span class='ocrx_word' id='word_1_229' title='bbox 1198 2190 1358 2236; x_wconf 86' lang='lat' dir='ltr'>factam</span> <span class='ocrx_word' id='word_1_230' title='bbox 1382 2207 1469 2236; x_wconf 83' lang='lat' dir='ltr'>esse</span> <span class='ocrx_word' id='word_1_231' title='bbox 1499 2188 1675 2235; x_wconf 84' lang='lat' dir='ltr'>terrifa-</span> 
     </span>
     <span class='ocr_line' id='line_1_29' title="bbox 297 2259 1677 2324; baseline -0.001 -17"><span class='ocrx_word' id='word_1_232' title='bbox 297 2279 426 2322; x_wconf 81' lang='lat' dir='ltr'>gam3</span> <span class='ocrx_word' id='word_1_233' title='bbox 459 2278 558 2321; x_wconf 82' lang='lat' dir='ltr'>ergo</span> <span class='ocrx_word' id='word_1_234' title='bbox 584 2271 626 2307; x_wconf 92' lang='lat' dir='ltr'>et</span> <span class='ocrx_word' id='word_1_235' title='bbox 643 2262 849 2306; x_wconf 90' lang='lat' dir='ltr'>omnibus</span> <span class='ocrx_word' id='word_1_236' title='bbox 873 2261 1022 2307; x_wconf 82' lang='lat' dir='ltr'>bestiis</span> <span class='ocrx_word' id='word_1_237' title='bbox 1047 2260 1202 2306; x_wconf 84' lang='lat' dir='ltr'>tradux</span> <span class='ocrx_word' id='word_1_238' title='bbox 1232 2261 1475 2324; x_wconf 84' lang='lat' dir='ltr'>iniquitatis</span> <span class='ocrx_word' id='word_1_239' title='bbox 1500 2259 1647 2306; x_wconf 90' lang='lat' dir='ltr'>incum</span> <span class='ocrx_word' id='word_1_240' title='bbox 1663 2286 1677 2294; x_wconf 91' lang='lat'><em>-</em></span> 
     </span>
     <span class='ocr_line' id='line_1_30' title="bbox 298 2331 1679 2395; baseline -0.001 -17"><span class='ocrx_word' id='word_1_241' title='bbox 298 2333 395 2389; x_wconf 85' lang='lat' dir='ltr'>bit,</span> <span class='ocrx_word' id='word_1_242' title='bbox 419 2348 551 2395; x_wconf 91' lang='lat' dir='ltr'>quam</span> <span class='ocrx_word' id='word_1_243' title='bbox 574 2343 702 2395; x_wconf 86' lang='lat' dir='ltr'>putas</span> <span class='ocrx_word' id='word_1_244' title='bbox 719 2331 801 2378; x_wconf 86' lang='lat' dir='ltr'>nisi</span> <span class='ocrx_word' id='word_1_245' title='bbox 826 2349 904 2395; x_wconf 83' lang='lat' dir='ltr'>per</span> <span class='ocrx_word' id='word_1_246' title='bbox 923 2331 1153 2377; x_wconf 88' lang='lat' dir='ltr'>libidinem</span> <span class='ocrx_word' id='word_1_247' title='bbox 1174 2332 1428 2377; x_wconf 71' lang='lat' dir='ltr'>coeuntium</span> <span class='ocrx_word' id='word_1_248' title='bbox 1448 2349 1536 2377; x_wconf 90' lang='lat' dir='ltr'>non</span> <span class='ocrx_word' id='word_1_249' title='bbox 1556 2347 1679 2394; x_wconf 88' lang='lat' dir='ltr'>posse</span> 
     </span>
     <span class='ocr_line' id='line_1_31' title="bbox 298 2402 1680 2466; baseline -0.001 -18"><span class='ocrx_word' id='word_1_250' title='bbox 298 2402 458 2449; x_wconf 89' lang='lat' dir='ltr'>deduci</span> <span class='ocrx_word' id='word_1_251' title='bbox 486 2420 496 2448; x_wconf 90' lang='lat'>:</span> <span class='ocrx_word' id='word_1_252' title='bbox 539 2403 692 2466; x_wconf 87' lang='lat' dir='ltr'>Fitque</span> <span class='ocrx_word' id='word_1_253' title='bbox 728 2413 776 2448; x_wconf 89' lang='lat' dir='ltr'>ut</span> <span class='ocrx_word' id='word_1_254' title='bbox 798 2403 926 2448; x_wconf 86' lang='lat' dir='ltr'>etiam</span> <span class='ocrx_word' id='word_1_255' title='bbox 955 2413 1202 2465; x_wconf 82' lang='lat' dir='ltr'>serpentum</span> <span class='ocrx_word' id='word_1_256' title='bbox 1222 2402 1481 2458; x_wconf 89' lang='lat' dir='ltr'>libidinem,</span> <span class='ocrx_word' id='word_1_257' title='bbox 1500 2405 1680 2464; x_wconf 85' lang='lat' dir='ltr'>jamque</span> 
     </span>
     <span class='ocr_line' id='line_1_32' title="bbox 298 2471 1680 2530; baseline -0.002 -12"><span class='ocrx_word' id='word_1_258' title='bbox 298 2473 399 2519; x_wconf 89' lang='lat' dir='ltr'>inde</span> <span class='ocrx_word' id='word_1_259' title='bbox 419 2473 783 2520; x_wconf 85' lang='lat' dir='ltr'>irrationabilium</span> <span class='ocrx_word' id='word_1_260' title='bbox 806 2473 1112 2530; x_wconf 84' lang='lat' dir='ltr'>animantium,</span> <span class='ocrx_word' id='word_1_261' title='bbox 1140 2491 1296 2520; x_wconf 85' lang='lat' dir='ltr'>asseras</span> <span class='ocrx_word' id='word_1_262' title='bbox 1311 2490 1333 2518; x_wconf 86' lang='lat' dir='ltr'>a</span> <span class='ocrx_word' id='word_1_263' title='bbox 1357 2473 1535 2518; x_wconf 87' lang='lat' dir='ltr'>diabolo</span> <span class='ocrx_word' id='word_1_264' title='bbox 1552 2471 1680 2517; x_wconf 83' lang='lat' dir='ltr'>fuisse</span> 
     </span>
     <span class='ocr_line' id='line_1_33' title="bbox 299 2544 1680 2608; baseline -0.003 -18"><span class='ocrx_word' id='word_1_265' title='bbox 299 2544 541 2608; x_wconf 86' lang='lat' dir='ltr'>plantatam</span> <span class='ocrx_word' id='word_1_266' title='bbox 562 2581 572 2600; x_wconf 92' lang='lat'>‚</span> <span class='ocrx_word' id='word_1_267' title='bbox 601 2555 845 2608; x_wconf 84' lang='lat' dir='ltr'>retectaque</span> <span class='ocrx_word' id='word_1_268' title='bbox 868 2545 1076 2592; x_wconf 84' lang='lat' dir='ltr'>sententia</span> <span class='ocrx_word' id='word_1_269' title='bbox 1100 2544 1337 2592; x_wconf 71' lang='lat' dir='ltr'>Manichaei</span> <span class='ocrx_word' id='word_1_270' title='bbox 1354 2544 1480 2590; x_wconf 84' lang='lat' dir='ltr'>nobis</span> <span class='ocrx_word' id='word_1_271' title='bbox 1504 2559 1680 2589; x_wconf 85' lang='lat' dir='ltr'>carmen</span> 
     </span>
    </p>
   </div>
   <div class='ocr_carea' id='block_1_3' title="bbox 349 2629 607 2673">
    <p class='ocr_par' dir='ltr' id='par_1_4' title="bbox 349 2629 607 2673">
     <span class='ocr_line' id='line_1_34' title="bbox 349 2629 607 2673; baseline 0.008 -13"><span class='ocrx_word' id='word_1_272' title='bbox 349 2629 360 2652; x_wconf 80' lang='lat'>¹</span> <span class='ocrx_word' id='word_1_273' title='bbox 379 2630 460 2662; x_wconf 82' lang='lat' dir='ltr'>Gen.</span> <span class='ocrx_word' id='word_1_274' title='bbox 479 2639 534 2673; x_wconf 80' lang='lat'>11¹,</span> <span class='ocrx_word' id='word_1_275' title='bbox 554 2635 607 2666; x_wconf 72' lang='lat'>14.</span> 
     </span>
    </p>
   </div>
  </div>
 </body>
</html>
