1863 3262
225 240 382 271 OPERIS
420 239 680 272 IMPERFECTI
717 238 892 269 CONTRA
927 239 1172 281 JULIANL'M,
1213 242 1298 273 [113.
1342 243 1402 275 lv.
1459 245 1542 297 177

174 307 381 368 operibus
415 305 597 359 ascribi;
625 304 769 350 subito
800 304 1017 351 confessus
1046 318 1105 352 cst
1133 307 1249 354 illam
1282 327 1369 356 non
1405 311 1546 360 solum

172 375 400 423 honestam
423 415 435 434 ,
463 375 535 423 sed
570 376 698 422 etiam
722 379 914 436 justam;
950 394 1037 422 non
1059 377 1198 424 solum
1226 392 1397 428 creante
1415 386 1510 430 Deo
1530 423 1542 442 ,

171 449 452 494 verumetiam
481 446 708 508 judicante
728 484 739 503 ,
776 447 932 493 nostris
971 449 1233 511 corporibus
1269 454 1539 503 attributam.

172 518 355 565 Ostendi
369 519 413 564 in
434 519 559 564 tertio
582 517 739 581 prioris
758 518 899 582 operis
916 517 1053 575 libro,
1073 536 1161 565 non
1181 538 1304 584 posse
1320 522 1435 570 idem
1448 541 1546 589 poe-

169 606 267 635 nam
293 605 378 635 esse
403 589 524 654 quod
543 588 737 652 culpam.
756 610 777 630 »

231 662 352 707 ΑΗΘ.
387 661 487 707 Non
508 659 750 715 ostendisti,
781 659 900 722 quod
931 670 971 705 te
993 660 1226 708 ostendisse
1247 663 1433 711 inaniter
1451 670 1546 726 jac-

166 739 259 775 tas:
284 730 373 777 imo
398 731 528 777 etiam
560 731 652 794 ipse
679 729 872 794 quodam
904 730 1002 776 loco
1024 731 1187 778 oblitus
1211 733 1318 796 quid
1346 746 1446 782 ante
1471 736 1545 782 di-

162 799 304 857 xisses,
328 801 548 847 confessus
572 818 614 846 es
635 800 812 863 culpam
839 800 969 845 etiam
996 817 1175 864 poenam
1199 819 1286 849 esse
1302 807 1537 867 peccantis.

164 869 296 927 Quod
320 888 398 931 ego
416 888 517 917 cum
545 871 625 916 tibi
648 871 844 934 superius
868 871 1172 933 responderem
1189 909 1199 929 ,
1234 874 1334 919 satis
1359 876 1546 923 eviden-

162 950 226 985 ter
258 941 527 987 ostenderam
548 979 558 996 ,
601 941 729 986 etiarn
770 958 847 1004 per
883 940 1143 1003 Apostolum
1174 944 1369 1006 probans
1392 948 1543 1010 puniri

159 1022 339 1074 peccata
361 1011 582 1075 peccatis1
607 1029 617 1056 ε
638 1012 715 1076 qui
734 1028 834 1056 cum
860 1010 913 1056 de
926 1012 1193 1075 quibusdam
1214 1014 1404 1071 dixisset,
1421 1018 1543 1081 quod

157 1081 487 1129 immutaverint
512 1083 694 1143 gloriam
727 1082 1080 1145 incorruptibilis
1105 1084 1184 1130 Dei
1213 1086 1259 1130 in
1288 1087 1544 1136 similitudi-

157 1170 255 1198 nem
282 1154 481 1214 imaginis
517 1153 818 1217 corruptibilis
856 1153 1049 1199 hominis
1068 1192 1079 1211 ,
1115 1166 1157 1201 et
1193 1156 1425 1205 volucrum
1447 1198 1458 1217 ,
1499 1171 1542 1207 et

156 1223 515 1288 quadrupedum,
542 1236 584 1270 et
604 1224 929 1287 serpentium23
956 1225 1160 1286 protinus
1189 1227 1276 1273 hoe
1308 1241 1541 1292 peccatum

155 1292 248 1338 aliis
263 1294 453 1356 peccatis
479 1294 706 1340 ostendens
727 1311 813 1339 esse
833 1294 1041 1356 punitum
1063 1332 1074 1350 ,
1101 1296 1355 1360 Propterea,
1374 1300 1537 1364 inquit,

154 1362 336 1410 tradidit
353 1364 450 1410 illos
471 1365 584 1410 Deus
607 1365 651 1410 in
677 1363 887 1410 desideria
906 1364 1049 1410 cordis
1067 1365 1262 1424 illorum,
1283 1369 1327 1414 in
1349 1371 1538 1417 immun-

153 1432 308 1480 ditiam
329 1471 340 1492 ,
380 1446 429 1481 ut
453 1434 730 1481 contumeliis
754 1433 947 1480 afficiant
971 1452 1156 1499 corpora
1182 1454 1258 1484 sua
1298 1439 1343 1484 in
1378 1452 1536 1488 semet-

151 1503 255 1567 ipsis
270 1542 282 1562 ,
303 1515 346 1551 et
366 1516 523 1552 caetera
542 1522 642 1570 quae
662 1505 725 1550 ibi
752 1505 987 1551 contexuit.
1021 1507 1112 1552 Nec
1141 1508 1186 1553 in
1209 1509 1382 1556 Psalmo
1410 1512 1536 1559 dice—

149 1584 294 1632 retur,
323 1596 343 1617 «
373 1577 558 1639 Appone
590 1575 867 1639 iniquitatem
894 1592 1023 1639 super
1048 1576 1322 1640 iniquitatem
1347 1598 1496 1629 eorum
1516 1621 1529 1642 ,

150 1665 172 1686 ›>
195 1655 237 1689 et
259 1662 348 1691 non
370 1646 533 1692 intrent
558 1646 600 1692 in
627 1656 749 1692 tuam
760 1645 978 1705 justitiam
993 1645 1011 1673 ³
1033 1663 1044 1691 :
1076 1668 1097 1689 ›>
1121 1648 1204 1693 nisi
1215 1653 1335 1709 justo
1355 1652 1527 1711 judicio

149 1716 242 1760 Deo
267 1716 530 1779 punirentur
547 1715 707 1762 additis
726 1715 1019 1779 praecedentia
1044 1729 1226 1780 peccata
1251 1724 1456 1784 peccatis.

212 1787 406 1834 XXXII.
437 1791 538 1835 JUL.
579 1798 664 1832 «et
691 1786 788 1832 ideo
826 1804 955 1850 super
989 1787 1076 1834 hoc
1107 1789 1400 1838 laborandum
1439 1812 1529 1841 non

145 1868 208 1904 est
244 1875 256 1903 z
296 1857 556 1904 commendo
593 1868 737 1903 tamen
771 1858 1058 1921 disputatoris
1099 1861 1380 1909 acrimoniam
1399 1902 1411 1921 ,
1450 1867 1527 1930 qui

145 1944 278 1990 quam
307 1927 415 1973 dicit
441 1946 465 1974 a
493 1929 585 1973 Deo
611 1927 826 1973 redditam
846 1963 857 1983 ,
882 1945 970 1972 non
994 1928 1089 1974 vult
1110 1947 1132 1974 a
1156 1930 1248 1976 Deo
1272 1934 1521 1993 conditam3

142 1998 435 2059 pronuntians
457 1998 537 2044 Dei
563 2015 652 2043 non
673 1997 903 2043 convenire
921 1998 1153 2061 operibus,
1180 2002 1299 2064 quod
1321 2004 1414 2050 vult
1431 2011 1522 2068 ejus

143 2068 373 2115 convenire
392 2068 624 2128 judiciis.»

205 2126 323 2189 Ano.
352 2140 549 2202 Apparet
568 2148 610 2184 te
631 2155 723 2183 non
748 2137 983 2197 intelligere
1001 2139 1225 2201 quomodo
1248 2141 1416 2191 dictum
1436 2147 1515 2207 sit,

139 2205 258 2254 Deus
274 2219 464 2264 ,mortem
485 2226 572 2254 non
588 2206 719 2254 fecit-'2
743 2225 753 2252 ε
779 2211 905 2267 cujus
929 2218 1073 2254 tamen
1083 2207 1256 2269 judicio
1272 2214 1350 2277 qui
1364 2232 1518 2279 peccat

123 2277 338 2338 *moritum
378 2278 595 2325 Convenit
619 2294 719 2337 ergo
743 2277 914 2337 judicio
938 2281 1028 2337 ejus
1051 2316 1062 2335 ‚
1099 2294 1149 2325 ut
1173 2283 1386 2330 moriatur
1405 2305 1513 2350 pec..

138 2358 286 2403 cator3
308 2348 391 2394 ‘nec
413 2349 702 2412 tamenoperi
736 2352 829 2408 ejus
853 2350 1057 2394 convenit
1090 2367 1205 2409 mors
1222 2388 1233 2407 ,
1264 2354 1367 2416 quia
1397 2357 1513 2408 Deus

121 2429 323 2480 „mortem
346 2435 434 2465 non
456 2418 573 2466 fecit.'
600 2420 704 2479 Ejus
721 2419 887 2483 quippe
908 2422 1076 2479 justum
1092 2431 1154 2466 est
1170 2420 1439 2486 judicium5,
1464 2443 1513 2478 ut

184 2521 196 2544 ¹
216 2520 288 2553 Lib.
305 2521 337 2551 5.
356 2519 454 2563 prior.
474 2531 528 2562 op.
548 2519 581 2551 iu
595 2519 718 2554 Julian.
734 2530 764 2554 c.
785 2522 864 2551 3.—
878 2518 894 2542 2
911 2523 1005 2573 Rom3
1028 2532 1054 2562 1,
1071 2524 1177 2557 23,-,-
1195 2519 1210 2546 3
1224 2525 1305 2560 Psal.
1324 2537 1434 2570 nnus,
1452 2532 1508 2567 38,

136 2592 180 2599 -
197 2571 211 2596 ⁴
225 2576 297 2617 Sap.
321 2585 352 2613 1,
372 2571 508 2604 13.—5
531 2571 665 2616 Prosper
683 2578 761 2605 sent.
783 2574 860 2607 303,

265 2641 406 2674 cxmv.
1335 2649 1384 2679 12
