1863 3262
328 190 418 237 262
751 204 785 233 s.
829 202 1076 232 Ausus‘rlm
1114 201 1317 231 EPlSCOPI

327 286 475 317 omnes
500 269 684 315 haereses
718 267 941 330 aliquibus
966 284 1008 312 se
1031 283 1178 312 earum
1217 266 1469 313 testimoniis
1498 269 1708 316 occulunt

328 358 378 387 ac
392 340 594 389 nituntur
615 339 724 385 tueri
742 357 752 384 ε
773 339 832 384 ita
847 337 977 383 etiam
997 337 1316 384 catholicorum
1336 338 1530 386 virorum
1547 339 1707 387 famam

327 421 511 475 propter
546 410 769 473 quaepiam
794 409 1011 455 incautius
1043 409 1157 466 fusa,
1185 426 1272 454 non
1300 409 1518 472 patiemur
1542 411 1701 459 addici.

328 482 480 544 Neque
505 481 620 531 enim
652 480 905 529 habuerunt
927 480 1210 526 intentionem
1251 479 1343 536 illi,
1372 492 1447 526 aut
1469 481 1709 528 damnandi

327 553 504 616 nuptias
522 590 534 609 ‚
556 563 632 599 aut
653 551 842 598 liberum
870 551 1101 598 arbitrium
1125 551 1389 611 denegandi,
1413 552 1479 598 vel
1499 553 1708 599 innocen-

326 622 432 673 tiam
451 621 676 671 sauciandi
693 640 704 666 :
726 639 860 686 quam
877 622 911 668 si
930 622 1210 674 habuissent,
1234 639 1322 667 non
1338 633 1526 668 vestrum
1551 623 1710 684 dogma

326 693 570 739 firmassent
587 730 598 750 ,
620 692 694 743 sed
706 693 919 741 bonorem
940 692 1071 739 officii
1090 692 1392 755 perdidissent.
1420 714 1440 734 »

394 766 507 810 Ana.
552 764 591 810 O
610 763 726 810 clara
746 774 787 810 et
803 764 992 823 benigna
1012 763 1122 809 ratio
1146 761 1427 809 defensionis!
1458 763 1710 826 Simplicius

326 833 530 888 videlicet
546 833 660 880 dixit
686 832 989 889 Ambrosius1,
1015 850 1063 878 ex
1090 832 1396 880 commixtione
1414 833 1542 878 maris
1558 844 1599 879 et
1618 833 1706 880 foe-

326 905 458 950 minae
490 915 706 968 expertem
737 905 953 954 neminem
994 921 1080 951 esse
1114 902 1286 957 delicti3
1322 914 1363 949 et
1397 903 1711 967 quodcumque

330 974 450 1026 aliud
492 974 790 1037 speculando,
831 992 911 1023 nec
952 974 1158 1019 habendo
1192 974 1486 1020 necessitatem
1521 992 1545 1020 a
1579 974 1711 1021 latere

328 1045 607 1104 surgentibus
639 1045 956 1108 quaestionibus
992 1044 1230 1100 obviandi,
1268 1045 1530 1105 negligenter
1561 1056 1603 1091 et
1640 1046 1711 1091 in-

324 1125 450 1160 caute
475 1114 649 1177 scriptis
674 1126 715 1167 et
739 1114 1112 1178 disputationibus
1131 1117 1217 1161 suis
1237 1115 1536 1162 Manichaeum
1554 1153 1565 1171 ‚
1593 1116 1712 1179 quod

325 1185 460 1241 dicis,
479 1185 597 1232 virus
614 1185 790 1232 infudit.
819 1186 964 1234 Homo
984 1185 1286 1248 loquacissime
1302 1223 1312 1241 ‚
1339 1186 1535 1232 homines
1561 1186 1713 1233 timens

325 1255 498 1312 homini
524 1256 668 1319 parcis
688 1293 699 1312 ‚
728 1273 817 1310 non
835 1256 910 1309 illa
935 1256 1051 1306 dicta
1086 1256 1296 1302 defendis.
1325 1257 1436 1302 Nam
1463 1256 1496 1301 si
1514 1273 1614 1302 vera
1638 1274 1712 1302 ra-

326 1327 445 1374 tione
478 1326 775 1382 defenduntur
816 1327 914 1372 haee
953 1327 1097 1381 dicta,
1135 1326 1294 1390 procul
1327 1327 1466 1373 dubio
1501 1327 1712 1373 veraciter

328 1396 640 1454 defenduntur,
660 1409 702 1443 et
722 1414 821 1451 vera
844 1408 944 1446 sunt
965 1416 975 1442 ε
1003 1409 1044 1444 et
1064 1398 1097 1444 si
1117 1398 1204 1443 hoc
1232 1398 1292 1443 ita
1310 1409 1395 1453 est,
1419 1410 1533 1443 recte
1567 1398 1713 1443 asseri-

322 1478 396 1515 tur
419 1468 627 1528 originale
653 1478 884 1531 peccatum
904 1505 914 1523 ‚
944 1480 980 1514 et
1022 1468 1180 1528 dogma
1205 1469 1472 1515 interimitur
1499 1479 1704 1515 vestrum.

323 1539 370 1587 Si
390 1548 534 1586 autem
553 1537 659 1584 falsa
677 1539 845 1593 ratione
874 1539 1170 1585 defenduntur
1196 1539 1296 1585 haec
1323 1539 1439 1586 dicta
1455 1577 1465 1596 9
1492 1540 1609 1586 clara
1638 1551 1712 1591 tua

317 1610 397 1660 illa
414 1621 455 1655 et
471 1609 661 1670 benigna
679 1609 788 1655 ratio
810 1627 897 1666 non
917 1621 980 1656 est
1000 1611 1108 1658 ratio
1127 1648 1137 1665 ‚
1162 1610 1234 1656 sed
1261 1610 1477 1674 deceptio.

385 1684 444 1732 At
466 1680 582 1727 enim
607 1702 626 1723 «
648 1681 864 1741 Conjugia
882 1683 1037 1733 crebro
1055 1682 1254 1728 laudavit
1276 1704 1294 1724 »
1316 1682 1572 1728 Ambrosius
1590 1700 1600 1727 ε
1624 1682 1712 1728 hoc

319 1766 362 1803 et
381 1770 460 1800 nos
482 1751 679 1798 facimus.
715 1772 735 1793 t<
756 1751 933 1802 Nullam
947 1790 958 1809 ,
982 1754 1127 1817 inquis
1144 1790 1154 1806 ‚
1176 1752 1222 1798 in
1241 1753 1502 1816 corporibus
1524 1754 1712 1798 affectio-

318 1842 419 1873 nem
453 1841 474 1869 a
512 1820 691 1867 diabolo
731 1821 802 1867 ille
836 1823 1012 1885 putavit
1048 1824 1285 1873 insertam:
1317 1845 1337 1865 υ
1369 1823 1402 1868 si
1439 1823 1712 1869 affectionem

317 1898 507 1947 bonam,
536 1909 617 1938 nec
644 1909 747 1945 nos;
774 1894 807 1938 si
834 1893 994 1946 malam
1010 1932 1020 1949 ‚
1043 1895 1156 1940 sicut
1181 1894 1254 1940 ille
1271 1932 1281 1950 ‚
1315 1895 1374 1940 ita
1393 1905 1435 1939 et
1458 1911 1550 1941 nos,
1579 1916 1599 1937 «
1622 1896 1712 1940 Nec

316 1983 472 2028 regno,
500 1963 671 2026 inquiS,
698 1962 863 2009 diaboli
897 1964 1048 2011 divina
1080 1982 1242 2028 opera,
1280 1965 1370 2011 hoc
1403 1976 1496 2020 est,
1542 1975 1713 2011 naturae

316 2037 516 2088 membra
534 2071 544 2089 ‚
564 2033 637 2086 ille
654 2034 841 2094 subjecit
861 2052 871 2079 :
898 2056 918 2076 »
937 2036 1061 2099 quasi
1083 2035 1384 2086 adulterorum
1409 2036 1603 2081 membra
1623 2052 1712 2081 non

316 2109 404 2154 sint
426 2105 575 2153 divina
598 2121 729 2167 opera
755 2115 797 2149 et
822 2105 1024 2151 membra
1051 2116 1245 2161 naturas,
1273 2122 1375 2168 quae
1407 2116 1550 2150 tamen
1577 2106 1707 2162 vitio,

315 2189 358 2225 et
381 2194 458 2241 per
477 2175 564 2227 hoc
584 2173 761 2219 diabolo
782 2185 951 2226 constat
977 2192 1065 2221 esse
1092 2177 1304 2235 subjecta.
1335 2196 1355 2217 <<
1377 2175 1444 2221 Illi
1461 2213 1472 2232 ‚
1496 2177 1663 2239 inquis,
1688 2195 1711 2223 a

315 2250 408 2302 Deo
427 2245 626 2305 instituta
652 2245 859 2306 conjugia
887 2262 936 2301 ac
965 2246 1270 2294 benedictione
1289 2245 1468 2302 donata,
1492 2246 1709 2293 liberum-

314 2335 400 2383 que
430 2317 680 2374 arbitrium,
694 2327 829 2380 prout
853 2318 1159 2380 opportunitas
1179 2317 1344 2373 attulit,
1369 2317 1665 2380 explicarunt:
1689 2340 1709 2360 »

315 2389 377 2435 sic
395 2399 437 2434 et
459 2404 552 2434 nos.
581 2387 836 2434 Humanum
863 2399 954 2444 est,
983 2388 1129 2452 inquis
1144 2426 1154 2444 ‚
1184 2399 1232 2434 ut
1256 2406 1343 2434 non
1364 2399 1474 2434 stare
1505 2388 1550 2434 in
1572 2388 1710 2434 socie-

316 2469 404 2508 tate
425 2458 554 2504 vestri
571 2456 739 2511 sceleris
760 2458 1012 2519 judicentur
1034 2476 1044 2503 ε
1069 2481 1089 2502 ›>
1113 2460 1202 2505 imo
1226 2459 1427 2510 insanum
1453 2470 1532 2516 est,
1553 2469 1601 2505 ut
1620 2475 1709 2504 non

366 2543 375 2564 ¹
396 2541 547 2574 Ambros.
571 2540 602 2572 in
626 2541 699 2573 lsai,
