1824 3236
281 225 377 281 514
703 238 739 267 5.
783 236 1027 268 Αυι;υ5ΤιΝι
1062 237 1267 267 Et‘lscol‘l

280 305 396 351 unde
415 304 583 350 dictum
601 314 689 360 est,
719 325 739 345 «
759 305 794 350 A
815 303 994 351 muliere
1014 303 1191 348 initium
1212 302 1376 348 iactum
1393 313 1454 348 est
1468 303 1654 366 peccati,

280 397 301 418 >2
325 386 367 421 et
392 385 575 438 propter
593 374 711 421 illam
733 374 946 420 morimur
969 373 1142 420 omnes‘1
1163 393 1172 426 3
1198 395 1217 415 ))
1242 373 1373 419 audes
1399 375 1576 436 insuper
1594 373 1658 418 ir-

278 445 439 501 ridere,
457 462 694 508 eorumque
719 462 786 490 me
804 444 1050 508 principem
1072 443 1330 491 insultanter
1347 445 1540 508 appellas
1557 461 1660 490 con-

282 528 348 567 tra
364 517 586 564 scientiam
606 527 648 562 et
672 516 982 564 conscientiam
1001 528 1135 562 tuam.
1161 516 1295 562 Nullo
1320 516 1450 562 modo
1475 532 1662 579 namque

280 589 479 649 ignoraS,
519 597 627 651 quot
658 599 700 634 et
727 588 880 651 quanti
917 587 961 633 in
990 586 1182 632 Ecclesia
1221 586 1340 634 docti
1369 587 1663 650 Ecclesiaeque

280 660 483 706 doctores
501 670 597 708 ante
624 676 702 705 nos
744 659 930 705 dixerint
946 696 956 715 ‚
984 658 1044 703 sic
1061 668 1262 704 naturam
1288 658 1480 707 hominis
1498 657 1665 705 divini-

282 741 350 783 tus
374 730 636 786 institutam,
661 740 710 776 ut
733 732 767 775 si
786 747 871 776 non
892 739 1127 793 peccasset,
1157 728 1396 775 moriturus
1424 747 1513 779 non
1538 739 1660 774 esset.

281 801 453 847 Horum
474 817 574 860 ergo
595 800 819 863 quomodo
844 800 1052 862 princeps
1087 815 1220 845 vocor
1236 836 1246 855 ‚
1276 816 1388 862 quos
1414 816 1502 846 non
1519 798 1634 844 duco
1651 835 1663 855 ‚

277 871 352 918 sed
387 874 569 934 sequor?
605 872 665 915 Te
690 881 832 916 autem
866 887 955 915 non
993 869 1093 915 dico
1126 886 1216 916 esse
1242 869 1491 933 principem
1516 884 1668 916 eorum
1707 880 1710 883 '

283 943 361 1006 qui
384 952 578 988 asserunt
602 941 662 986 sic
684 941 822 987 Adam
848 940 1077 987 mortalem
1097 940 1263 988 factum
1280 978 1290 997 ,
1323 951 1373 988 ut
1402 941 1490 988 sive
1517 956 1671 1004 pecca-

284 1024 372 1069 ret,
395 1012 483 1059 sive
508 1029 595 1058 non
620 1023 844 1075 peccaret,
872 1012 1111 1058 moriturus
1137 1023 1273 1070 esset,
1299 1023 1429 1076 atque
1451 1011 1512 1057 ita
1535 1028 1671 1075 para—

285 1084 430 1133 disum
466 1094 628 1129 sanctae
667 1083 930 1146 voluptati5‚
972 1084 1051 1130 ubi
1086 1095 1206 1129 tanta
1237 1084 1403 1148 requies
1436 1083 1593 1129 animae
1630 1091 1673 1126 et

286 1155 481 1219 corporis
504 1164 611 1210 erat,
636 1155 914 1200 morientium
937 1155 1225 1212 eruciatibus,
1254 1166 1528 1201 mortuorum
1551 1152 1675 1198 fune-

286 1227 411 1274 ribus
433 1263 443 1282 ,
471 1225 715 1286 lugentium
750 1226 1017 1272 moeroribus
1049 1226 1231 1290 implere
1253 1236 1484 1273 conantur.
1517 1224 1615 1271 Non
1633 1239 1675 1270 es

289 1309 337 1344 tu
359 1313 509 1343 eorum
540 1296 749 1360 princeps
785 1315 794 1341 :
826 1296 1023 1357 Pelagius
1054 1308 1096 1343 et
1122 1296 1353 1344 Coelestius
1374 1333 1385 1352 ‚
1409 1296 1486 1359 qui
1509 1295 1677 1358 priores

287 1369 366 1415 ista
390 1368 620 1423 dixerunt,
648 1378 797 1412 tenent
830 1368 963 1427 hujus
993 1367 1171 1413 nefandi
1201 1367 1417 1427 dogmatis
1445 1365 1678 1430 principa-

288 1451 407 1497 tum3
431 1455 542 1503 quos
561 1438 728 1484 utinam
745 1475 754 1492 ‚
781 1438 892 1484 sieut
913 1456 1001 1483 non
1026 1438 1152 1483 ducis
1170 1475 1180 1494 ‚
1208 1439 1268 1483 ita
1290 1454 1375 1484 nec
1399 1435 1653 1500 sequereris.

359 1510 523 1557 XXVI.
563 1510 662 1557 Jur„
697 1531 716 1550 «
737 1510 833 1556 Hoc
866 1509 981 1556 enim
1014 1510 1159 1573 ipsum
1188 1526 1321 1573 quam
1354 1508 1555 1554 insanum
1585 1516 1647 1552 est
1667 1543 1677 1562 ‚

296 1582 415 1660 quod
437 1580 604 1636 dicim,
634 1580 779 1643 primo
800 1581 996 1626 dolorem
1016 1580 1216 1644 pariendi
1238 1580 1443 1626 comitem
1466 1596 1553 1626 esse
1575 1594 1684 1642 pec-

298 1653 410 1710 cati,
438 1669 539 1697 cum
574 1652 632 1697 it1
664 1669 757 1714 pei
746 1651 925 1714 spicue<
915 1651 969 1697 ad
999 1668 1176 1697 sexuum
1205 1650 1500 1700 conditionem
1518 1664 1680 1708 magis,

300 1740 433 1788 quam
461 1721 515 1767 ad
534 1721 768 1767 criminum
788 1721 992 1785 respiciat
1013 1721 1250 1779 ultionem,
1279 1733 1329 1768 ut
1353 1721 1500 1768 omnia
1524 1719 1687 1766 anima-

297 1797 358 1843 lia
379 1793 500 1840 nullo
521 1792 663 1839 macul
671 1804 738 1838 ata
763 1811 885 1857 pecca
875 1804 970 1849 ato,
1000 1794 1080 1839 hos
1106 1810 1283 1853 angores
1298 1830 1309 1849 ,
1333 1793 1416 1839 hos
1437 1792 1620 1852 gemitus
1642 1789 1688 1836 in

304 1865 594 1932 parturitione
611 1865 872 1928 patiantur?
895 1869 976 1910 Per
1004 1864 1125 1928 quod
1150 1874 1360 1929 apparet,
1385 1871 1691 1924 argumentum

305 1955 391 1984 non
408 1953 493 1982 esse
513 1934 684 1999 peccati
699 1973 709 1991 ‚
727 1934 848 1999 quod
871 1935 1056 1983 inveniri
1079 1936 1208 1982 etiam
1226 1936 1316 1981 sine
1332 1944 1512 1999 peccato
1528 1942 1685 1998 potest.

307 2007 479 2056 Deinde
503 2018 808 2071 promoventes
833 2008 991 2053 affertis
1010 2007 1127 2053 aliud
1145 2045 1155 2063 ,
1189 2007 1330 2053 multo
1353 2005 1687 2070 ineptissimum.

307 2082 408 2130 Non
424 2078 589 2125 deieret
609 2116 618 2134 ,
638 2078 779 2141 inquis
797 2116 807 2134 ,
832 2078 1015 2125 stmnina
1032 2117 1042 2135 ‚
1070 2079 1152 2126 nisi
1176 2089 1281 2125 esset
1298 2078 1530 2127 criminum
1551 2075 1696 2140 parti·-

309 2168 426 2214 cepS.
457 2148 618 2194 Verum
634 2148 751 2193 ittico
771 2148 958 2194 subditis
982 2167 992 2194 z
1017 2149 1101 2195 Sed
1128 2149 1214 2195 hoc
1229 2159 1460 2212 peccatum
1477 2184 1487 2203 ,
1514 2155 1697 2210 propter

309 2219 431 2285 quod
451 2218 570 2265 dolet
590 2218 775 2275 mulier,
800 2219 948 2265 nonin
967 2221 1162 2283 pariente
1181 2256 1191 2275 ,
1215 2229 1421 2264 caeterum
1439 2217 1699 2266 innascente

312 2289 673 2355 deprehenditur.
707 2290 818 2335 Nam
838 2289 935 2336 ideo
954 2300 994 2335 et
1012 2290 1246 2353 baptizatae
1265 2289 1464 2335 mulieres
1481 2325 1492 2345 ,
1517 2287 1695 2343 liherae,

314 2363 397 2417 ais,
423 2361 588 2421 agitant
613 2379 635 2405 a
660 2371 868 2424 peccato3
896 2360 965 2406 sed
995 2378 1075 2424 pro
1098 2361 1288 2407 filiorum
1307 2359 1534 2423 iniquitate
1554 2395 1565 2415 ,
1591 2373 1701 2421 quos

311 2433 476 2488 edunt,
504 2430 805 2478 soecnnditatis
836 2449 922 2477 suec.
946 2432 1281 2478 dissicuitatilius
1310 2431 1575 2490 affliguntur.
1602 2428 1701 2484 Qua

307 2503 512 2568 opinione
535 2502 686 2548 tradux
710 2503 876 2566 pcccati
897 2521 981 2554 non
1008 2506 1098 2563 jain
1131 2523 1152 2550 a
1184 2513 1319 2550 matre
1339 2501 1533 2548 decurrit
1554 2500 1600 2546 in
1628 2515 1700 2545 so-

355 2587 364 2609 l
385 2586 479 2617 Eccli.
501 2596 589 2629 xxiv,
610 2588 663 2619 32.
