1863 3262
163 259 321 291 OPERIS
356 255 622 290 IMPERFECTI
659 256 836 288 CONTRA
869 257 1117 300 JULIANUM,
1155 259 1244 290 LIB.
1288 258 1360 290 111.
1433 242 1496 306 95

111 325 208 390 ipsa
228 341 328 385 ergo
348 322 550 377 libidine,
575 320 689 367 sicut
714 320 979 385 frequenter,
1004 323 1063 369 ita
1085 323 1215 370 etiam
1230 324 1277 370 in
1292 322 1497 370 inferiore

114 406 239 459 parte
257 395 361 441 libri
386 393 448 439 tui
468 391 661 456 loqueris
685 409 696 438 :
718 414 738 434 »
759 393 998 450 Quocirca,
1022 394 1185 457 inquis,
1220 394 1499 441 commixtio-

115 482 215 512 nem
250 480 426 529 quoque
462 463 691 508 honestam
729 467 969 523 conjugum
1007 481 1096 510 non
1135 466 1498 528 reprehendimus

115 546 297 599 propter
307 532 564 598 pudendam
584 549 820 596 corporum
839 533 1070 580 libidinem
1087 533 1124 581 1.
1156 534 1238 581 Illa
1260 536 1376 582 enim
1395 552 1502 599 pos-

115 617 178 653 set
207 621 295 652 esse
317 603 439 651 nulla
467 602 743 668 praecedente
768 603 1092 668 perpetratione
1113 605 1285 667 peccati
1305 642 1317 662 ,
1346 604 1399 651 de
1418 621 1507 669 qua

115 693 206 722 non
224 675 526 721 erubescerent
547 674 769 734 conjugati
793 691 804 718 :
833 674 934 721 haec
968 685 1113 721 autem
1146 685 1291 721 exorta
1312 685 1375 721 est
1403 685 1504 738 post

116 757 365 810 peccatum,
384 761 519 809 quam
537 745 679 790 coacti
697 755 798 790 sunt
816 745 956 792 velare
979 744 1176 800 confusi;
1201 744 1317 791 unde
1336 761 1505 792 reman-

117 817 172 863 sit
195 815 513 879 posterioribus
539 816 799 875 conjugatis,
830 816 1030 878 quamvis
1057 815 1146 862 hoc
1169 815 1286 861 malo
1322 815 1434 862 bene
1466 825 1509 861 et

117 886 235 933 licite
259 886 503 942 utentibus,
520 886 565 931 in
591 885 804 946 eJ'usmodi
824 903 954 949 opere
974 886 1223 932 humanum
1242 887 1378 934 vitare
1398 902 1508 932 con-

117 967 341 1020 spectum3
379 967 508 1020 atque
534 956 595 1002 ita
619 956 817 1002 confiteri
859 956 982 1020 quod
1017 956 1280 1020 pudendum
1304 967 1384 1013 est,
1405 973 1507 1002 cum

117 1027 334 1073 neminem
356 1025 514 1072 debeat
539 1026 724 1089 pudere,
753 1026 875 1090 quod
891 1028 1059 1073 bonum
1090 1037 1166 1074 est.
1199 1025 1391 1073 Proinde
1415 1043 1508 1090 pu-

120 1096 263 1143 denda
283 1095 486 1152 libidine,
518 1096 594 1160 qui
616 1096 734 1142 licite
758 1097 1042 1155 concumbit,
1062 1097 1178 1144 malo
1192 1097 1304 1144 bene
1328 1097 1468 1144 utitur
1492 1113 1503 1141 ε

121 1168 198 1231 qui
216 1177 361 1214 autem
380 1166 549 1224 illicite,
572 1166 687 1212 malo
712 1166 822 1212 male
847 1167 1002 1216 utitur.

187 1239 303 1284 ΑΗΘ.
343 1237 489 1293 Quare
526 1247 589 1283 est
615 1237 862 1300 interrupta
902 1239 1136 1295 sententia,
1163 1249 1206 1284 et
1240 1237 1507 1302 quibusdam

120 1307 422 1371 praetermissis
457 1317 669 1370 tanquam
695 1307 785 1352 hoc
823 1318 1093 1371 sequeretur,
1128 1309 1386 1368 adjunctum
1418 1317 1505 1364 est,

121 1376 313 1424 Proinde
333 1376 543 1441 pudenda
572 1376 777 1434 libidine,
806 1387 889 1424 etc.
929 1378 1217 1440 praetermissa
1239 1388 1341 1424 sunt
1367 1387 1511 1423 autem

127 1448 263 1495 verba
282 1465 397 1505 mea,
419 1447 498 1494 ubi
514 1447 685 1493 dictum
712 1458 773 1493 est
804 1465 814 1493 z
842 1469 862 1490 «
882 1447 954 1493 Sic
976 1448 1256 1495 insinuantur
1272 1448 1372 1494 haec
1395 1447 1503 1505 dun,

123 1529 167 1564 et
181 1519 349 1565 bonum
371 1518 605 1565 laudandae
625 1522 723 1579 conj
733 1519 968 1574 unctionis,
990 1519 1107 1566 unde
1129 1519 1207 1566 filii
1227 1529 1507 1580 generantur,

125 1600 168 1635 et
186 1589 352 1635 malum
367 1589 588 1654 pudendae
621 1589 820 1636 libidinis
837 1627 850 1648 ,
887 1590 1005 1636 unde
1026 1591 1102 1654 qui
1124 1600 1385 1650 generantur
1399 1627 1410 1647 ,
1437 1607 1511 1635 re-

125 1660 359 1720 generandi
377 1671 476 1706 sunt
498 1677 551 1706 ne
573 1660 867 1708 damnentur?
893 1662 1070 1719 »Quare
1087 1661 1312 1709 istaverba
1335 1678 1431 1707 mea
1462 1660 1517 1707 de

127 1731 270 1777 media
281 1732 491 1777 sententia
511 1749 605 1778 mea
621 1732 864 1788 subtrahis,
885 1733 1031 1796 eisque
1052 1733 1287 1780 subtractis
1301 1732 1384 1779 alia
1399 1749 1511 1787 mea,

127 1805 252 1866 quasi
278 1803 371 1866 ipsa
393 1814 647 1866 sequantur,
667 1803 895 1864 adjungis?
916 1804 1037 1861 Quid
1058 1815 1120 1850 est
1140 1803 1260 1868 quod
1283 1802 1420 1850 facis?
1437 1819 1518 1849 cur

128 1872 216 1919 hoc
245 1872 382 1919 facis?
407 1875 569 1919 Parum
592 1884 655 1919 est
696 1874 816 1937 quod
837 1892 903 1931 ea,
924 1892 1024 1937 quae
1048 1875 1131 1921 tibi
1150 1892 1197 1920 ex
1221 1873 1373 1920 eodem
1396 1872 1513 1919 libro

130 1960 226 1989 meo
244 1961 292 1989 ex
310 1943 462 1989 ordine
482 1960 772 2006 proposueras
792 1944 1042 2002 refellenda,
1069 1945 1271 2000 dimittis,
1302 1955 1345 1989 et
1362 1944 1407 1989 in
1433 1943 1518 1989 alia

129 2014 290 2077 pergis,
318 2024 366 2059 ut
383 2013 490 2059 ordo
511 2014 734 2067 turbetur,
758 2025 799 2059 et
819 2015 939 2078 quod
960 2033 983 2060 a
1000 2026 1038 2060 te
1055 2015 1333 2078 propositum
1353 2013 1514 2069 fuerat,

132 2083 186 2129 de
202 2083 372 2130 lectoris
390 2084 598 2129 memoria
619 2083 843 2129 dilabatur
862 2102 872 2128 ε
901 2085 1080 2147 insuper
1102 2096 1144 2130 et
1163 2102 1211 2130 ea
1231 2100 1331 2147 quae
1355 2093 1518 2147 praeter

133 2154 348 2211 ordinem,
377 2165 426 2200 ut
450 2154 532 2200 tibi
551 2154 726 2200 libitum
750 2165 829 2211 est,
869 2154 1132 2218 interponis,
1153 2172 1244 2201 non
1264 2164 1355 2200 tota
1378 2164 1420 2198 et
1446 2153 1521 2198 in-

133 2236 252 2286 tegra
271 2224 456 2271 fideliter
471 2225 616 2288 ponis,
634 2224 708 2271 sed
724 2224 921 2270 concidis
942 2225 1021 2271 ubi
1044 2225 1125 2281 vis,
1166 2223 1280 2270 tollis
1298 2222 1416 2287 quod
1435 2222 1518 2279 viS,

131 2295 278 2357 jungis
300 2295 522 2358 quomodo
546 2295 638 2342 vis:
667 2295 740 2340 sed
764 2294 834 2341 fac
865 2295 1086 2359 quidquid
1107 2295 1202 2350 vis3
1230 2294 1460 2341 convictus
1481 2302 1523 2338 et

135 2365 278 2411 victus
294 2365 545 2428 apparebis»,
569 2375 724 2412 utnon
752 2366 830 2413 viS.

205 2436 409 2483 CXLIII.
438 2436 464 2481 J
469 2452 537 2482 UL.
556 2437 738 2483 Rectius
758 2436 875 2482 enim
892 2436 1059 2500 accipit
1074 2454 1236 2483 nomen
1256 2434 1358 2482 mali
1384 2450 1518 2499 quam

139 2506 247 2553 boni
262 2505 378 2553 unde
388 2506 652 2553 erubescunt
674 2506 778 2554 mali
791 2517 833 2554 et
844 2507 952 2553 boni
976 2508 1022 2562 2;
1044 2507 1285 2571 meliusque
1308 2504 1527 2553 credimus

196 2589 206 2612 ¹
224 2589 293 2622 Lib.
315 2602 349 2623 2.
372 2589 412 2624 de
430 2592 532 2635 Nupt.
548 2595 579 2624 et
592 2591 692 2625 Cone.
714 2600 785 2635 cap.
802 2600 908 2626 21.—
927 2588 942 2613 2
957 2591 1067 2626 Verba
1079 2591 1254 2636 Augustini
1267 2602 1306 2624 ex
1321 2590 1432 2624 eodem
1445 2589 1529 2624 loco.
