1824 3236
277 277 367 323 580
694 289 727 317 s,
773 285 1015 315 AFGUSTINI
1051 285 1252 315 Episcopi

242 395 248 402 .
277 359 424 402 mors?
450 355 507 400 Et
523 354 620 418 quis
641 353 809 407 estiste,
833 351 914 396 nisi
935 350 1152 405 Christus,
1182 367 1258 413 per
1282 367 1412 413 quem
1436 366 1658 396 resurrec-

279 428 338 473 tio
359 427 661 472 mortuorum?
688 445 706 464 α
731 422 971 479 Quoniam,
999 438 1078 485 per
1102 421 1325 466 hominem
1346 437 1461 466 mors
1484 456 1494 478 ,
1518 431 1560 467 et
1583 438 1662 484 per

279 498 542 543 »hominem
567 494 822 541 resurrectio
847 504 1132 539 mortuorum.
1163 492 1285 537 Sicut
1312 492 1424 537 enim
1452 492 1497 537 in
1520 492 1660 538 Adam

280 590 300 612 >›
323 585 470 614 omnes
492 567 759 622 moriuntur,
783 565 844 610 sie
866 575 907 609 et
930 565 973 609 in
997 563 1177 609 Christo
1199 580 1347 607 omnes
1373 563 1661 608 vivificabun-

279 661 299 682 ι)
320 650 391 684 tur
421 656 432 683 :
464 637 511 683 id
544 647 635 691 est,
672 636 941 699 quicumque
976 633 1346 688 vivificabuntur,
1382 651 1469 678 non
1504 633 1585 678 nisi
1615 632 1660 677 in

278 732 299 752 ))
320 709 499 754 Christo
527 706 923 761 vivificabuntur13
953 727 970 746 >³
991 704 1109 749 unde
1129 709 1222 763 jam
1254 719 1387 765 supra
1422 720 1570 748 sumus
1593 703 1661 748 lo—

278 782 383 827 cuti.
412 779 544 825 Nulla
563 790 625 824 est
649 778 801 841 utique
822 776 1083 835 ambiguitas
1098 812 1107 830 ,
1144 773 1198 819 ad
1216 790 1324 836 quas
1345 773 1452 819 duas
1473 791 1537 818 res
1562 774 1661 819 duze

278 853 372 899 istae
389 852 630 898 referantur
645 850 878 909 iniagiiies;
899 847 971 893 illa
986 863 1174 909 namque
1195 846 1378 891 retertur
1393 845 1445 890 ad
1464 856 1660 901 mortem,

277 924 376 970 haec
402 922 456 968 ad
490 920 863 967 resurrectionem.
896 919 974 964 llla
1003 935 1102 977 ergo
1131 916 1186 962 ad
1216 926 1404 961 mortem
1431 916 1659 978 corporis3

277 994 380 1058 quia
400 995 499 1039 haec
514 992 568 1038 ad
588 991 942 1037 resurrectionem
959 990 1179 1052 corporis:
1203 988 1274 1033 illa
1305 987 1358 1033 ad
1382 1003 1542 1050 corpus
1571 986 1662 1031 ani-

277 1065 417 1119 male,
444 1064 565 1128 quod
590 1064 828 1109 seminatur
863 1063 905 1107 in
928 1061 1192 1121 ignoininia3
1228 1059 1326 1104 liaec
1354 1058 1406 1104 ad
1439 1057 1659 1121 spiritale,

279 1137 400 1199 quod
432 1146 623 1195 resurget
662 1136 708 1180 in
746 1134 881 1193 gloria
912 1150 922 1177 :
947 1133 1018 1177 illa
1046 1130 1261 1176 nascendo
1284 1168 1293 1181 ,
1323 1130 1406 1175 hac
1440 1129 1664 1175 induimur

279 1208 558 1255 renascendo.
590 1206 674 1253 Sed
696 1206 904 1269 quoniam
927 1205 1009 1250 sub
1030 1214 1212 1267 peccato
1242 1204 1479 1258 nascimur,
1503 1204 1545 1248 in
1564 1219 1664 1265 pec-

279 1290 478 1326 catorum
513 1289 656 1324 autem
677 1277 927 1323 remissione
952 1276 1220 1321 renascimur
1244 1294 1253 1321 :
1283 1297 1301 1315 «
1321 1275 1444 1321 Sicut
1473 1277 1663 1340 portavi-

281 1374 301 1392 »
325 1367 422 1396 mus
443 1388 453 1404 .,
498 1350 641 1414 inquit
661 1386 670 1405 ‚
718 1348 950 1408 imaginem
994 1348 1203 1393 terrestris
1224 1386 1234 1404 ‚
1274 1359 1498 1412 portemus
1537 1351 1662 1394 etiam

283 1444 303 1463 n
329 1423 561 1482 imaginem
588 1422 704 1467 illius
729 1421 915 1466 (Telestis
931 1420 963 1466 ⁴2.
983 1441 1000 1461 n
1025 1419 1141 1465 Illud
1172 1420 1337 1466 sactum
1360 1439 1444 1467 esse
1467 1438 1664 1466 comme-

281 1504 422 1539 morat
441 1530 451 1549 9
476 1494 562 1538 lioc
587 1492 840 1538 exhortatur
863 1501 909 1536 ut
930 1492 1019 1537 fiat.
1053 1491 1190 1536 Nemo
1210 1491 1322 1536 enirn
1342 1502 1485 1555 potest
1502 1490 1667 1537 efficere

280 1575 436 1611 utnon
459 1564 589 1610 fuerit
612 1574 738 1608 natus
763 1563 805 1607 in
832 1579 966 1625 poena
987 1599 996 1616 ,
1018 1578 1103 1625 qua
1123 1579 1284 1626 corpus
1311 1566 1402 1623 ejus
1435 1564 1667 1609 seminetur

278 1635 324 1680 in
347 1635 611 1695 ignominia:
640 1634 713 1679 scd
741 1634 821 1678 nisi
840 1633 971 1678 fuerit
995 1644 1186 1685 renatus,
1205 1644 1246 1679 et
1265 1634 1602 1696 perseveraverit
1622 1634 1666 1679 in

280 1706 324 1750 in
349 1723 398 1751 eo
423 1705 543 1768 quod
566 1715 626 1749 est
645 1715 817 1749 renatus
848 1705 893 1748 in
916 1704 1051 1763 gratia
1071 1740 1079 1753 ,
1105 1721 1191 1749 non
1211 1706 1435 1767 perveniet
1462 1705 1515 1750 ad
1537 1704 1666 1768 spiri·

285 1776 378 1822 talis
404 1777 580 1840 coporis
599 1775 929 1830 habitudinem,
956 1775 1078 1838 quod
1102 1787 1295 1835 resurget
1319 1777 1361 1821 in
1381 1776 1531 1835 gloria.

348 1847 470 1905 Quid
502 1858 561 1893 est
585 1863 685 1906 ergo
708 1845 825 1909 quod
852 1845 961 1891 dicis
984 1863 994 1890 ι
1022 1867 1042 1886 α
1067 1847 1225 1908 Aperte
1256 1863 1411 1909 nempe
1439 1846 1589 1892 transit
1613 1845 1666 1891 ad

281 1918 422 1964 studia
445 1956 455 1974 ‚
484 1918 667 1980 vultque
695 1927 863 1962 tantum
889 1919 1090 1962 interesse
1125 1916 1237 1962 inter
1274 1917 1539 1980 praeteritam
1564 1933 1668 1962 nos-

286 2001 392 2035 tram
439 1999 478 2034 et
511 1999 770 2051 praesentem
813 1987 1213 2043 conversationem,
1248 1998 1460 2050 quantum
1495 1987 1669 2033 interest

281 2062 395 2106 inter
410 2059 719 2105 mortalitatem
740 2058 1158 2104 etimmortalitatem
1174 2061 1223 2104 Ρ»
1246 2060 1356 2104 Cum
1370 2058 1518 2122 potius
1535 2060 1668 2122 Apos-

285 2130 396 2176 tolus
422 2147 508 2174 non
531 2129 586 2174 ad
607 2128 718 2174 illud
751 2139 956 2185 transeat3
983 2129 1053 2174 sed
1073 2128 1117 2173 id
1145 2128 1261 2192 quod
1285 2129 1338 2174 de
1358 2129 1669 2174 resurrectione

283 2200 424 2246 carnis
449 2209 661 2262 coeperat,
689 2209 925 2262 exequatur
945 2236 954 2254 ,
978 2199 1048 2244 cui
1072 2215 1093 2243 e
1119 2199 1336 2244 contrario
1359 2209 1544 2244 mortem
1568 2216 1668 2244 car-

282 2272 346 2317 nis
381 2271 582 2334 opponit.
626 2271 725 2315 Non
764 2270 911 2334 itaque
947 2269 1056 2316 duas
1094 2271 1440 2316 conversationes
1460 2308 1469 2325 ,
1508 2270 1668 2315 malam

280 2342 461 2395 scilicet,
486 2352 527 2386 et
552 2341 713 2386 bonam
734 2378 744 2396 ,
775 2341 870 2387 vult
889 2341 1087 2387 hocloco
1108 2340 1290 2401 intelligi
1316 2360 1325 2386 ε
1354 2342 1425 2387 sed
1448 2357 1668 2387 resurree-

285 2414 445 2458 tionem
462 2411 604 2457 carnis
623 2412 681 2456 ita
701 2428 781 2474 per
806 2412 1030 2457 Christum
1055 2411 1248 2456 futuram
1264 2449 1273 2467 ‚
1301 2412 1413 2457 sicut
1430 2429 1508 2476 per
1527 2411 1668 2458 Adam

282 2493 466 2528 mortem
506 2482 648 2527 carnis
681 2482 828 2527 asserit
854 2482 1029 2528 factam.
1062 2482 1163 2527 Sine
1194 2482 1416 2528 hominem
1443 2483 1522 2528 Dei
1546 2499 1669 2542 agere

277 2553 397 2618 quod
431 2554 516 2612 agit
544 2570 554 2598 :
584 2565 630 2599 tu
658 2570 757 2598 eum
779 2570 954 2616 sequere
972 2591 981 2609 ,
1006 2553 1093 2599 noli
1114 2564 1162 2599 ut
1181 2564 1230 2599 te-
1246 2564 1450 2616 sequatur
1476 2554 1566 2617 ipse
1590 2570 1668 2599 co-

325 2635 364 2665 11
392 2636 467 2666 Cor.
490 2646 543 2671 xv,
562 2648 618 2675 Ἠ,
642 2646 696 2667 ⁴22.
714 2654 754 2660 -—
776 2634 972 2677 ‘²1bid.!.9.
