1863 3262
337 262 429 309 28ss
764 273 798 301 s,
840 270 1083 301 AUGUSTINI
1120 270 1323 301 E1'15COP1

338 342 554 407 pertinere
596 337 649 384 ad
692 336 918 381 traducem
953 336 1149 399 peccati,
1185 352 1265 381 nec
1292 332 1345 380 ad
1371 335 1720 381 Manichaeorum

339 412 589 475 opinionem
607 446 616 463 ‚
645 408 722 453 istc
745 406 835 469 ipse
855 407 929 468 qui
955 407 1093 451 suerat
1119 410 1209 466 ejus
1230 416 1480 469 usurpator,
1506 406 1720 459 ostendit3

341 484 401 528 ait
427 482 541 527 enim
565 498 576 524 :
605 501 623 520 «
654 480 715 523 De
736 478 1089 540 quibuscumque
1126 479 1212 523 hoc
1232 478 1350 523 dicat
1366 513 1376 532 ‚
1398 477 1452 521 de
1469 477 1726 522 hominibus

342 553 448 598 dicit
471 569 480 595 :
504 573 524 592 »
546 567 646 595 cum
663 559 776 593 certe
797 549 829 592 si
847 548 900 593 de
920 547 1107 592 naturali
1136 559 1318 610 peccato
1345 547 1507 592 diceret
1524 585 1535 602 ,
1559 565 1647 592 nou
1673 545 1727 592 de

343 624 698 687 quibuscumque
723 656 733 675 ‚
778 619 850 664 sed
895 619 948 664 de
994 619 1199 663 omnibus
1247 618 1510 682 loqueretur.
1562 617 1727 681 Opinio

346 695 513 756 quippe
545 690 890 736 Maniehaeorum
911 688 1165 748 generaliter
1191 699 1453 733 cunctorum
1478 687 1728 733 mortalium

347 763 528 810 infamat
542 772 740 807 naturam
765 778 775 804 ε
802 759 1010 804 sententia
1035 776 1135 803 vero
1154 758 1206 803 de
1217 775 1303 821 qua
1316 759 1553 821 quaerimus
1569 796 1578 814 ‚
1601 758 1731 803 etiam

349 834 405 879 ab
430 833 524 895 ipso
545 831 784 895 plagiatore
811 847 888 875 suo
913 829 1072 890 recipit
1094 828 1388 874 testimonium
1407 864 1416 886 ‚
1438 827 1557 892 quod
1583 845 1669 872 non
1687 827 1733 872 in

349 920 497 949 omnes
517 940 527 954 ,
555 902 627 946 sed
653 902 697 946 in
723 900 891 963 aliquos
912 899 1081 962 prolata
1116 899 1182 944 sit.
1216 901 1275 944 Ex
1299 916 1387 962 quo
1408 908 1604 954 constat,
1630 897 1734 943 nul-

352 975 444 1019 lum
468 974 506 1018 ei
539 972 759 1031 negotium
785 971 913 1015 fuisse
946 987 1045 1015 cum
1085 970 1293 1026 traduce,
1321 987 1423 1033 quae
1458 986 1734 1033 nequaquam

352 1044 573 1089 universos
589 1078 599 1096 ,
627 1041 700 1086 sed
719 1040 948 1103 plerosque
964 1040 1176 1103 percellit.
1208 1040 1347 1099 Igitur
1365 1051 1532 1086 ostenso
1555 1039 1666 1085 nihil
1683 1039 1737 1084 de

355 1132 402 1160 ea
422 1122 616 1176 spectare
639 1111 690 1156 ad
713 1110 940 1174 profanam
962 1111 1211 1173 opinionem
1230 1149 1239 1165 ‚
1258 1111 1394 1174 ipsius
1414 1111 1516 1155 libri
1534 1110 1737 1169 suffragio

357 1183 581 1248 scriptoris
618 1187 708 1242 ejus
740 1185 899 1228 sanitas
936 1190 1161 1229 asseratur.
1204 1183 1421 1246 Loquitur
1462 1182 1514 1227 ad
1560 1183 1699 1227 Deum
1725 1199 1735 1225 :

358 1277 378 1297 α
400 1253 615 1300 Misereris
638 1253 832 1297 omnium
855 1289 865 1307 ,
889 1253 1097 1315 quoniam
1124 1254 1270 1298 omnia
1294 1263 1440 1316 potes,
1471 1263 1513 1297 et
1535 1251 1742 1297 dissimu-

361 1325 461 1371 »las
488 1334 669 1388 peccata
704 1323 933 1368 hominum
960 1335 1143 1386 propter
1173 1323 1501 1386 poenitentiam⁴
1523 1343 1533 1377 ;
1557 1345 1576 1364 >>
1600 1322 1743 1382 diligis

360 1397 474 1442 enim
495 1395 641 1440 omnia
665 1411 765 1456 quae
785 1404 908 1447 sunt,
929 1404 970 1437 et
992 1395 1101 1439 nihil
1124 1394 1253 1440 odisti
1272 1395 1431 1440 horum
1451 1411 1550 1458 quae
1583 1393 1737 1439 fecisti.

362 1464 598 1523 Quomodo
624 1465 736 1509 enim
758 1473 903 1526 posset
928 1464 1090 1526 aliquid
1115 1482 1385 1526 permanere,
1410 1464 1492 1509 nisi
1514 1475 1559 1509 tu
1578 1463 1744 1510 voluis-

360 1540 456 1582 ses?
477 1534 622 1580 Parcis
642 1544 784 1579 autem
806 1534 1011 1579 omnibus
1031 1572 1040 1590 ,
1059 1535 1265 1598 quoniam
1288 1546 1360 1581 tua
1386 1545 1512 1589 sunt,
1537 1532 1737 1589 Domine,

362 1607 440 1670 qui
461 1606 625 1652 animas
650 1604 808 1663 diligis.
834 1604 983 1649 Bonus
1002 1605 1115 1650 enim
1144 1605 1322 1668 spiritus
1346 1616 1447 1651 tuus
1469 1616 1531 1650 est
1564 1604 1609 1650 in
1643 1622 1743 1649 om-

363 1676 519 1729 nibus3
558 1684 741 1737 propter
765 1673 884 1736 quod
910 1672 990 1718 hos
1010 1674 1085 1736 qui
1109 1686 1279 1731 errant,
1306 1675 1507 1739 partibus
1528 1673 1711 1737 corripis
1727 1711 1738 1730 ‚

363 1757 406 1792 et
422 1746 474 1792 de
494 1745 657 1809 quibus
678 1754 863 1807 peccant
885 1744 1121 1790 admonens
1136 1745 1367 1809 alloqueris
1381 1783 1392 1802 ,
1415 1756 1463 1791 ut
1485 1744 1635 1791 relicta
1653 1762 1738 1790 ma-

362 1817 454 1863 litia
472 1816 650 1863 credant
675 1816 719 1859 in
738 1825 778 1859 te
794 1851 804 1869 ‚
830 1815 1028 1861 Domine.
1064 1838 1078 1856 »

429 1893 545 1934 Auo.
589 1885 824 1943 Quomodo
851 1886 1075 1933 miseretur
1110 1888 1305 1934 omnium
1342 1892 1489 1945 Deus,
1525 1903 1628 1934 cum
1660 1887 1742 1933 alia

364 1960 592 2023 Scriptura
612 1958 728 2003 dicat
752 1973 763 2001 ι
793 1978 811 1997 «
839 1958 937 2002 Non
969 1959 1203 2005 miserearis
1235 1959 1432 2005 omnium
1456 1959 1532 2023 qui
1550 1976 1741 2023 operan-

362 2055 378 2071 »
398 2041 467 2076 tur
484 2027 813 2092 iniquitaten12;
833 2028 947 2072 »nisi
966 2029 1069 2092 quia
1091 2041 1132 2075 et
1158 2030 1203 2075 in
1225 2029 1308 2075 illis
1334 2047 1521 2093 quorum
1545 2047 1632 2075 non
1656 2029 1741 2074 mi—

362 2112 541 2155 seretur,
563 2116 711 2144 omnes
729 2099 928 2143 homines
950 2101 1007 2144 ita
1028 2111 1154 2157 sunt,
1177 2111 1224 2146 ut
1244 2101 1389 2145 omnia
1413 2117 1566 2160 genera
1590 2099 1740 2145 homi-

363 2187 470 2216 num
508 2168 830 2227 intelligantur3
859 2169 970 2213 sicut
997 2169 1165 2215 dictum
1190 2180 1250 2215 est
1275 2188 1285 2215 :
1318 2191 1337 2211 α
1357 2163 1590 2215 Decimatis
1613 2187 1740 2215 omne

362 2264 378 2282 »
396 2241 516 2295 olus,
547 2239 590 2284 id
616 2248 700 2293 est,
725 2254 852 2282 omne
876 2237 1001 2283 oleris
1026 2239 1186 2298 genus3
1202 2243 1220 2285 Ρ
1239 2262 1258 2282 »
1279 2240 1398 2297 Quid
1426 2252 1570 2286 autem
1592 2250 1632 2285 te
1656 2240 1739 2285 ad-

358 2315 514 2371 juvat,
537 2308 657 2373 quod
694 2308 921 2370 Scriptura
945 2309 1048 2354 libri
1081 2310 1316 2373 Sapientiae
1347 2328 1433 2356 non
1459 2311 1512 2356 de
1534 2311 1740 2357 omnibus

362 2382 618 2428 hominibus
645 2380 924 2443 loquebatur,
951 2381 1026 2426 ubi
1052 2382 1133 2435 ait,
1156 2382 1274 2444 quod
1295 2383 1503 2428 naturalis
1519 2393 1623 2428 esset
1643 2400 1730 2427 ma*

361 2453 452 2498 litia
481 2450 715 2498 illorumss'?
744 2451 893 2513 'Neque
913 2452 1025 2496 enim
1050 2452 1153 2515 quia
1171 2452 1223 2498 de
1247 2453 1509 2516 quibusdam
1527 2491 1537 2510 ‚
1570 2471 1660 2498 non
1684 2453 1738 2499 de

361 2523 566 2570 omnibus
607 2520 862 2567 homiuibus
902 2522 1082 2582 agebat,
1118 2522 1213 2569 ideo
1258 2525 1386 2569 etiam
1420 2524 1522 2570 fecit
1556 2523 1739 2584 intelligi

407 2607 511 2650 lsap.
533 2617 581 2645 xx,
597 2614 652 2643 24.
669 2623 711 2629 —
729 2602 744 2625 ‘²
760 2603 840 2635 Psal.
858 2614 949 2641 tvm,
969 2606 1003 2639 6.
1022 2623 1062 2630 -
1081 2603 1096 2628 ³
1111 2609 1187 2640 Luc.
1208 2610 1252 2646 xl,
1271 2613 1323 2643 42.
1338 2624 1383 2631 —
1398 2604 1411 2629 ⁴
1428 2609 1502 2650 Sap.
1518 2618 1580 2645 x11,
1601 2618 1653 2637 10.
