1863 3262
325 267 410 297 120
739 266 775 295 s,
820 264 1064 296 Aucusrmi
1101 265 1302 297 Ei-iscom

316 331 443 387 dcre3
469 342 510 377 et
534 329 678 396 potius
700 342 886 395 propter
907 330 982 376 illa
1008 348 1110 395 quae
1129 333 1325 396 superius
1339 333 1445 391 dixi,
1471 336 1693 400 quomodo

315 402 663 450 Manichaeorum
686 420 775 449 non
793 402 848 448 sis
863 401 1038 462 adjutor
1064 403 1251 451 ostende.

377 475 624 522 CLXXIII,
649 474 749 521 JUL,
782 494 803 515 α
826 473 1064 533 Cognoscis
1089 491 1261 538 nempe,
1287 477 1510 539 quomodo
1550 479 1696 540 signa-

317 545 476 593 tissime
486 545 759 592 Manichaeus
779 543 1005 591 traducem
1021 547 1252 592 confirmet
1272 549 1534 605 animarum,
1556 561 1695 614 etquo

313 617 560 664 testimonio
581 627 730 662 utatur
755 615 809 662 ad
827 615 1190 681 vituperationem
1216 620 1373 675 carnis,
1403 620 1477 665 illo
1496 621 1696 667 videlicet

310 688 433 754 quod
461 688 506 734 in
542 705 614 734 ore
636 697 778 734 vestro
797 698 1012 744 versatur,
1039 687 1085 733 id
1109 700 1187 745 est,
1223 710 1243 731 «
1267 690 1400 747 Quod
1427 691 1621 738 nascitur
1643 691 1697 738 de

311 781 334 803 »
357 776 486 807 carne
504 775 606 805 caro
627 768 707 815 est,
731 757 906 823 etquod
927 758 979 804 de
1004 759 1179 822 spiritu,
1203 760 1381 823 spiritus
1404 772 1480 809 est.
1507 783 1528 804 »

376 833 490 878 Auo.
512 830 611 876 Jam
652 828 740 876 dixi
774 829 996 893 quomodo
1030 847 1107 876 nos
1131 830 1403 894 accipiamus
1443 832 1544 878 haec
1565 832 1696 880 verba

306 901 553 962 evangelica
575 919 584 945 :
613 900 823 964 quoniam
836 918 924 946 non
938 901 1276 961 generationem,
1306 901 1379 948 sed
1403 904 1697 962 regeneratio-

313 991 408 1019 nem
428 972 601 1018 docent.
617 973 686 1018 Tu
713 971 803 1026 dic,
831 973 865 1018 si
882 982 1021 1036 poteS‚
1048 972 1271 1036 quomodo
1291 990 1380 1018 non
1400 973 1579 1034 adjuves
1598 976 1699 1021 Ma-

307 1043 624 1090 niehaeiverba
652 1043 859 1103 sacrilega
893 1043 946 1089 de
971 1044 1336 1107 concupiscentia
1371 1045 1531 1102 carnis,
1565 1063 1698 1110 quam

308 1124 541 1178 propterea
562 1123 608 1160 tu
628 1130 758 1174 negas
780 1113 834 1159 de
860 1124 1017 1159 natura
1044 1113 1177 1176 primi
1213 1114 1405 1159 hominis
1429 1118 1700 1178 praevarica-

311 1186 426 1231 tione
452 1184 604 1231 vitiata
626 1184 673 1230 in
696 1194 888 1230 nostram
931 1195 1134 1230 naturam
1169 1185 1486 1248 propagatione
1519 1186 1701 1233 descen-

309 1255 438 1313 dere,
475 1265 522 1301 ut
554 1272 650 1301 eam
676 1265 857 1319 putetur
896 1254 967 1301 ille
1000 1257 1094 1301 Deo
1133 1266 1366 1301 coaeternae
1415 1257 1700 1304 tenebrarum

312 1328 430 1388 genti
451 1327 684 1373 rectissime
705 1326 930 1391 deputare.
963 1326 1322 1390 Insipientissime
1349 1327 1519 1391 quippe
1538 1339 1578 1374 et
1612 1330 1700 1375 im-

311 1398 627 1463 pudentissime
646 1397 722 1443 abs
755 1408 794 1444 te
817 1408 1000 1458 negatur
1019 1397 1202 1453 malum,
1236 1414 1324 1460 quo
1339 1413 1441 1443 caro
1466 1399 1702 1462 concupis-

312 1470 374 1516 cit
397 1469 600 1515 adversus
623 1469 846 1533 spiritum,
869 1479 910 1515 et
931 1479 1082 1515 contra
1113 1468 1233 1533 quod
1259 1479 1469 1529 geruntur
1495 1470 1701 1517 interiora

314 1540 429 1587 bella
448 1551 685 1588 castorum.

380 1611 617 1659 CLXXIV.
640 1612 740 1660 JtJL.
766 1632 787 1654 «
806 1611 911 1658 Ideo
929 1629 1018 1657 non
1037 1611 1177 1658 solum
1204 1611 1467 1676 eloquendo,
1488 1612 1703 1659 sedetiam

313 1683 769 1749 repetendoinculcat,
784 1683 1001 1745 dogmatis
1019 1684 1083 1730 sui
1101 1701 1186 1730 esse
1199 1685 1454 1748 proprium,
1475 1684 1698 1731 traducem

317 1756 563 1803 animarum
583 1765 740 1819 putare
769 1772 779 1800 ε
808 1755 926 1819 quod
952 1756 1082 1801 etiam
1109 1772 1188 1819 per
1215 1755 1547 1801 similitudinem
1573 1773 1704 1816 gene-

315 1827 509 1873 rantium
533 1842 768 1890 corporum
802 1826 1051 1890 approbare
1088 1836 1287 1872 conatur.
1335 1825 1488 1889 (Sicut
1515 1826 1671 1872 animae
1689 1864 1698 1882 ‚

317 1898 479 1962 inquit,
507 1898 746 1959 gignuntur
764 1897 820 1943 ab
845 1897 1092 1954 animabus,
1114 1897 1173 1942 ita
1193 1897 1446 1957 figmentum
1463 1897 1658 1960 corporis
1681 1914 1703 1942 a

318 1969 518 2033 corporis
559 1978 714 2014 natura
749 1967 990 2027 digeritur3
1025 1977 1066 2013 et
1099 1967 1211 2013 sicut
1249 1984 1350 2012 caro
1376 1967 1430 2013 de
1455 1984 1612 2024 carne,
1643 1968 1703 2013 ita

319 2039 465 2085 anima
490 2038 544 2085 de
572 2038 731 2084 anima.
750 2037 766 2100 )
788 2037 873 2083 Sed
892 2054 1124 2102 pergamus
1145 2037 1200 2083 ad
1225 2037 1406 2100 reliqua.
1433 2038 1587 2101 (Sicut
1603 2055 1702 2098 ergo

320 2121 472 2157 auctor
495 2109 741 2155 animarum
760 2109 877 2154 Deus
896 2120 974 2165 est,
997 2109 1057 2154 ita
1076 2123 1313 2172 corporum
1333 2118 1486 2153 auctor
1503 2126 1582 2172 per
1601 2125 1705 2154 con·

317 2180 633 2244 cupiscentiam
660 2178 863 2225 diabolus
901 2190 980 2235 est,
1012 2180 1127 2225 utin
1154 2179 1384 2224 viscatorio
1423 2179 1590 2225 diaboli
1626 2197 1705 2243 per

319 2251 719 2315 concupiscentiam
737 2250 946 2306 mulieris,
974 2250 1090 2296 unde
1106 2250 1307 2296 diabolus
1327 2261 1592 2314 aucupatur,
1615 2267 1705 2296 non

319 2323 498 2379 animas,
527 2321 601 2368 sed
625 2320 859 2385 corpora&
879 2322 893 2383 )

384 2394 500 2441 AUG.
546 2393 645 2438 TNon
665 2410 873 2456 corpora,
914 2391 987 2437 scd
1029 2391 1193 2438 animas
1223 2391 1435 2455 aucupari
1472 2391 1699 2438 diabolum

317 2464 462 2530 potuit
486 2463 629 2510 dicere
656 2464 928 2510 Manichacus
952 2481 962 2508 :
993 2480 1179 2526 corpora
1209 2463 1325 2508 enim
1348 2463 1456 2509 dicit
1480 2462 1535 2509 ad
1558 2463 1698 2523 gentis

322 2534 599 2581 tenebrarum
637 2545 857 2591 naturam,
897 2533 1012 2581 unde
1030 2544 1091 2580 cst
1126 2544 1166 2579 ct
1204 2532 1426 2592 diabolus,
1467 2534 1696 2598 pertinere.

371 2619 380 2641 ¹
405 2617 548 2650 M..nich.
568 2618 660 2661 cp‘st.
