1824 3236
166 277 322 309 omanis
359 272 619 305 lilt‘l-:RFECTI
656 272 826 301 comni
865 272 1110 311 summum,
1152 271 1235 300 Lm.
1279 269 1338 297 vi.
1389 250 1483 314 475

116 343 351 397 vitiantur,
375 340 462 386 sive
494 354 593 401 quae
626 337 788 382 vniat-ee
812 348 1074 393 nascuntur,
1106 336 1230 382 illum
1252 343 1488 379 creatorem

115 414 196 460 nisi
224 429 321 459 eum
343 449 353 467 ‚
382 411 459 474 qui
483 409 598 453 bona
619 418 761 462 creat,
792 407 952 453 habere
979 426 1062 453 non
1086 416 1291 470 possunt;
1316 403 1418 467 quia
1443 401 1488 446 in

115 495 328 547 quantuni
354 491 520 527 naturae
549 488 679 532 sunt,
721 478 852 523 honae
876 489 976 523 sunt
1003 515 1012 533 ‚
1044 479 1172 523 ctiam
1198 488 1490 538 quaecumque

114 556 278 602 vitiatae
298 563 411 599 sunt.
449 552 548 597 Non
574 550 687 595 enim
714 550 937 605 vitiorum,
965 550 1037 595 sed
1063 560 1315 595 naturarum
1339 554 1490 590 auctor

113 637 191 683 est,
218 636 385 672 creator
409 623 599 668 illarum.
628 622 737 667 Nam
763 632 805 666 et
827 631 978 667 auctor
1001 622 1091 684 ipse
1109 621 1314 666 vitiorum
1336 627 1492 662 natura

113 698 254 744 bonus
270 706 348 753 est,
372 711 503 758 quam
524 694 638 739 Deus
662 692 784 747 fecit3
806 692 878 737 sed
904 693 1010 738 vitio
1039 691 1178 737 malus
1198 700 1277 737 cst.
1297 705 1385 752 quo
1400 686 1490 749 ipse

114 785 136 814 a
166 768 284 814 bono
308 765 533 814 conditore
562 764 674 809 mala
708 763 931 809 voluntate
963 761 1134 807 defecit.
1174 762 1324 823 ltaque
1348 756 1490 802 Mani-

113 837 339 883 chaeorum
366 852 553 883 errorem
585 834 692 879 ratio
724 833 803 879 ista
826 850 924 878 vera
950 831 1199 886 convincit,
1228 829 1304 892 qni
1337 826 1493 872 nolunt

113 908 304 972 recipere
329 906 630 954 auctoritatem
650 944 661 959 ‚
683 905 770 950 sive
793 921 879 967 qua
902 904 1068 950 dictum
1090 912 1176 957 est,
1203 922 1221 939 «
1243 898 1361 944 Fecit
1377 899 1492 943 Deus

113 1000 135 1020 »
157 980 301 1025 omnia
319 1016 331 1035 ‚
365 989 407 1023 et
440 994 539 1023 ecce
573 976 689 1021 bonu
725 975 849 1021 valde
868 998 906 1029 ‚n
941 973 1118 1038 quando
1145 971 1291 1017 adhuc
1318 967 1487 1014 nullum

111 1061 203 1096 erat
228 1049 412 1105 malum3
434 1048 520 1094 sive
546 1065 631 1111 qua
655 1047 822 1092 dictum
852 1057 914 1092 cst
934 1084 944 1102 ‚
970 1068 989 1087 «
1013 1044 1167 1092 Omnis
1191 1051 1389 1088 creatura
1416 1036 1494 1082 Dei

113 1143 133 1163 υ
150 1121 268 1167 bona
286 1131 366 1177 est,
382 1141 402 1162 »
417 1118 596 1183 quando
611 1122 701 1178 jam
723 1129 814 1164 erat
839 1118 926 1163 hoc
953 1116 1162 1163 saeculum
1182 1113 1365 1167 malum,
1389 1125 1488 1155 cum

112 1194 232 1238 Deus
255 1192 309 1237 sit
327 1191 478 1254 utique
498 1189 641 1235 factor
668 1190 866 1234 omnium
891 1188 1170 1234 saeculorum.

177 1267 246 1311 Tu
277 1276 418 1311 autem
438 1301 449 1321 ‚
478 1263 553 1327 qui
580 1262 694 1307 hanc
723 1263 879 1325 recipis
912 1262 1213 1308 auctoritatem
1243 1257 1491 1304 divinorum

102 1336 385 1399 -eloquiorum
407 1372 417 1389 ,
441 1345 553 1380 ntea
577 1334 729 1379 merito
756 1333 892 1396 possis
919 1332 1089 1392 urgeri,
1117 1348 1195 1376 cur
1229 1347 1313 1374 non
1349 1337 1492 1373 anon-

111 1407 178 1453 dis
200 1407 243 1453 in
271 1424 321 1452 eo
360 1407 504 1462 libro,
529 1405 605 1450 ubi
640 1404 797 1465 legitur
837 1407 976 1450 Deum
1014 1402 1161 1449 fecisse
1189 1401 1335 1447 omnia
1376 1400 1492 1444 bona

111 1477 238 1524 valde
257 1514 267 1533 ,
297 1476 493 1523 omnium
523 1476 717 1521 locorum
745 1475 962 1538 optimum
988 1474 1233 1537 plantatum
1253 1488 1337 1516 csse
1362 1485 1494 1532 parar—

111 1547 280 1613 disum,
315 1548 393 1594 ubi
418 1551 536 1593 Deus
567 1564 702 1609 usque
737 1546 844 1591 adeo
876 1545 986 1591 niliil
1014 1543 1114 1589 mali
1138 1560 1224 1588 esse
1254 1540 1417 1594 voluit,
1450 1548 1498 1583 ut

112 1636 191 1666 nec
223 1619 452 1679 imaginem
490 1634 613 1663 suam
647 1617 708 1662 ibi
744 1634 830 1662 esse
865 1616 1161 1679 permitteret„
1190 1622 1337 1676 postea
1362 1626 1494 1674 qnam

111 1690 292 1755 propria
319 1690 542 1736 voluntate
565 1689 793 1751 peccavit?
822 1689 876 1733 Et
899 1698 1044 1733 tamen
1069 1702 1143 1731 vos
1167 1684 1212 1729 in
1237 1692 1368 1728 tantae
1394 1680 1494 1726 fcli-

112 1762 254 1808 citatis
275 1771 317 1807 et
342 1760 510 1806 decoris
535 1760 682 1806 locum
700 1797 710 1814 ‚
735 1760 812 1805 ubi
851 1775 930 1805 nec
961 1757 1094 1817 ligni,
1136 1772 1218 1800 nec
1246 1753 1384 1805 foeni,
1415 1767 1494 1796 nec

111 1832 261 1896 pomi,
290 1849 370 1877 nec
402 1835 661 1894 cujusquam
688 1829 753 1875 vel
780 1829 916 1889 frugis
940 1828 1008 1874 vel
1032 1825 1200 1890 pecoris
1224 1823 1378 1869 vitium
1410 1838 1496 1866 esse

111 1903 303 1967 potuisse
333 1902 402 1948 vel
439 1918 565 1965 posse
588 1899 855 1946 credendum
886 1910 977 1954 cst,
1021 1896 1167 1943 omnia
1201 1895 1496 1940 humanorum

113 1989 352 2037 corporum
382 1982 425 2018 et
447 1971 721 2032 ingeniorum
757 1970 859 2016 vitia
893 1987 981 2015 non
1011 1965 1223 2014 dubitatis
1258 1963 1463 2009 inducere
1481 1999 1491 2013 ,

110 2056 213 2090 cum
238 2044 400 2107 quibus
419 2043 619 2088 homines
637 2042 754 2087 nasci
771 2079 781 2097 ‚
813 2041 959 2087 dolere
984 2056 1057 2086 vos
1076 2037 1258 2083 sinimus
1274 2073 1284 2091 ‚
1306 2051 1394 2079 non
1418 2050 1496 2078 nc-

111 2125 225 2176 gare.
254 2116 434 2162 Necesse
458 2124 520 2160 est
537 2114 653 2159 enim
681 2124 729 2159 ut
754 2112 960 2168 doleatis,
980 2108 1158 2175 quando
1180 2106 1290 2171 quid
1314 2122 1497 2169 respon-

111 2184 247 2232 deatis
277 2202 365 2231 non
384 2185 585 2231 invenitis
602 2221 613 2240 ,
636 2195 678 2229 et
703 2195 788 2229 tam
825 2199 1010 2247 pravam
1035 2179 1290 2226 sententiam
1324 2187 1494 2223 mutare

112 2274 201 2303 non
218 2256 350 2304 vultis
368 2294 378 2313 ,
410 2273 512 2321 quae
545 2273 621 2302 vos
645 2255 888 2301 inevitabili
921 2252 1169 2299 necessitate
1198 2248 1423 2312 compellit
1447 2248 1492 2292 in

113 2327 210 2373 loco
221 2337 352 2372 tantae
363 2326 699 2372 beatitudiniset
713 2324 1060 2389 pulchritudinis
1070 2320 1330 2368 constituere
1341 2335 1495 2372 caecos,

113 2398 271 2453 lusc05‚
295 2398 457 2462 lippos,
473 2397 642 2452 surdos,
669 2408 829 2453 mutos,
858 2395 1057 2451 claudos,
1076 2391 1307 2446 deforme5‚
1330 2389 1496 2436 distor-

67 2471 76 2481 ’
115 2481 179 2516 tos
196 2506 207 2525 ‚
233 2470 442 2525 tineosos,
469 2468 662 2532 leprosos
677 2504 688 2523 ‚
712 2467 976 2532 paralyticos
993 2504 1002 2521 ,
1026 2463 1282 2528 epilepticos
1301 2499 1310 2515 ‚
1338 2472 1380 2506 et
1402 2461 1496 2507 aliis

115 2539 292 2587 diversis
310 2540 540 2600 generibus
562 2538 741 2591 {Vitiosos
761 2576 772 2594 ‚
804 2549 933 2603 atque
952 2538 1068 2601 aliqu
1077 2534 1188 2581 ando
1208 2533 1336 2578 etiam
1362 2531 1495 2577 nimia

113 2611 316 2672 foeditate
341 2622 385 2658 et
408 2611 707 2670 membrorum
732 2610 938 2657 horribili
963 2608 1153 2656 novitate
1181 2601 1488 2651 monstruosos.
