1824 3236
185 252 340 282 OPERIS
376 252 637 283 IMPERFECTI
674 252 848 284 CONTRA
883 256 1129 299 JUIAIANUM,
1167 259 1253 289 Liss.
1297 262 1338 292 V.
1415 247 1499 293 321

134 318 303 363 Malum
328 328 390 364 est
407 319 521 364 enim
546 317 599 364 de
617 330 798 381 peccato
822 321 994 368 veniens
1014 324 1189 384 originis
1213 327 1387 384 vitium,
1409 345 1511 374 cum

134 404 223 453 quo
243 390 436 435 nascitur
457 390 590 435 homo
610 407 620 434 ε
640 389 807 436 bonum
822 402 883 436 est
903 409 1013 455 opus
1036 394 1136 450 Dei,
1159 413 1245 441 non
1265 398 1353 443 sine
1374 399 1509 456 malo;

134 463 258 520 cujus
280 460 383 506 mali
404 470 544 506 reatus
561 477 649 505 non
664 460 987 519 innocentibus,
1016 464 1203 522 utdiciS,
1231 468 1303 513 scd
1326 469 1407 514 reis
1424 470 1512 514 irn-

133 543 341 596 putatur3
367 543 416 578 ut
443 533 650 596 quoniam
677 534 893 581 nascendo
914 546 1101 583 tractum
1133 550 1220 596 cst,
1249 543 1513 588 renascendo

133 604 338 651 solvatur.
373 604 446 650 Sic
470 605 584 650 enim
606 604 784 652 fuerunt
803 624 948 653 omnes
964 609 1130 656 ratione
1146 612 1318 657 seminis
1335 613 1378 658 in
1393 613 1513 660 lum-

133 673 201 719 bis
219 674 378 732 Adam,
394 675 572 739 quando
590 675 822 724 damnatus
846 688 922 736 est,
941 689 984 724 et
1005 678 1102 725 ideo
1125 680 1214 725 sine
1232 682 1316 728 illis
1335 682 1515 729 damna-

134 753 203 789 tus
221 761 309 790 non
323 755 412 800 est3
438 746 812 810 quemadmodum
847 749 1027 795 fuerunt
1052 750 1263 796 lsraeliiae
1286 753 1330 798 in
1352 753 1514 800 lumbis

134 815 375 873 Abrahae1,
400 817 577 880 quando
591 817 831 865 decimatus
844 830 922 877 est,
949 832 990 866 et
1009 821 1106 866 ideo
1124 821 1213 867 Sine
1231 822 1315 868 illis
1329 823 1517 870 decima-

134 896 201 932 tus
225 903 313 932 non
330 897 405 934 est.
431 887 584 933 Melius
596 889 713 934 enim
733 906 865 952 quam
890 900 955 946 tu,
980 902 1191 938 noverant
1213 892 1425 939 rationem
1447 911 1516 940 se-

132 956 279 1015 minis,
305 958 383 1020 qui
400 957 481 1004 ista
496 958 714 1016 dixerunt,
732 971 773 1006 et
788 960 942 1007 litteris
956 961 1162 1008 mandare
1173 975 1400 1021 curarunt,
1416 982 1517 1028 quae

130 1027 176 1075 in
192 1028 357 1075 Christi
371 1029 561 1075 Ecclesia
576 1030 835 1091 legerentur,
855 1031 900 1076 in
913 1048 1001 1095 qua
1013 1045 1297 1080 renascuntur
1310 1053 1355 1081 ex
1377 1036 1515 1082 Adam

132 1101 241 1156 nati,
265 1118 320 1147 ne
340 1111 591 1147 remaneant
613 1101 659 1147 in
682 1101 757 1147 illa
774 1101 907 1164 stirpe
931 1101 1139 1150 damnati.

197 1172 324 1218 XIII.
351 1172 449 1218 JUL.
474 1192 494 1213 α
517 1171 680 1217 Libido
703 1171 816 1217 nihil
840 1173 1016 1228 attinet,
1044 1174 1215 1237 inquit,
1240 1175 1296 1221 ad
1319 1177 1481 1223 semina
1499 1215 1510 1234 ,

131 1243 235 1305 quia
256 1242 370 1289 facta
389 1253 450 1288 est
466 1260 488 1287 a
503 1241 681 1288 diabolo
702 1242 836 1288 :huic
852 1253 995 1288 autem
1011 1243 1187 1290 libidini
1207 1247 1403 1293 serviunt
1417 1266 1519 1294 con-

126 1317 276 1374 juges3
299 1314 463 1359 semina
488 1324 629 1359 autem
650 1324 690 1359 et
707 1313 913 1376 parvulos
930 1313 983 1359 de
1004 1315 1242 1361 seminibus
1259 1316 1365 1364 facit
1384 1321 1513 1367 Deus.

133 1383 219 1430 Sed
243 1401 322 1430 nec
345 1384 408 1430 rei
433 1394 536 1430 sunt
554 1421 565 1441 ,
593 1384 755 1448 inquit,
785 1401 865 1430 nec
907 1385 1156 1447 puniuntur
1185 1399 1403 1449 parentes,
1445 1391 1522 1454 qui

128 1465 263 1516 agunt
287 1472 398 1520 opus
424 1454 591 1501 diaboli
617 1472 627 1499 :
659 1454 809 1500 sceleri
831 1465 975 1500 autem
995 1466 1036 1501 et
1053 1456 1279 1520 suppliciis
1299 1458 1524 1507 destinan-

127 1537 198 1573 tur
210 1526 401 1590 parvuli,
433 1542 542 1589 quos
561 1524 763 1571 condidit
780 1526 895 1571 Deus
913 1545 923 1579 ;
949 1526 1306 1591 impunitumque
1320 1540 1382 1576 est
1399 1531 1520 1594 quod

125 1598 229 1644 fecit
254 1597 473 1653 diabolus,
496 1595 542 1642 id
559 1606 620 1641 est
635 1595 776 1641 libido
800 1615 811 1649 3
831 1613 910 1658 per
928 1596 1047 1658 quod
1064 1596 1248 1642 docetur
1261 1599 1395 1657 bona,
1417 1618 1518 1665 quae

125 1685 205 1715 nec
235 1667 506 1731 supplicium
550 1676 740 1712 meretur
767 1682 777 1710 :
827 1665 900 1711 sed
941 1677 1170 1713 accusatur
1196 1667 1518 1735 damnaturque

126 1737 246 1802 quod
259 1737 364 1784 facit
379 1739 495 1783 Deus
510 1757 521 1792 3
547 1754 626 1800 per
647 1735 768 1801 quod
783 1735 968 1782 docetur
983 1753 1068 1783 esse
1082 1737 1326 1796 scelestum,
1350 1742 1517 1806 quippe

124 1809 286 1873 quoda
308 1809 546 1873 supplicio,
574 1825 652 1853 nec
675 1807 863 1853 auctoris
878 1807 942 1853 sui
959 1818 1103 1870 potest
1120 1809 1290 1871 pudore
1314 1810 1511 1872 defendi3

124 1880 412 1944 credaturque
434 1881 522 1926 hoc
544 1878 746 1925 divinitas
767 1877 924 1934 facere,
955 1878 1075 1941 quod
1099 1896 1177 1925 nec
1197 1891 1382 1928 extrema
1402 1901 1512 1946 pos-

124 1953 179 1999 sit
201 1952 407 1999 sustinere
445 1949 689 2012 captivitas.
725 1948 765 1992 H
774 1965 857 1994 unc
880 1948 1047 1993 habent
1071 1949 1256 2007 exitum,
1293 1953 1370 2015 qui
1394 1953 1509 2000 infe-

123 2036 228 2071 runt
251 2023 421 2071 veritati
442 2021 626 2075 bellum,
658 2029 706 2065 ut
731 2018 845 2064 nihil
867 2035 955 2064 non
971 2020 1175 2082 impium,
1202 2023 1505 2071 noninsanum

120 2094 385 2160 loquantum
414 2093 521 2138 dum
539 2100 704 2136 constet
727 2089 825 2152 quia
849 2089 968 2135 nulla
990 2091 1182 2136 oratione
1202 2092 1503 2141 innocentium

122 2177 257 2212 status
282 2166 367 2221 ita,
394 2174 443 2210 ut
467 2171 768 2208 accusatorum
802 2176 978 2206 suorum
1009 2161 1275 2223 profanitate
1292 2199 1304 2220 ,
1348 2163 1501 2211 defen-

122 2236 255 2283 ditur.
285 2257 306 2278 ›·›

189 2310 303 2354 Aue.
327 2302 556 2367 Numquid
581 2301 678 2348 ideo
695 2300 852 2347 falsum
879 2300 986 2346 facis
1009 2317 1095 2345 esse
1112 2300 1233 2364 quod
1252 2300 1369 2358 dico,
1395 2305 1501 2368 quia

120 2379 230 2425 dicis
262 2395 329 2423 me
353 2376 494 2421 dicere
526 2372 647 2437 quod
673 2390 760 2418 non
789 2371 916 2417 dico?
943 2372 1032 2431 Ego
1060 2371 1175 2416 enim
1201 2388 1288 2417 non
1318 2372 1418 2420 dico
1442 2375 1499 2421 ad

121 2451 284 2497 semina
320 2446 432 2493 nihil
474 2445 653 2489 attinere
695 2443 926 2489 libidinem
958 2463 969 2497 ;
1007 2441 1364 2506 quandoquidem
1408 2463 1497 2492 non

121 2529 360 2567 nascuntur
401 2516 490 2562 sine
530 2513 737 2571 libidine,
766 2514 840 2577 qui
881 2515 1033 2577 utiquc
1070 2524 1312 2560 nascuntur
1343 2533 1390 2561 ex
1431 2534 1495 2563 se-

171 2605 181 2627 1
203 2603 304 2636 lit—br.
329 2613 388 2632 vu·

285 2671 424 2704 chiv.
1307 2667 1330 2696 ‘2
1348 2669 1357 2696 Ι
