1863 3262
175 312 332 344 OPERIS
369 311 629 342 IMPE'tFECTI
667 312 843 342 CONTRA
877 314 1122 356 JULIANUM,
1164 318 1249 347 Llss.
1294 319 1352 349 lv.
1406 320 1491 366 271

124 376 377 437 caliginosas
402 376 604 422 anhelare
630 376 824 423 fallacias
845 395 855 422 ε
877 376 1034 425 frustra
1060 381 1185 440 fingis
1203 382 1392 445 impetus
1413 383 1503 429 sul-

124 447 345 504 minanfis,
367 463 467 492 cum
497 447 630 509 spires
655 445 826 492 fumum
852 449 996 510 potius
1023 448 1256 497 fulminati.
1295 454 1376 498 Ista
1403 464 1503 498 sunt

123 528 237 564 certe
255 555 265 574 ‚
293 533 372 580 per
390 532 490 579 quae
507 516 662 562 docere
681 518 852 562 conaris
868 519 1169 576 Ambrosium,
1189 521 1379 585 aliosque
1399 523 1501 569 doc-

123 599 235 634 tores
260 587 397 634 socios
428 591 519 646 eJ'us
540 624 550 643 ,
578 604 667 633 non
691 605 778 633 esse
802 588 1010 648 originale
1033 601 1262 652 peccatum
1287 630 1296 647 ‚
1326 613 1345 633 «
1367 593 1500 649 Quod

123 659 240 705 Deus
261 656 510 703 formaverit
529 674 734 721 corpora,
760 658 1113 722 ordinaveritque
1139 662 1358 721 conjugia,
1378 663 1500 726 quod

121 744 211 774 non
229 738 334 774 esset
351 725 441 773 sine
462 728 768 774 commixtione
791 727 966 774 foetura.
993 749 1013 770 >2
1036 730 1351 776 Conceduntur
1370 733 1466 778 haec
1485 753 1496 786 ;

120 798 425 846 conceduntur
453 799 581 844 etiam
617 798 690 843 illa
708 815 808 862 quae
833 798 1030 859 adJ‘ungis
1049 837 1059 855 ‚
1092 821 1113 841 «
1135 802 1308 847 Foetum
1339 803 1503 848 scilicet

120 879 163 915 et
187 870 540 917 commixtionem
573 869 625 915 ad
650 886 749 914 eum
770 871 986 933 pertinere
1017 882 1235 916 auctorem
1256 909 1266 928 ‚
1298 872 1352 918 ad
1370 891 1501 937 quem

119 941 338 1004 pertinent
355 958 540 1004 corpora
562 959 573 993 ;
601 964 614 981 »
641 941 674 985 si
691 951 834 987 tamen
852 941 1202 988 commixtionem
1229 944 1501 1004 conjugalem

119 1010 294 1057 voluisti
328 1011 531 1071 intelligi,
572 1027 673 1056 cum
699 1011 784 1056 hoc
818 1011 997 1058 diceres.
1038 1012 1249 1068 Quamvis
1274 1014 1319 1059 id
1354 1033 1435 1078 per
1459 1032 1500 1060 se

117 1081 262 1145 ipsum
284 1098 436 1127 verum
471 1098 557 1127 esse
592 1092 826 1135 noscatur,
860 1099 948 1126 non
981 1092 1053 1127 tua
1085 1084 1416 1130 ratiocinatione
1443 1086 1497 1131 sit

118 1167 385 1217 consequens
409 1169 419 1197 ε
451 1151 643 1215 alioquin
663 1162 703 1197 te
724 1152 893 1198 dicente
910 1190 921 1209 ,
948 1174 967 1194 α
992 1153 1037 1198 Si
1058 1170 1146 1199 non
1168 1155 1248 1200 nisi
1267 1173 1345 1219 per
1361 1157 1499 1202 Deum

119 1239 302 1287 corpus,
338 1241 426 1270 non
444 1223 526 1269 nisi
547 1241 625 1287 per
644 1240 806 1287 corpus
829 1224 1080 1270 commixtio
1099 1245 1111 1279 ς
1135 1246 1155 1267 »
1180 1237 1283 1272 etex
1304 1228 1390 1273 hoc
1419 1246 1500 1273 vo—

117 1293 232 1341 lente
258 1295 472 1340 conficere
489 1331 500 1350 ,
538 1314 559 1335 c<
586 1293 655 1338 Ad
678 1310 776 1339 eum
804 1303 1026 1339 auctorem
1046 1296 1263 1358 pertinere
1284 1299 1498 1343 commix-

117 1365 301 1421 tionem,
329 1364 383 1410 ad
407 1377 539 1428 quem
563 1381 753 1427 corpora
783 1364 1028 1427 pertinent3
1054 1386 1074 1406 υ
1109 1376 1253 1428 potest
1287 1367 1395 1413 alius
1427 1369 1500 1414 di·-

117 1451 213 1482 cere
229 1472 240 1492 ‚
272 1435 316 1481 Si
340 1451 429 1481 non
448 1434 531 1480 nisi
553 1451 634 1498 per
656 1436 797 1480 Deum
819 1451 978 1498 corpus
998 1472 1009 1491 ,
1031 1452 1120 1481 non
1138 1436 1219 1482 nisi
1243 1455 1322 1500 per
1339 1455 1500 1502 corpus

118 1505 381 1553 adulterium
399 1542 409 1562 ,
440 1505 495 1551 ad
520 1522 621 1551 eum
650 1516 871 1551 auctorem
910 1506 1099 1569 pertinet
1123 1507 1383 1554 adulterium
1401 1547 1411 1565 ‚
1444 1511 1500 1556 ad

117 1589 249 1640 quem
272 1577 462 1640 pertinet
481 1592 674 1640 corpus:
702 1575 823 1640 quod
850 1575 968 1621 vides
990 1587 1154 1640 quanta
1182 1578 1355 1625 dicatur
1376 1580 1498 1640 inju-

116 1648 182 1693 ria
201 1647 283 1694 Dei
303 1684 316 1705 ‚
341 1658 384 1693 et
416 1657 629 1710 quantum
655 1646 759 1691 mali
789 1645 976 1691 doceant
998 1646 1237 1710 syllogismi
1266 1650 1344 1696 tui.
1376 1650 1501 1696 Sicut

117 1734 218 1779 ergo
247 1732 336 1764 non
362 1718 583 1782 sequitur,
620 1727 668 1763 ut
704 1717 802 1763 ideo
829 1717 1048 1763 tribuatur
1083 1718 1347 1765 adulterium
1374 1721 1466 1766 Deo
1485 1759 1496 1778 ‚

117 1790 218 1853 quia
237 1803 325 1836 non
345 1791 396 1835 fit
412 1790 494 1836 nisi
522 1805 601 1853 per
620 1805 780 1852 corpus
799 1825 809 1842 ‚
839 1791 964 1848 cujus
996 1798 1148 1834 auctor
1174 1799 1236 1834 est
1264 1794 1411 1836 Deus:
1439 1792 1499 1837 ita

116 1877 205 1907 non
225 1861 437 1924 sequitur,
463 1860 626 1906 ntideo
644 1859 894 1905 commixtio
915 1859 1135 1905 tribuatur
1157 1860 1265 1914 Deo,
1283 1862 1389 1924 quia
1408 1879 1498 1907 non

116 1931 168 1976 fit
201 1931 282 1976 nisi
308 1948 389 1993 per
418 1947 579 1993 corpus
597 1966 608 1984 ,
637 1934 762 1989 cujus
786 1939 939 1974 auctor
973 1940 1036 1974 est
1063 1931 1190 1976 Deus.
1236 1931 1320 1976 Sed
1354 1941 1498 1977 tamen

117 1999 398 2046 concedimus
431 1999 783 2046 commixtionem
816 1997 1025 2044 duntaxat
1065 2000 1363 2059 conjugalem,
1397 2019 1496 2065 quae

116 2071 167 2116 fit
184 2087 315 2116 causa
333 2069 596 2134 procreandi
618 2106 629 2123 ‚
659 2071 752 2115 Deo
773 2071 939 2115 auctori
962 2087 1049 2115 esse
1069 2071 1349 2117 tribuendam
1369 2092 1380 2126 3
1409 2090 1496 2118 non

116 2141 220 2205 quia
238 2140 326 2187 hoc
349 2151 424 2186 tua
444 2150 620 2203 sumpta
637 2139 834 2202 sequitur
850 2177 860 2195 ‚
879 2139 952 2185 sed
973 2140 1075 2203 quia
1099 2141 1265 2186 ratione
1285 2141 1365 2187 alia
1387 2160 1497 2188 con-

116 2211 551 2267 sideratum5verum
591 2226 678 2255 esse
716 2210 994 2273 perspicitur.
1038 2211 1171 2267 Quod
1203 2229 1305 2258 vero
1334 2230 1381 2258 ex
1408 2214 1495 2260 hoc

116 2282 276 2346 quaeris
291 2281 457 2327 efficere
479 2318 490 2336 ,
522 2297 602 2326 nec
626 2281 824 2344 sequitur
854 2281 929 2326 illa
956 2282 1177 2344 superiora
1201 2319 1211 2337 ‚
1242 2299 1321 2328 nec
1346 2300 1496 2329 verum

115 2364 192 2400 est.
223 2353 374 2415 Neque
404 2352 518 2398 enim
549 2351 654 2414 quia
689 2354 804 2397 Deus
826 2350 928 2397 fecit
947 2368 1108 2414 corpus
1129 2389 1140 2407 ,
1178 2353 1290 2398 Deus
1310 2354 1497 2400 instituit

116 2422 338 2483 conjugia,
355 2434 543 2484 quorum
564 2421 870 2467 commixtione
892 2421 1024 2467 foetus
1045 2422 1226 2479 oriatur,
1248 2424 1364 2469 Deus
1380 2436 1498 2470 creat

114 2492 233 2556 ipsos
253 2491 388 2538 foetus
406 2491 712 2547 animantium,
739 2491 837 2537 ideo
865 2508 1018 2538 verum
1043 2503 1104 2538 est
1126 2492 1246 2557 quod
1267 2493 1466 2555 ad-J‘ungis
1482 2533 1493 2551 ‚

116 2585 138 2606 a
162 2562 288 2610 Nihil
305 2563 352 2609 in
371 2562 566 2609 sensihus
594 2562 737 2608 carnis
755 2599 767 2619 ,
792 2562 906 2609 nihil
926 2563 970 2609 in
995 2563 1178 2609 foetibus
1203 2579 1379 2610 sexuum
1401 2603 1411 2621 ,
1438 2566 1497 2612 al-

117 2644 260 2681 terum
279 2632 532 2697 quempiam
549 2636 710 2696 praeter
730 2636 871 2679 Deum
896 2649 1046 2680 verum
1066 2634 1257 2681 fecisse.»
1277 2634 1365 2681 Ubi
1379 2637 1493 2682 enim
