1824 3236
344 258 437 306 336
753 268 787 298 s.
831 265 1075 297 Aucusrim
1112 266 1316 296 rriscorr

342 338 458 385 cari?
496 338 584 384 Aut
621 351 708 400 quo
748 350 821 379 ore
858 333 1107 393 subjungis,
1150 332 1359 395 quoniam
1381 352 1400 373 »
1432 349 1536 378 cum
1571 333 1722 380 iisdem

340 408 547 455 membris
576 403 792 452 meretrici
816 404 998 467 quisque
1022 404 1243 460 miscetur,
1271 403 1479 449 naturalis
1508 415 1568 450 est
1591 422 1689 450 usus
1709 442 1719 461 ‚

340 498 421 526 nec
445 490 591 525 tamen
618 474 879 531 laudabilis,
917 474 990 520 sed
1027 473 1292 537 culpabilis?
1321 495 1341 514 α
1366 474 1424 518 Ut
1455 474 1568 520 enim
1595 475 1725 520 etiam

340 552 416 598 hic
439 549 739 604 ostendamus,
755 545 887 610 „quod
907 545 1156 609 frequenter
1181 545 1430 608 aperuimus
1450 582 1459 601 ,
1486 562 1617 591 unam
1641 563 1663 591 a
1686 556 1726 591 te

341 622 491 667 saltem
525 618 779 665 sententiam
814 633 902 663 non
941 615 1158 680 proferri,
1193 632 1293 679 quae
1317 633 1405 662 non
1432 615 1657 662 adversum
1688 626 1726 661 te

341 691 586 756 plurimum
610 688 751 736 valeat
773 705 783 733 :
808 687 842 733 si
866 704 965 732 usus
982 685 1284 732 fornicationis
1303 686 1511 732 naturalis
1528 724 1539 744 ,
1562 705 1644 733 nec
1666 698 1726 732 ta-

340 780 440 808 men
457 759 693 808 laudabilis
709 796 719 815 ,
750 758 824 804 sed
854 756 1091 820 culpabilis
1114 755 1295 812 dicitur,
1323 757 1381 802 ob
1400 757 1486 803 1100
1510 759 1615 821 quia
1633 774 1727 802 me·-

340 832 507 880 retricis
534 847 634 877 usus
654 840 742 884 051,
765 828 853 874 sine
875 827 1014 873 dubio
1038 826 1339 887 conjugalem,
1366 827 1470 891 quia
1494 828 1728 873 honestum

342 914 472 967 atque
493 902 663 948 licitum
680 937 690 955 ‚
719 916 809 945 non
832 897 1099 962 culpabilem
1118 934 1129 954 ‚
1154 897 1228 944 sed
1251 897 1517 945 laudabilem
1543 899 1728 963 profite-

342 974 472 1021 beris.
496 994 516 1015 ›>

406 1046 521 1090 AUG.
567 1043 666 1088 Non
703 1039 807 1103 quia
840 1038 930 1084 sine
954 1038 1066 1084 malo
1099 1049 1189 1095 est,
1218 1039 1291 1085 sed
1316 1039 1418 1102 quia
1450 1039 1562 1084 bene
1588 1038 1727 1084 utitur

340 1115 456 1162 malo
472 1152 483 1171 ‚
507 1111 752 1173 conjugalis
779 1109 1043 1156 concubitus
1065 1110 1218 1155 merito
1242 1110 1524 1173 inculpabilis
1544 1109 1721 1156 dicitur.

342 1187 415 1234 Sic
432 1186 547 1233 enim
572 1186 740 1230 bonum
765 1193 827 1227 est
850 1182 959 1227 bene
981 1181 1046 1227 uti
1070 1181 1183 1227 malo
1198 1218 1209 1238 ‚
1231 1180 1604 1245 quemadmodum
1625 1197 1722 1226 ma-

340 1258 432 1304 lum
461 1267 521 1303 est
544 1255 654 1302 male
685 1253 747 1299 uti
768 1253 900 1299 bone.
938 1253 1011 1298 Sic
1037 1269 1136 1312 ergo
1167 1253 1277 1298 bene
1302 1262 1488 1298 utuntur
1507 1251 1731 1311 conjugati

340 1327 537 1374 libidinis
557 1325 698 1382 malo,
725 1322 947 1387 quomodo
974 1323 1085 1368 male
1110 1333 1296 1368 utuntur
1321 1322 1507 1368 adulteri
1532 1321 1730 1384 corporis

340 1400 475 1445 bono.
501 1398 599 1443 Hoc
612 1400 703 1456 jani
731 1412 820 1440 non
841 1394 969 1439 semel
993 1393 1105 1450 (1111,
1129 1404 1171 1439 01
1204 1393 1362 1456 saepius
1384 1410 1451 1438 1110
1477 1392 1620 1438 dicere
1642 1408 1730 1437 11011

339 1469 535 1535 pigebit,
563 1465 762 1531 quandiu
785 1476 822 1510 te
842 1465 953 1510 veris
977 1463 1274 1509 contradicere
1292 1481 1377 1509 non
1404 1463 1606 1526 pudebit.

407 1541 530 1587 XIX.
559 1539 658 1584 JUL.
683 1558 703 1578 α
724 1538 780 1582 Ε1
805 1536 883 1581 11111
900 1546 962 1581 est
989 1536 1153 1581 crimen
1174 1546 1298 1581 tuum
1319 1534 1591 1580 diabolicum
1609 1532 1730 1596 quod

340 1611 405 1658 illi
429 1619 682 1671 argumento
704 1606 888 1671 pudoris
914 1606 1122 1652 nitebaris
1147 1605 1347 1665 affigere?
1375 1606 1472 1651 Non
1503 1605 1615 1650 enim
1637 1608 1729 1663 jam

341 1682 481 1729 libido
503 1678 861 1744 reprehenditur,
886 1695 987 1741 quae
1011 1677 1115 1723 etin
1141 1677 1374 1740 prohibito
1399 1687 1439 1722 et
1464 1677 1508 1721 in
1527 1692 1729 1720 concesso

342 1770 422 1800 usu
440 1791 450 1809 ‚
472 1763 640 1798 naturae
657 1750 792 1813 ipsius
806 1748 1057 1794 conditione
1073 1749 1272 1801 se1ititur3
1294 1748 1326 1793 si
1347 1746 1600 1810 depravatio
1616 1749 1725 1804 ejus,

343 1824 398 1871 ad
415 1823 461 1870 id
481 1822 602 1887 quod
620 1839 706 1867 non
726 1820 889 1867 licebat
908 1837 1135 1865 excurrens
1153 1857 1163 1875 ‚
1188 1819 1277 1864 sola
1296 1818 1515 1882 culpatur.
1545 1838 1565 1858 n

409 1900 524 1940 Arc.
567 1892 666 1942 Non
696 1891 787 1937 sola
811 1912 831 1932 ι(
858 1890 1079 1953 Culpatur
1099 1889 1356 1952 depravatio
1381 1887 1578 1934 libidinis
1604 1885 1659 1932 ad
1683 1885 1730 1931 id

341 1964 463 2028 quod
489 1981 576 2009 non
603 1963 765 2008 licebat
784 1978 1012 2007 excurrens
1038 1979 1048 2006 ε
1073 1982 1092 2001 >)
1111 1961 1184 2006 sed
1204 1971 1277 2005 tua
1296 1977 1450 2020 magna
1473 1958 1728 2021 depravatio

340 2047 431 2092 est,
450 2053 550 2081 011111
572 2053 593 2080 a
614 2045 654 2080 te
676 2051 762 2079 non
783 2033 992 2097 culpatur
1013 2031 1065 2077 ad
1081 2031 1125 2077 id
1144 2031 1263 2095 quod
1285 2048 1372 2076 non
1391 2030 1552 2075 licebat
1574 2027 1729 2090 impel-

339 2105 445 2153 lens.
486 2104 677 2162 Quando
704 2105 818 2148 0111111
848 2103 902 2148 ad
926 2102 972 2148 id
996 2102 1117 2165 quod
1143 2101 1348 2147 nonlicet
1374 2099 1590 2162 impellit,
1619 2114 1728 2160 pro-

339 2175 454 2222 fecto
486 2175 567 2221 nisi
592 2174 796 2238 pravitati
818 2176 909 2233 ejus
935 2182 1203 2236 repugnetur
1226 2170 1426 2216 excurrit.
1470 2173 1524 2214 Et
1549 2169 1647 2214 heec
1667 2178 1729 2213 est

340 2246 699 2310 concupiscentia
739 2244 903 2300 carnis,
942 2261 1030 2307 qua
1070 2259 1170 2288 earo
1210 2240 1484 2304 concupiscit
1526 2239 1728 2285 adversus

339 2316 542 2380 spiritum
561 2336 571 2370 ;
604 2316 805 2362 adversus
824 2331 957 2378 quam
976 2324 1207 2376 propterea
1229 2310 1504 2374 concupiscit
1528 2320 1569 2354 et
1594 2308 1727 2371 spiri-

342 2398 409 2432 tus
426 2423 436 2442 ,
468 2403 519 2431 110
546 2402 634 2449 quo
655 2384 841 2449 impellit
867 2395 1079 2429 excurrat.
1112 2381 1276 2428 Malum
1298 2391 1359 2426 est
1383 2397 1483 2440 ergo
1501 2418 1511 2437 ‚
1540 2390 1581 2424 01
1604 2377 1727 2442 quod

337 2455 525 2519 impellit
547 2456 592 2501 in
609 2456 774 2502 malum
804 2473 814 2500 ε
842 2454 915 2500 sed
945 2454 979 2500 si
1003 2471 1092 2499 non
1112 2452 1326 2507 excurrit,
1354 2459 1623 2514 repugnante
1643 2446 1727 2493 sibi

337 2525 521 2589 spiritu,
554 2542 642 2570 non
674 2526 867 2573 vincitur
885 2524 1021 2570 homo
1053 2542 1076 2570 a
1110 2522 1238 2569 malo,
1271 2523 1398 2568 Tunc
1424 2530 1568 2566 autem
1605 2519 1725 2565 omni

336 2596 452 2643 malo
476 2595 644 2643 carebit
662 2633 673 2655 ,
705 2595 884 2660 quando
909 2595 983 2642 cui
1007 2604 1219 2658 repugnet
1239 2609 1325 2640 non
1345 2591 1438 2640 erit.
1471 2591 1621 2654 Neque
1638 2588 1724 2637 1100
