1824 3236
314 274 406 330 468
718 287 750 315 s.
798 285 1037 314 Arcus'rmi
1074 283 1273 313 Eriscort

315 356 406 400 sola
423 354 647 401 voluntate
669 369 847 415 peccare
872 369 881 395 :
926 350 1053 396 vtides
1074 366 1251 411 nempe,
1273 364 1404 411 quam
1423 345 1613 405 legi—tima
1637 344 1689 390 sit

316 443 339 471 a
354 443 422 472 me
446 437 519 471 tuo
539 425 710 471 nomine
730 422 900 486 prolata
925 420 1174 467 conclusio?
1202 422 1298 482 lpse
1321 428 1383 463 est
1404 417 1581 462 omnino
1601 416 1688 474 gla-

312 497 427 553 dius‚
452 498 528 560 qui
559 497 603 542 in
641 512 772 541 manu
802 493 1116 540 catholicorum
1146 507 1394 545 coruscans,
1420 488 1688 534 tlaniehaeos

308 569 694 631 Traducianosque
726 566 978 630 populatur.
1012 564 1096 609 Sed
1130 563 1257 608 nimis
1289 571 1469 626 propter
1492 570 1683 606 vestrum

303 657 459 686 nomen
480 638 709 693 admiscui,
738 653 928 701 quorum
943 636 1036 681 vice
1054 634 1446 696 impraesentiarum
1467 632 1686 678 volueram

303 728 559 774 responsum
599 710 751 756 videri.
800 708 1030 754 Concussit
1069 721 1167 762 ergo
1206 705 1504 751 Manichaeum
1550 703 1685 749 solida

299 783 536 847 responsio.
564 783 801 841 Augustam
815 780 1025 825 rationem
1039 777 1181 837 dignis
1198 776 1403 822 laudibus
1415 794 1679 841 prosequor:

300 870 452 899 verum
480 853 573 898 oleo
598 851 861 897 laudationis
882 850 1037 909 liujus,
1065 849 1109 894 in
1147 859 1183 894 tc
1218 848 1316 893 acui
1354 847 1546 907 gladium
1573 866 1682 894 con-

300 935 432 971 tuere.
459 926 624 986 Repete
643 923 792 982 igitur,
822 938 993 984 quach
1028 919 1147 983 quod
1167 919 1346 965 dixeras.
1380 923 1498 965 Deus
1519 924 1678 979 justus,

299 995 460 1058 inquis,
488 995 621 1054 legem
648 1011 734 1038 non
750 1002 932 1055 poneret
949 992 1136 1046 homini,
1161 991 1193 1036 si
1218 1001 1322 1035 esset
1342 989 1479 1036 malus
1499 1001 1651 1036 natura
1670 1028 1680 1048 ,

297 1067 444 1129 posuit
466 1076 607 1110 autem
623 1064 757 1123 legem
774 1063 849 1125 qui
865 1066 1007 1122 justus
1031 1073 1092 1107 est
1116 1080 1125 1106 :
1157 1072 1337 1125 apparet
1352 1061 1471 1106 hunc
1491 1062 1680 1124 potuisse

297 1154 479 1193 servare,
505 1135 623 1200 quod
648 1135 919 1199 &equissimus
943 1135 1200 1198 imperavit:
1225 1134 1431 1198 quoniam
1466 1133 1543 1178 nisi
1569 1132 1678 1176 ohe-

293 1208 441 1254 diendi
480 1210 683 1254 virtutem
722 1206 973 1257 habuisset,
1012 1223 1239 1269 nunquam
1276 1215 1492 1251 constaret
1524 1203 1678 1268 praeci-

286 1280 423 1343 pienti
446 1281 556 1326 ratio
576 1279 791 1339 jussionis.
814 1282 853 1321 O
882 1278 1196 1340 lepidissimum
1219 1277 1460 1340 capitulum
1482 1278 1490 1322 l
1519 1279 1587 1322 Me
1604 1292 1675 1322 co-

288 1370 399 1406 ram,
421 1370 488 1398 me
509 1361 767 1415 spectatore,
802 1349 1044 1394 bonitatem
1066 1360 1251 1404 naturae,
1292 1349 1362 1393 cui
1386 1348 1449 1393 lex
1475 1348 1669 1411 ponitur,

284 1423 515 1483 dejustitia
529 1423 663 1478 legem
679 1419 997 1484 promulgantis
1018 1419 1226 1474 affirmat3
1246 1437 1325 1465 nec
1338 1420 1456 1465 videt
1474 1437 1531 1474 se,
1558 1431 1672 1465 ante-

286 1511 420 1559 quam
448 1492 759 1541 vulnusculum
786 1490 1058 1535 Manicheeus
1097 1491 1277 1547 sentiat,
1304 1492 1350 1536 in
1375 1490 1672 1536 Traducianos

285 1565 459 1612 exitium
477 1564 714 1629 pertulisse.
736 1564 795 1608 [ft
821 1562 935 1607 enim
959 1561 1170 1620 intelligas
1184 1561 1386 1608 semineci
1406 1579 1472 1607 me
1491 1562 1572 1607 tibi
1596 1579 1670 1608 ra-

283 1653 386 1700 pere
397 1653 515 1681 arma
538 1644 733 1689 cruenta,
757 1632 1067 1695 victricemque
1091 1632 1231 1678 ferant
1256 1633 1482 1678 morientia
1503 1632 1669 1679 lumina

284 1707 508 1753 veritatem
528 1705 565 1762 4,
597 1706 640 1750 in
665 1716 739 1750 tua
755 1714 884 1749 temet
910 1703 989 1748 tela
1015 1704 1291 1767 compellam.
1325 1705 1525 1764 Sijustus
1555 1706 1666 1750 Deus

288 1778 396 1824 Adae
419 1777 552 1836 legem
576 1776 677 1821 dare
702 1792 789 1820 non
824 1774 986 1837 potuit,
1014 1775 1096 1819 nisi
1124 1792 1220 1820 eum
1243 1776 1369 1820 sciret
1398 1775 1486 1822 sine
1518 1777 1664 1839 aliquo

283 1849 387 1895 mali
406 1859 560 1894 coactu
579 1848 764 1892 liberum
780 1863 902 1909 posse
919 1846 1147 1891 observare
1160 1846 1454 1908 quodjustum
1467 1858 1527 1893 est
1543 1868 1553 1901 3
1575 1849 1664 1894 sine

287 1920 425 1966 dubio
445 1920 549 1964 etin
572 1918 846 1981 temporibus
885 1918 1040 1962 secutis
1067 1917 1215 1962 eadem
1254 1919 1461 1977 gravitate
1489 1920 1671 1978 justitiae

285 1991 350 2036 lex
371 1991 498 2036 etiam
514 1989 667 2033 litteris
682 1987 855 2041 traditi,
877 1987 1242 2050 multiplicatione
1258 1989 1470 2043 diffusior,
1493 1989 1671 2035 distinc-

290 2062 404 2106 tione
427 2059 651 2119 signatior,
690 2068 731 2102 et
750 2067 877 2102 aucta
910 2057 1074 2102 ultione
1096 2059 1372 2115 reverentior,
1396 2060 1496 2105 data
1520 2060 1670 2106 homi-

290 2132 422 2177 nibus
443 2148 529 2175 non
544 2129 704 2174 fuisset.
727 2131 759 2172 si
785 2139 860 2172 aut
897 2128 1106 2174 imbecilli
1148 2129 1200 2174 ad
1230 2129 1478 2175 iaciendum
1503 2131 1670 2176 bonum

292 2204 380 2248 sine
399 2199 688 2264 possibilitate
718 2198 917 2257 justitife,
960 2210 1033 2243 aut
1056 2199 1190 2255 rei‚id
1230 2210 1307 2255 est,
1348 2201 1448 2246 mali
1474 2201 1530 2246 ab
1551 2212 1670 2247 utero

293 2282 606 2319 nascerentur:
643 2269 850 2332 quoniam
878 2279 925 2314 ut
946 2269 1047 2313 istos
1079 2271 1123 2313 in
1160 2271 1276 2314 omni
1315 2273 1673 2333 praevaricatione

294 2342 554 2389 necessitatis
572 2350 791 2385 excusaret
820 2340 1021 2384 obtentus
1040 2359 1050 2392 3
1068 2339 1127 2384 ita
1144 2340 1448 2387 innnoderatio
1468 2360 1670 2406 praecep-

294 2425 457 2469 torum1⁷
483 2410 742 2474 impotentia
767 2409 1040 2454 sanctionum
1059 2445 1069 2464 ‚
1093 2410 1599 2473 iniqustasjudiciorum,
1625 2415 1671 2459 in

295 2483 511 2531 maculam
527 2481 687 2526 rediret
709 2479 910 2525 auctoris.
935 2479 1072 2539 igitur
1087 2491 1127 2525 et
1148 2480 1246 2526 haec
1268 2499 1369 2544 pars
1391 2484 1582 2529 secunda
1602 2501 1670 2529 eo-

295 2557 393 2602 dem
418 2570 593 2614 genere,
627 2567 715 2613 quo
739 2550 879 2613 prior,
911 2549 1125 2610 cluditur3
1149 2550 1195 2597 id
1224 2562 1301 2609 est,
1334 2563 1382 2598 ut
1400 2554 1666 2611 confitearis,

340 2639 349 2661 ¹
373 2637 491 2679 virgil.
511 2633 633 2666 AEucid.
654 2643 703 2666 10.
721 2643 751 2666 v.
772 2634 836 2671 452
852 2638 881 2664 et
904 2634 981 2670 463.
