1863 3262
325 249 407 298 172
727 251 760 280 S.
805 250 1048 282 AUGUSTINI
1084 250 1289 282 EPISCOPI

319 314 510 361 concede
531 332 541 360 ι
563 312 636 360 sed
655 331 734 362 cur
747 333 839 362 eam
853 328 957 362 tune
974 334 1148 381 quoque
1162 318 1328 363 bonum
1343 332 1428 362 esse
1445 315 1690 373 contendis,

315 395 358 431 et
401 402 497 429 eum
519 386 637 430 bono
674 387 785 432 male
823 388 885 432 uti
910 387 1043 443 dicis,
1082 388 1156 450 qui
1182 404 1429 433 concessum
1467 391 1558 445 ejus
1597 404 1695 431 mo-

317 455 425 500 dum
447 455 643 501 excedit?
667 457 738 502 Sic
754 459 865 502 enim
889 475 975 502 non
990 458 1100 521 ipsa,
1125 458 1198 503 sed
1222 458 1292 503 ille
1313 457 1431 502 cadit
1453 457 1496 501 in
1518 457 1692 513 vitium,

314 525 389 588 qui
412 542 459 569 ea
474 525 583 571 male
608 526 761 573 utitur.
784 527 993 572 Vides-ne
1006 545 1139 591 quam
1163 529 1342 582 nescias,
1363 527 1470 590 quid
1485 526 1692 590 loquaris,

314 595 492 658 quando
518 614 597 642 nce
621 598 664 642 in
697 607 767 642 tua
786 597 1038 643 delinitione
1059 598 1280 643 consistis?

380 667 515 713 XXV.
541 668 638 713 JUL.
663 689 683 708 «
705 667 749 713 Si
772 668 943 725 dixeris,
968 669 1142 714 nomine
1163 668 1547 732 concupiscentiae,
1569 666 1697 712 etiam

315 736 437 781 illum
465 737 608 799 ipsum
637 737 837 793 modum,
862 756 950 802 quo
971 739 1088 784 licita
1107 756 1247 784 rerum
1273 739 1537 784 naturalium
1563 737 1698 782 affici—

319 817 389 851 tur
412 807 653 870 voluptate,
684 821 731 854 ut
753 811 1110 873 concupiscentia
1134 809 1277 855 carnis
1302 810 1346 854 in
1374 811 1621 854 universum
1639 825 1701 853 re-

319 878 507 941 probata
529 879 729 925 videatur
750 899 759 925 :
788 898 887 940 ergo
906 892 944 926 et
961 899 1131 926 sensum
1156 880 1403 935 oculorum,
1430 891 1472 925 et
1487 878 1702 924 mundum

321 950 494 1012 ipsum,
522 960 561 995 et
580 951 799 1014 quidquid
824 952 867 997 in
891 953 1056 998 mundo
1085 964 1172 1008 est,
1202 971 1224 997 a
1261 951 1438 997 diabolo
1475 950 1702 996 conditum

319 1020 550 1082 profitere3
571 1021 675 1083 quia
702 1022 850 1067 omnia
872 1023 1034 1085 pariter
1072 1040 1118 1068 ex
1143 1025 1234 1068 Deo
1253 1040 1342 1067 non
1362 1039 1448 1067 esse
1473 1021 1696 1066 dicuntur.

321 1088 453 1144 Quod
468 1100 583 1134 certe
606 1090 639 1135 si
657 1092 874 1147 annueris,
894 1110 979 1137 non
997 1093 1193 1138 efficieris
1217 1092 1490 1137 Manichaeus
1506 1111 1517 1142 ;
1536 1108 1578 1135 es
1589 1090 1704 1135 enim

320 1159 619 1205 etiamnunc:
665 1161 738 1206 sed
764 1161 849 1207 hoe
879 1173 918 1207 te
943 1180 1046 1218 esse,
1083 1173 1130 1208 ut
1165 1162 1429 1222 argumentis
1470 1162 1555 1206 tuis
1580 1160 1701 1215 olim,

320 1231 376 1275 ita
403 1247 577 1293 quoque
600 1230 863 1294 piofessione
904 1235 1181 1280 monstrabis.
1227 1233 1272 1278 Si
1310 1243 1453 1278 autem
1490 1231 1706 1277 nuditum

322 1318 507 1345 errorem
545 1318 794 1364 pavescens,
835 1304 988 1350 dixeris
1014 1305 1259 1382 apostolum
1278 1303 1454 1349 nomine
1469 1302 1708 1364 eoncupis—

322 1371 477 1416 centiae
518 1390 540 1416 c
546 1373 659 1418 irnis
696 1384 739 1418 et
771 1374 1000 1420 oculorum
1027 1375 1420 1438 concupiscentiae,
1461 1385 1502 1418 et
1533 1389 1710 1418 nomine

324 1441 494 1495 mundi,
525 1459 612 1488 11011
638 1461 701 1489 les
727 1445 859 1508 ipsas,
884 1463 985 1509 quae
1011 1463 1113 1492 cum
1138 1447 1251 1491 intra
1276 1461 1500 1491 concessos
1520 1445 1626 1488 fines
1644 1453 1709 1487 te-

324 1523 497 1566 nentur,
515 1513 676 1559 innocu
681 1532 717 1560 ze
735 1527 862 1570 sunt;
884 1534 984 1561 cum
1011 1527 1155 1561 autem
1180 1517 1224 1561 in
1247 1515 1398 1561 illicita
1415 1524 1706 1578 procurrunt,

325 1584 437 1629 siunt
454 1584 841 1647 reprehensibiles,
867 1587 1120 1633 adnotasse.
1152 1587 1335 1633 clarebit
1354 1585 1508 1650 quod
1499 1603 1543 1630 ln
1568 1584 1711 1648 primo

324 1672 453 1718 opere
477 1656 658 1715 eginum,
698 1659 1070 1722 concupiscentiae
1096 1658 1307 1704 naturalis
1333 1675 1422 1703 non
1444 1673 1604 1717 0·,enus
1623 1671 1715 1700 non

325 1725 540 1787 speeiem,
570 1743 658 1771 non
681 1728 882 1784 modum,
921 1729 994 1774 sed
1023 1745 1237 1774 excessum
1265 1738 1433 1773 tantum
1451 1745 1494 1772 1n
1532 1725 1711 1788 culpam

323 1794 481 1841 venire.
510 1797 652 1859 Atque
666 1797 763 1843 ideo
784 1798 868 1843 hoe
894 1799 1191 1844 testimonium
1206 1797 1404 1861 Apostoli
1419 1798 1464 1842 in
1487 1796 1707 1859 reliquum

327 1865 545 1927 pudenter
561 1878 730 1924 cavete,
752 1886 804 1913 ne
825 1869 937 1914 illud
952 1870 985 1915 si
1006 1869 1072 1915 vel
1087 1869 1170 1914 levi
1190 1867 1602 1914 commemoratione
1616 1866 1713 1929 pol-

328 1935 482 1990 lueris,
527 1936 724 1984 defensus
746 1939 925 2004 quidem
956 1940 1095 1998 nihil,
1124 1939 1353 2004 propalam
1380 1956 1482 1984 vero
1515 1937 1716 2002 proditus

330 2007 602 2069 approberis.
633 2030 653 2050 ))

398 2081 515 2123 Aeo.
551 2078 653 2134 Sed,
682 2079 818 2125 homo
850 2081 1134 2138 contentiose,
1160 2079 1313 2125 modus
1332 2077 1715 2142 concupiscentiae,

329 2163 458 2209 quem
483 2146 592 2193 dicis
611 2166 697 2195 esse
731 2167 1001 2206 concessum,
1048 2162 1155 2196 tunc
1186 2167 1271 2195 non
1303 2161 1515 2206 servatur,
1538 2147 1716 2211 quando

328 2217 391 2262 illi
417 2218 659 2280 impellenti
678 2222 947 2267 consentitur
968 2233 1042 2267 aut
1071 2221 1258 2276 ceditur,
1289 2231 1330 2266 et
1354 2221 1441 2266 itur
1465 2220 1510 2266 in
1536 2222 1627 2279 ejus
1644 2235 1718 2263 ex-

330 2305 495 2333 cessum
525 2306 535 2333 :
562 2306 649 2353 quo
673 2301 720 2336 ut
757 2309 844 2337 non
865 2304 1016 2348 eatur,
1044 2292 1260 2338 resistitur
1295 2291 1425 2338 malo.
1463 2290 1571 2347 Quis
1602 2288 1718 2335 enim

330 2357 503 2403 dubitet
529 2360 691 2405 malum
717 2378 819 2412 esse,
842 2363 914 2408 eui
948 2364 980 2408 si
1001 2361 1195 2417 obedias,
1226 2361 1389 2407 malum
1412 2360 1545 2413 faeis3
1580 2359 1612 2404 si
1647 2375 1718 2404 re-

326 2446 511 2492 pugnes,
536 2431 739 2478 bonum?
767 2434 855 2490 Qui
889 2451 990 2494 ergo
1016 2433 1110 2480 vult
1132 2443 1422 2497 temperanter
1446 2432 1608 2485 vivere,
1630 2447 1718 2475 non

327 2500 570 2546 consentiat
597 2502 711 2549 malo
730 2504 849 2567 quod
868 2504 1021 2550 laudas
1039 2525 1049 2558 ;
1066 2505 1196 2568 etqui
1217 2503 1313 2551 vult
1343 2502 1528 2549 fideliter
1552 2501 1710 2557 vivere,

324 2586 411 2615 non
445 2571 525 2618 tibi
550 2575 792 2621 consentiat
818 2593 920 2623 cum
957 2576 1122 2623 malum
1143 2575 1326 2622 laudas:
1358 2572 1544 2639 proinde
1566 2583 1615 2619 ut
1640 2589 1716 2619 vos
