1863 3262
355 297 446 343 270
776 296 810 325 S.
860 294 1101 325 AUGUSTINI
1136 297 1345 327 EPISCOPI

421 363 534 408 Am.
572 362 663 407 Cur
688 377 787 421 ergo
813 377 961 406 eorum
978 398 990 417 ‚
1017 364 1138 425 'quos
1171 385 1190 404 ιι
1219 362 1462 408 Prudentes
1485 362 1599 409 viros
1625 362 1733 408 dicis

351 441 392 476 et
416 431 657 477 catholicos
682 430 924 477 sacerdotes
946 467 956 485 ‚
981 452 1001 471 »
1022 441 1063 476 te
1093 431 1210 478 dicta
1242 432 1472 478 defendere
1501 442 1630 494 atque
1653 431 1733 476 de-

350 500 466 547 luere
484 502 573 547 sine
603 502 692 547 ullo
717 501 886 563 pudore
923 502 1114 547 mentiris
1134 540 1144 557 ‚
1175 504 1207 548 si
1228 513 1269 548 et
1288 504 1381 566 ipsa
1403 502 1621 549 dissiliunt
1641 501 1731 547 ful-

350 572 546 618 minibus
580 573 691 618 tuis?
720 572 764 617 Si
801 583 941 618 autem
980 572 1278 618 defenduntur
1305 585 1436 636 atque
1463 573 1727 628 deluuntur,

350 653 392 687 et
414 643 472 688 ol)
497 643 584 688 hoc
607 654 784 688 manent
817 643 982 702 integra
1005 679 1015 698 ,
1058 643 1162 705 ipsis
1199 654 1247 688 tu
1282 645 1428 707 potius
1470 643 1723 690 fulminaris.

349 715 461 759 Nam
487 713 607 777 quod
621 714 681 759 ait
703 714 959 759 Ambrosius
978 752 988 769 ‚
1018 731 1070 758 ex
1102 715 1408 760 commixtione
1426 732 1545 760 sexus
1564 716 1729 760 utrius-

348 800 433 846 que
456 794 721 847 conceptum
743 794 958 847 expertem
989 783 1207 828 neminem
1233 801 1318 829 esse
1344 784 1518 840 delicti,
1546 795 1620 829 aut
1642 785 1729 829 fal-

346 871 441 899 sum
461 866 540 904 est„
564 866 637 900 aut
663 872 828 901 verum.
857 855 901 899 Si
921 854 1077 899 falsum
1096 872 1180 900 esse
1208 855 1344 909 dicis3
1378 871 1609 918 oppugnas
1628 872 1729 914 ergo

344 925 630 988 prudentium
648 926 845 971 virorum
870 935 912 970 et
941 925 1263 971 catholicorum
1286 963 1297 982 ‚
1334 926 1445 972 sicut
1478 937 1526 972 tu
1547 925 1692 972 fateris
1713 963 1725 982 ,

345 995 621 1041 sacerdotum
646 996 765 1041 dicta
786 1032 796 1051 ,
821 1013 910 1040 11οη
939 995 1133 1041 defendis
1163 1014 1212 1042 ac
1238 996 1388 1043 deluis.
1433 997 1479 1042 Si
1512 1007 1653 1043 autem
1681 1007 1729 1042 ut

344 1067 500 1112 merito
535 1066 826 1112 defendantur
864 1077 992 1129 atque
1028 1066 1291 1123 deluantur,
1336 1068 1422 1114 hoc
1458 1085 1608 1114 verum
1642 1085 1728 1114 esse

344 1137 570 1192 concedis;
600 1148 646 1182 tu
675 1137 822 1200 potius
851 1137 979 1182 dictis
1015 1138 1335 1184 catholicorum
1375 1139 1608 1185 antistitem
1635 1139 1727 1184 ful-

342 1208 534 1253 minaris.
568 1208 687 1265 Quid
705 1218 768 1254 est
793 1225 894 1267 ergo
921 1208 1041 1271 quod
1069 1220 1109 1254 te
1127 1212 1266 1268 jactas
1290 1221 1331 1255 et
1348 1210 1458 1256 dicis
1484 1210 1582 1255 illos
1617 1210 1726 1255 bea-

342 1279 527 1325 tissimos
561 1289 602 1325 et
642 1279 914 1325 doctissimos
951 1279 1094 1336 viros,
1135 1282 1169 1326 si
1203 1280 1421 1326 audissent
1458 1280 1726 1343 syllogismos

343 1361 439 1396 tuos
462 1388 473 1407 ,
504 1372 524 1392 «
550 1351 919 1396 Pronuntiaturos
942 1350 1071 1396 fuisse
1087 1389 1097 1403 ,
1116 1373 1135 1392 υ
1156 1368 1234 1397 1105
1249 1369 1360 1416 quos
1378 1351 1573 1416 appellas
1590 1373 1610 1392 «
1625 1352 1724 1396 Ma-

343 1421 538 1467 nichaeos
563 1432 605 1466 et
629 1421 931 1467 Traducianos
954 1421 1287 1484 splendentibus
1299 1423 1536 1468 catholicae
1549 1422 1728 1468 rationis

340 1490 574 1536 dissiluisse
608 1490 902 1536 fulminibus?
927 1513 947 1532 ›>
973 1493 1316 1537 Pronuntiarent
1338 1492 1472 1552 igitur
1497 1502 1648 1538 contra
1681 1508 1725 1538 se

336 1560 454 1624 ipsos
469 1598 479 1616 ‚
501 1571 544 1606 et
566 1578 608 1606 se
625 1561 740 1624 ipsos
765 1561 996 1606 nobiscum
1020 1561 1250 1607 dissiluisse
1270 1573 1310 1608 te
1325 1562 1584 1608 fulminante
1606 1579 1726 1607 mon-

338 1641 515 1678 starent.
542 1633 632 1678 Cur
649 1632 811 1677 directe
827 1649 913 1677 non
940 1633 1071 1678 audes
1090 1633 1249 1690 dicere,
1270 1633 1389 1697 quod
1416 1634 1595 1697 oblique
1611 1650 1723 1679 con-

335 1702 522 1748 vinceris
551 1702 725 1748 dicere?
747 1702 969 1762 Originale
992 1714 1225 1765 peccatum
1249 1721 1349 1750 cum
1373 1705 1603 1751 Ambrosio
1617 1721 1722 1749 con-

338 1773 531 1830 fitemur,
547 1784 590 1818 et
608 1785 655 1819 tu
679 1784 793 1818 tanta
813 1774 1004 1836 potentia
1023 1773 1208 1820 fulmina
1225 1775 1451 1834 jacularis.
1474 1786 1521 1820 ut
1541 1784 1721 1838 propter

335 1844 436 1890 haec
460 1844 576 1890 dicta
602 1844 728 1890 nobis
761 1843 910 1907 illique
935 1845 1186 1890 communia
1208 1882 1218 1901 ‚
1246 1862 1324 1890 nos
1347 1846 1405 1891 eis
1424 1845 1686 1891 dissiliamus
1704 1882 1715 1900 ‚

336 1914 408 1960 ille
420 1914 649 1960 deluatur?
675 1915 824 1961 Vanus
847 1933 888 1960 es
914 1933 924 1960 :
953 1933 1041 1960 non
1059 1932 1158 1961 eum
1186 1915 1418 1976 distinguis
1447 1934 1470 1961 a
1495 1915 1651 1969 nobis3
1677 1926 1720 1961 et

333 2003 413 2032 nos
445 2004 622 2050 prorsus
646 2003 821 2032 accusas
843 1997 885 2031 et
907 1986 1051 2049 ipsum
1080 2004 1090 2031 :
1131 2004 1210 2033 nec
1244 1998 1391 2033 tamen
1419 1986 1625 2032 fulminas
1646 1997 1720 2031 aut

333 2074 439 2112 nos,
469 2067 543 2102 aut
576 2057 720 2120 ipsum
739 2093 749 2112 ,
776 2056 810 2101 si
833 2056 994 2102 violare
1024 2075 1112 2102 non
1144 2058 1207 2103 vis
1236 2057 1530 2102 testimonium
1555 2056 1719 2116 Pelagii

332 2128 524 2173 doctoris
548 2127 629 2182 tui,
656 2127 732 2190 qui
762 2126 870 2172 dixit
891 2128 1111 2172 Ambrosii
1137 2127 1268 2172 fidem
1294 2138 1337 2173 et
1368 2128 1651 2191 purissimum
1670 2127 1717 2172 in

331 2198 571 2261 Scripturis
594 2214 761 2242 sensum
790 2214 842 2241 ne
877 2196 1104 2243 inimicum
1123 2197 1301 2260 quidem
1321 2214 1471 2243 ausum
1496 2197 1625 2243 fuisse
1643 2215 1715 2243 re-

330 2266 644 2333 prehendere1.
678 2267 804 2313 Unde
821 2278 862 2313 et
889 2278 937 2312 tu
961 2285 1063 2313 cum
1089 2268 1191 2314 fidei
1224 2273 1314 2329 ejus
1341 2279 1383 2314 et
1406 2268 1640 2332 purissimo
1668 2268 1714 2314 in

330 2340 573 2404 Scripturis
596 2339 736 2385 sensui
764 2339 864 2384 satis
887 2339 1140 2399 intelligaris
1164 2340 1386 2397 inimicus,
1414 2357 1503 2385 non
1526 2357 1626 2385 eum
1644 2349 1713 2385 ta—

327 2428 428 2456 men
452 2410 584 2456 audes
620 2409 964 2473 reprehendere3
1007 2409 1080 2455 sed
1112 2410 1219 2473 quid
1248 2411 1350 2456 mali
1377 2410 1523 2467 dicat,
1553 2428 1624 2456 me
1641 2427 1712 2455 re·-

323 2480 639 2544 prehendendo
659 2517 669 2536 ‚
701 2492 739 2525 te
764 2480 988 2526 arbitraris
1007 2481 1244 2528 ostendere.

389 2552 533 2597 Homo
558 2550 752 2596 confosse
773 2588 784 2607 ,
818 2562 859 2596 et
899 2569 988 2596 non
1021 2550 1240 2609 confesse,
1274 2570 1430 2613 magna
1467 2552 1509 2599 vi
1546 2551 1710 2612 cogeris

373 2636 384 2659 ¹
404 2635 489 2668 vide
504 2634 558 2666 lib.
576 2634 613 2666 de
628 2634 739 2666 Gratia
756 2633 874 2665 Christ.
895 2646 922 2666 c.
939 2637 994 2671 45.
