1863 3262
153 246 310 275 ommis
349 243 608 275 IMPEHFEC'I'I
647 241 819 272 coivrnA
858 242 1103 281 1011111011,
1143 245 1228 274 mn.
1272 246 1328 275 iv.
1382 231 1470 276 255

94 321 172 367 cst,
198 312 299 374 quia
328 310 591 374 opponimus
631 306 905 352 Ambrosium
932 307 1060 352 Julia:
1083 325 1107 352 o
1134 326 1143 352 :
1185 320 1289 355 esset
1326 321 1467 355 autem

93 379 243 435 fanda,
270 381 303 425 si
340 379 562 426 Julianum
587 393 942 440 praeponeremus
967 377 1209 424 Ambrosio.
1252 379 1336 424 Sed
1361 379 1470 443 quid

95 459 158 495 est
177 449 296 513 quod
318 449 446 495 audio
461 446 630 493 tertiam
646 446 999 492 exclamationem
1013 457 1154 492 tuam:
1179 450 1216 494 O
1241 450 1469 495 falsitatem

95 519 462 567 erubescendam!
487 540 507 560 »
535 517 790 565 Falsam-ne
808 517 917 563 dicis
945 534 1031 562 esse
1062 519 1280 565 Ambrosii
1300 531 1475 565 sentcn-

96 589 221 647 tiam,
248 586 294 636 id
313 600 392 646 est,
418 588 539 654 quod
572 587 730 634 falsum
755 588 845 651 ipse
871 587 1076 633 senserit?
1109 607 1162 634 an
1197 606 1385 634 caninos
1409 589 1473 635 1111

96 658 203 705 falso
221 654 429 715 tribuere,
459 676 561 705 cum
586 658 674 704 1106
702 658 794 721 ipse
812 675 899 703 11011
934 657 1126 714 senserit,
1154 675 1292 722 neque
1305 658 1350 704 id
1376 676 1474 704 om-

97 729 201 775 nino
221 729 340 793 quod
359 746 458 775 eum
479 746 557 774 nos
581 728 730 774 dixisse
769 726 954 773 dicimus
987 727 1171 773 dixerit?
1199 746 1251 773 an
1278 745 1372 774 eam
1398 745 1475 773 nos

98 816 186 845 non
222 798 522 860 intelligendo,
562 798 718 845 falsum
759 797 931 862 opinari
968 797 1023 843 de
1044 797 1136 854 illa,
1175 815 1274 844 cum
1311 799 1405 861 ipsa
1423 799 1477 844 sit

98 872 228 916 Vera?
249 870 334 916 Sed
358 881 552 916 nontam
587 869 896 915 contumeliose
933 867 987 913 de
1021 868 1251 914 Ambrosio
1269 868 1475 932 loqueris,

100 950 149 985 ut
170 940 235 986 illi
248 942 343 987 viro
378 939 718 986 erubescendam
746 939 956 985 tribueres
997 937 1243 986 falsitatem.
1269 940 1356 985 Nos
1378 957 1478 985 vero

100 1027 191 1056 eam
219 1011 529 1075 composuisse,
551 1022 594 1056 et
620 1010 738 1074 quod
762 1009 905 1055 abillo
925 1008 1093 1072 prolata
1122 1008 1251 1054 fuerit
1282 1010 1476 1066 finxisse,

99 1096 190 1125 non
213 1097 341 1127 ausus
360 1098 402 1127 es
428 1080 570 1126 dicere
598 1098 609 1125 t
635 1091 721 1126 tam
743 1079 890 1125 multis
910 1078 1023 1130 enim
1041 1078 1232 1124 doctoris
1250 1079 1364 1124 illius
1378 1090 1481 1124 nota

101 1160 201 1196 sunt
220 1151 402 1218 scripta,
425 1152 534 1198 utin
554 1152 642 1198 hoc
662 1151 902 1214 abruptum
920 1160 960 1195 te
975 1149 1252 1213 praecipitare
1268 1150 1473 1196 timueris.

101 1220 211 1266 Tam
225 1238 326 1273 vero
339 1233 486 1286 aperta
508 1232 570 1267 est
585 1222 664 1268 ista
678 1221 903 1276 sententia,
926 1230 974 1265 ut
987 1236 1075 1265 non
1090 1232 1241 1266 acutus
1262 1220 1336 1283 qui
1365 1221 1483 1265 hanc

101 1289 373 1347 intellexerit,
400 1292 474 1338 sed
500 1291 747 1355 superfluus
765 1291 902 1337 videri
920 1289 1057 1353 possit
1073 1289 1150 1353 qui
1180 1290 1481 1352 exponendam

102 1361 337 1424 putaverit.
359 1361 556 1426 Denique
572 1371 620 1407 ut
635 1360 757 1424 quod
768 1360 868 1406 dico
883 1359 1019 1423 possit
1033 1358 1214 1414 attendi,
1234 1359 1365 1405 verba
1389 1359 1484 1422 ipsa

102 1429 338 1476 beatissimi
362 1431 570 1478 catholici
593 1430 794 1476 antistitis
815 1441 856 1476 et
875 1430 950 1476 hie
967 1446 1145 1493 ponam.
1175 1429 1249 1475 Ait
1269 1447 1369 1489 crgo
1392 1429 1481 1487 ille,

103 1497 176 1545 ille
203 1502 327 1560 cujus
349 1500 481 1546 fidem
498 1512 538 1546 et
561 1500 845 1564 purissimum
869 1500 914 1545 in
935 1498 1173 1562 Scripturis
1185 1516 1374 1555 sensum,
1396 1500 1483 1544 Pe—

104 1569 242 1630 lagius
257 1582 396 1617 vester
417 1572 526 1618 dicit
540 1571 578 1629 1,
606 1589 660 1617 ne
677 1572 903 1618 inimicum
923 1569 1102 1634 quidem
1117 1586 1270 1615 ausum
1287 1569 1396 1615 suise
1414 1587 1483 1615 re-

107 1641 406 1705 prehendere3
429 1660 530 1689 611111
552 1643 605 1689 de
623 1643 848 1690 nativitate
884 1641 1062 1688 Domini
1084 1639 1352 1704 loqueretur,
1384 1640 1485 1686 ideo

108 1721 151 1756 et
167 1712 291 1776 quasi
309 1712 444 1759 homo
458 1731 536 1779 per
559 1714 757 1760 universa
772 1723 959 1759 tentatus
974 1722 1052 1768 est,
1072 1721 1114 1756 et
1136 1711 1182 1756 in
1205 1711 1488 1757 similitudine

109 1781 343 1838 hominum
369 1796 529 1831 cuncta
570 1785 804 1832 sustinuit:
832 1783 904 1830 sed
929 1783 1051 1847 quasi
1090 1781 1143 1827 de
1180 1782 1338 1845 spiritu
1362 1793 1488 1828 natus

110 1853 322 1906 abstinuit
340 1872 364 1901 a
383 1866 580 1919 peccato.
615 1855 771 1902 Omnis
791 1854 906 1900 enim
918 1853 1052 1899 homo
1073 1851 1272 1908 mendax,
1298 1864 1339 1898 et
1361 1870 1488 1899 nemo

110 1922 199 1968 sine
217 1934 398 1986 peccato
419 1925 501 1970 nisi
529 1942 640 1971 unus
660 1927 790 1971 Deus,
820 1924 1048 1969 Servatum
1071 1932 1132 1966 est
1154 1921 1305 1980 igitur,
1324 1923 1486 1985 inquit,

112 2003 162 2038 ut
192 2010 240 2038 ex
280 1993 376 2040 viro
401 2005 444 2040 et
464 1995 665 2052 muliere,
683 1994 729 2040 id
754 2005 833 2049 est,
861 2009 940 2056 per
966 1992 1083 2037 illam
1111 2009 1349 2054 corporum
1367 2010 1492 2037 com-

112 2061 362 2109 mixtionem
386 2082 513 2110 nemo
537 2065 737 2111 videatur
759 2080 907 2127 expers
930 2079 1015 2107 esse
1036 2059 1209 2114 delicti3
1246 2059 1319 2125 qui
1348 2072 1492 2107 autem

112 2150 259 2196 expers
277 2132 442 2191 delicti,
465 2152 612 2198 expers
627 2136 755 2180 etiam
772 2131 1029 2193 hujusmodi
1046 2131 1358 2194 conceptionis.
1380 2132 1493 2177 Cum

113 2199 246 2262 igitur
280 2202 369 2249 hoc
403 2213 445 2249 et
471 2204 751 2250 Ambrosium
777 2203 927 2248 dixisse
949 2219 1035 2246 11011
1060 2218 1186 2261 neges
1207 2239 1216 2257 ,
1245 2212 1286 2247 et
1311 2201 1493 2265 planum

115 2283 244 2336 atque
263 2284 463 2337 apertum
477 2291 563 2320 esse
582 2274 833 2338 perspiciam,
850 2271 960 2337 quid
984 2282 1046 2316 est
1064 2271 1184 2335 quod
1206 2272 1379 2319 clamas.
1412 2293 1431 2313 α
1453 2272 1492 2317 Ο

113 2340 345 2389 falsitatem
383 2345 720 2391 erubescendam
738 2345 747 2391 !
772 2366 792 2386 »
833 2343 917 2397 Cui
952 2359 1098 2406 quaeso
1132 2342 1490 2397 erubescendam,

115 2413 252 2461 illi-ne
270 2432 325 2460 an
341 2415 478 2460 mihi?
495 2417 540 2462 Si
553 2415 632 2472 illi,
649 2415 748 2463 vide
762 2415 831 2461 cui
851 2414 906 2460 sis
920 2413 1258 2459 contumeliosus
1276 2432 1287 2459 ε
1313 2413 1347 2459 51
1368 2414 1493 2471 1111111,

116 2479 215 2533 vide
238 2502 370 2553 quam
393 2485 448 2531 sis
480 2485 789 2534 calumniosus,
832 2483 918 2531 Sed
941 2483 1028 2530 hoc
1046 2521 1056 2540 ‚
1090 2484 1233 2549 inquis
1250 2524 1261 2544 ‚
1287 2484 1418 2531 etiam
1446 2495 1493 2531 tu

165 2566 177 2591 ¹
194 2567 299 2611 Pelag.
317 2567 374 2602 lib.
393 2568 425 2603 3,
440 2567 482 2601 de
496 2567 611 2601 Libero
630 2566 777 2604 Arbitrio
791 2593 802 2612 ‚
822 2565 971 2601 Ambros.
988 2566 1023 2600 in
1038 2566 1113 2602 Isa'i.
