1863 3262
313 248 372 303 4⁸2
737 261 772 290 s·
815 261 1062 291 ‘mensi-nvi
1099 261 1302 292 episcopt

302 325 523 386 judicium
535 324 877 388 pertinentibus,
895 326 982 371 sola
1004 326 1114 371 filios
1137 343 1224 371 esse
1244 338 1422 389 pra‘stat
1437 328 1623 373 alienos:
1645 339 1691 375 tu

311 408 455 443 autem
481 397 585 440 dum
612 413 738 455 negas
773 398 1091 456 generationem
1113 399 1360 458 contagium
1400 401 1549 445 mortis
1574 401 1689 445 anti-

311 484 411 530 quae
435 466 489 511 de
507 466 711 528 patribus
731 467 901 512 trahere
922 504 932 521 ‚
975 467 1114 530 ipsam
1152 470 1482 528 regenerationis
1517 487 1690 516 causam

310 536 481 582 conaris
502 536 760 595 extinguere.
788 538 999 593 Quamvis
1023 538 1136 583 enim
1157 538 1379 585 lavacrum
1401 541 1690 601 regeneratio-

310 608 394 663 nis,
417 607 635 671 quidquid
658 619 939 671 peccatorum
964 609 1206 666 invenerit,
1247 610 1411 665 diluat;
1436 623 1581 657 tamen
1609 611 1690 657 alia

309 688 489 741 peccata
524 689 702 742 possent
738 690 781 724 et
807 680 1065 742 poenitendo
1103 681 1270 734 sanari3
1297 682 1409 728 sicut
1440 693 1622 746 possunt
1645 684 1691 728 in

310 750 384 804 eis,
406 766 516 812 quos
540 749 698 794 iterum
721 767 969 810 regenerare
992 750 1054 796 fas
1087 768 1173 796 non
1194 762 1269 797 est.
1300 752 1417 798 Illud
1444 769 1544 800 vero
1570 752 1690 816 quod

310 820 584 879 generatione
613 821 909 878 contrahitur,
934 821 1015 867 nisi
1035 822 1353 882 regeneratione
1373 840 1463 869 non
1487 823 1683 870 solvitur.

308 893 332 935 J
337 900 454 936 ustus
472 907 574 950 ergo
599 908 646 937 ex
668 887 759 937 De'o
774 929 786 948 ‚
807 909 895 937 non
921 910 968 938 ex
990 892 1169 937 homine
1202 893 1455 948 nascitur13
1483 894 1691 957 quoniam

307 961 588 1017 renascendO‚
613 979 701 1007 non
715 963 933 1009 nascendo
955 964 1004 1008 fit
1015 968 1156 1023 Justus
1175 981 1186 1009 c
1211 964 1327 1010 unde
1342 965 1470 1010 etiam
1492 965 1596 1010 tales
1613 964 1692 1010 filii

309 1031 392 1076 Dei
411 1044 637 1080 vocantur.
665 1035 777 1093 Lege
802 1035 1114 1094 Evangelium:
1147 1056 1167 1076 α
1190 1037 1291 1080 Non
1314 1053 1361 1081 ex
1379 1035 1661 1095 sanguinibus
1676 1072 1686 1091 ‚

308 1121 329 1142 n
350 1118 488 1164 neque
506 1119 554 1146 ex
577 1104 803 1148 voluntate
826 1105 984 1159 carnis,
1012 1121 1150 1167 neque
1172 1122 1219 1149 ex
1239 1105 1462 1151 voluntate
1487 1106 1586 1160 viri,
1615 1106 1690 1151 sed

312 1192 331 1212 »
359 1188 405 1216 ex
428 1173 518 1218 Deo
542 1175 637 1219 nati
657 1175 834 1221 sunt2.»
854 1175 971 1231 Quid
988 1177 1147 1239 quaeris
1168 1192 1309 1221 rerum
1332 1193 1484 1236 genera
1502 1177 1689 1221 inultum

310 1241 478 1288 diversa
503 1247 794 1304 conjungere?
820 1245 1028 1290 Homines
1047 1245 1417 1291 hominumcarne
1431 1257 1687 1301 nascuntur,

309 1313 388 1357 Dei
411 1313 580 1375 Spiritu
607 1326 907 1362 renascuntur.
945 1316 1065 1372 Quid
1089 1333 1189 1375 ergo
1217 1317 1376 1362 mirum
1392 1354 1402 1372 ‚
1420 1318 1453 1362 si
1474 1316 1691 1379 quemad-

310 1383 491 1428 modum
517 1384 570 1429 de
588 1385 755 1447 Spiritu
771 1387 952 1444 justitiae
974 1387 1106 1431 sumit
1135 1388 1267 1432 hoino
1286 1388 1499 1446 justitiam
1524 1424 1534 1441 ,
1558 1387 1618 1432 ita
1639 1387 1691 1432 de

307 1470 439 1499 carne
462 1456 635 1516 peccati
671 1457 807 1501 trahit
840 1457 1048 1516 originale
1080 1460 1350 1520 peccatum?
1391 1458 1537 1520 Neque
1575 1458 1690 1502 enim

308 1524 491 1569 venisset
523 1525 659 1571 homo
695 1542 807 1572 unus
837 1527 892 1572 ad
927 1527 1177 1572 liberandos
1213 1543 1291 1572 nos
1332 1528 1377 1572 in
1409 1528 1691 1573 similitudine

309 1594 450 1639 carnis
482 1596 669 1657 peccati,
692 1597 772 1642 nisi
804 1597 1003 1642 onmium
1027 1608 1223 1642 nostrum
1259 1608 1365 1643 esset
1383 1615 1485 1644 caro
1500 1598 1684 1661 peccati.

309 1665 423 1710 Cum
451 1666 583 1725 igitur
610 1668 716 1713 huic
744 1670 894 1728 gratiae
927 1669 1179 1714 christiana}
1205 1669 1259 1714 sit
1302 1669 1478 1714 inimica
1518 1669 1692 1715 haeresis

308 1745 466 1791 vestra,
486 1736 633 1782 adhuc
650 1738 799 1784 mirari
813 1750 854 1784 et
868 1739 1078 1801 conqueri
1094 1738 1277 1795 audeus,
1297 1739 1417 1803 quod
1436 1757 1511 1785 vos
1524 1739 1690 1785 Christi

309 1805 544 1852 detestetur
569 1808 760 1853 Ecclesia
777 1812 795 1854 Ξ)

372 1878 472 1923 Lll.
499 1881 594 1924 Jrn.
630 1899 648 1918 α
674 1879 717 1924 Si
749 1889 1001 1924 autemnon
1033 1880 1247 1925 sustinens
1270 1880 1546 1926 reclamantis
1579 1892 1690 1927 stre-

308 1947 450 2009 pitum
481 1949 692 2005 veritatis,
721 1949 805 1994 alio
833 1950 1009 1994 tentaris
1041 1951 1224 2009 effugere
1242 1987 1251 2005 ‚
1277 1951 1323 1995 in
1341 1949 1491 2013 plagas
1521 1950 1688 1996 incides

305 2016 520 2065 fortiores.
548 2020 658 2065 Nam
688 2020 721 2064 si
746 2020 865 2065 dicas
883 2058 894 2076 ‚
931 2037 1031 2065 vera
1050 2020 1227 2083 quidem
1249 2031 1312 2066 est
1335 2021 1572 2083 Prophetae
1596 2038 1689 2066 sen-

309 2088 460 2143 tentia,
489 2089 629 2134 sedin
659 2091 852 2152 personis
879 2090 1210 2149 grandioribus,
1236 2107 1336 2153 quae
1359 2091 1466 2136 dicit
1501 2093 1688 2137 necessi-

309 2157 480 2209 ‚tudines
501 2159 644 2222 culpis
664 2161 827 2205 mutuis
846 2178 934 2205 non
956 2162 1148 2220 gravari3
1179 2162 1224 2206 iu
1246 2161 1442 2224 parvulis
1466 2173 1607 2208 autem
1633 2164 1688 2209 ab

310 2245 396 2274 una
422 2229 486 2274 sui
510 2240 632 2292 parte
653 2231 894 2287 mentitur,
918 2249 1005 2295 qua
1041 2231 1151 2277 dicit
1183 2249 1252 2278 eos
1284 2249 1375 2278 reos
1409 2250 1497 2278 nou
1518 2251 1604 2279 esse
1628 2235 1688 2280 ob

309 2299 467 2344 scelera
486 2302 782 2359 generantium
801 2322 812 2355 ;
831 2303 875 2347 in
894 2302 973 2348 alia
1002 2314 1144 2348 autem
1169 2306 1257 2348 non
1283 2303 1508 2361 mentitur,
1534 2304 1579 2350 in
1603 2322 1689 2368 qua

308 2371 456 2416 'asserit
487 2388 557 2416 eos
592 2372 723 2418 nullis
752 2384 982 2436 parentum
1018 2374 1254 2419 virtutibus
1288 2374 1542 2431 sublevari,
1582 2386 1687 2421 tunc

304 2440 436 2503 plane
459 2440 747 2489 foedissimam
772 2462 860 2490 non
875 2444 1149 2506 disputandi,
1170 2445 1243 2490 sed
1271 2446 1548 2505 confingendi
1566 2466 1578 2501 ;
1597 2464 1686 2492 non

305 2511 566 2575 eloquendi,
604 2513 677 2560 sed
703 2514 939 2578 loquendi3
972 2533 1061 2561 non
1086 2526 1306 2580 postremo
1337 2515 1430 2562 sani
1455 2516 1647 2564 hominis
1668 2533 1679 2573 ,’

353 2596 363 2618 ¹
383 2592 522 2639 Prosper
541 2603 621 2629 sent.
639 2599 769 2630 3ot.—
789 2597 803 2620 ²
822 2602 917 2631 Joan.
932 2609 956 2646 r,
977 2600 1030 2632 13.
