1824 3236
311 252 401 307 462
742 268 776 298 S.
820 266 1061 297 Aucusrmi
1099 266 1301 297 Emscom

311 333 370 377 tio
384 368 395 388 ‚
418 332 708 378 revocandum
725 349 811 377 esse
830 342 1023 388 testatur,
1045 331 1088 377 id
1107 343 1189 387 est,
1209 331 1410 394 spiritum
1427 342 1469 377 et
1482 349 1654 378 carnem
1672 349 1685 378 ε

305 401 377 447 cui
407 402 638 466 respondet
661 401 914 449 Ambrosius
932 440 942 458 ,
964 402 1042 466 qui
1061 420 1162 449 cum
1191 402 1364 448 dixisset
1384 418 1559 448 carnem
1588 419 1684 448 mo·-

307 472 536 519 deratioris
576 474 731 519 animae
765 472 945 519 arbitrio
984 472 1305 533 conjugandam
1344 489 1354 518 :
1392 472 1532 536 qualis
1571 471 1657 518 suit
1672 509 1684 529 ‚

306 542 473 606 inquit,
493 560 594 590 cum
611 543 901 590 inhabitanda
920 543 1111 608 paradisi
1125 554 1287 590 secreta
1306 542 1542 607 suscepit1,
1563 554 1688 590 ante-

305 630 439 677 quam
460 631 626 661 veneno
647 615 837 679 pestiferi
854 615 1063 678 serpentis
1087 613 1246 661 infecta
1261 614 1508 674 sacrilegam
1528 614 1687 661 famem

306 684 448 731 sciret.
488 685 565 731 His
594 686 709 732 enim
735 687 820 732 suis
840 686 1059 732 sententiis
1082 685 1291 731 catholici
1333 686 1554 732 Antistites
1587 686 1687 732 satis

307 766 542 820 aperteque
572 756 846 813 docuerunt,
874 757 1016 803 carnis
1043 774 1131 802 non
1158 767 1359 802 naturam
1387 756 1543 802 malam
1567 773 1653 802 esse
1670 794 1682 813 ‚

303 826 377 872 sed
398 827 550 872 vitium
570 846 581 880 3
607 844 696 890 quo
720 838 869 872 sanato
895 826 949 873 ad
970 826 1055 872 hoc
1076 826 1213 882 redit,
1244 837 1290 872 ut
1313 825 1685 889 quemadmodum

304 898 507 961 primitus
530 899 724 943 instituta
747 909 831 954 est,
854 899 984 944 nullis
1003 898 1089 944 suis
1104 898 1362 961 corruptelis
1383 898 1686 958 aggravetani-

303 985 417 1013 mam
433 1004 445 1024 ,
464 967 716 1031 nullamque
733 968 893 1014 habeat
915 986 1014 1014 cum
1037 969 1195 1032 spiritu
1219 969 1436 1014 contraria
1456 968 1687 1032 concupis-

302 1037 441 1084 cendo
456 1037 719 1085 discordiam
737 1056 747 1084 t
762 1056 849 1102 qua
864 1038 1081 1085 discordia
1094 1039 1302 1103 deceptus
1316 1050 1377 1084 est
1391 1039 1680 1093 Manichaeu8‚

302 1120 350 1155 ut
371 1109 552 1156 alienam
571 1109 727 1156 malam
745 1111 922 1169 fingeret
942 1111 1218 1156 commixtam
1239 1111 1366 1156 nobis
1385 1127 1471 1156 esse
1485 1110 1685 1155 substan-

301 1179 420 1227 tiam.
448 1180 619 1227 Horum
643 1180 963 1226 catholicorum
985 1181 1238 1227 Antistitum
1257 1180 1386 1226 fidem
1402 1180 1435 1226 si
1455 1180 1682 1227 nobiscum

299 1252 420 1315 sequi
459 1251 615 1306 velles,
644 1252 918 1299 Manichaeos
951 1263 1183 1307 everteres,
1219 1269 1307 1299 non
1329 1255 1503 1312 juvares
1526 1269 1537 1297 z
1565 1268 1683 1299 nunc

297 1338 399 1370 vero
424 1339 512 1368 non
529 1339 600 1368 eos
625 1322 845 1369 destruere
862 1359 872 1378 ‚
900 1322 974 1370 sed
995 1323 1130 1383 magis
1149 1323 1367 1370 aedificare
1385 1324 1582 1369 conaris:
1610 1339 1683 1370 ne-

299 1393 442 1453 gando
468 1394 581 1440 enim
607 1393 720 1440 mala
737 1430 747 1449 ‚
774 1410 876 1457 quae
900 1394 953 1439 de
986 1394 1150 1455 origine
1175 1395 1324 1442 vitiata
1357 1395 1555 1440 homines
1579 1412 1682 1439 nas-

299 1475 441 1510 centes
467 1464 672 1520 trahunt,
696 1481 785 1510 non
797 1464 843 1510 id
870 1464 958 1525 agis
974 1501 985 1521 ‚
1013 1475 1062 1510 ut
1088 1464 1208 1510 nulla
1221 1482 1307 1510 esse
1325 1464 1553 1511 credamus
1569 1463 1682 1512 mala

297 1534 537 1590 naturalia,
564 1534 773 1598 quoniam
807 1535 993 1582 nimium
1018 1534 1243 1581 manifesta
1274 1546 1404 1589 sunt3
1431 1534 1504 1581 sed
1528 1534 1679 1599 potius

297 1606 409 1666 agis,
434 1617 483 1652 ut
515 1605 569 1652 de
593 1605 733 1652 aliena
756 1605 869 1652 mala
893 1617 1049 1651 natura
1069 1616 1282 1669 putentur
1305 1623 1390 1652 esse
1411 1605 1492 1653 ista
1508 1642 1519 1660 ‚
1545 1622 1679 1670 quam

294 1677 421 1724 nohis
443 1694 530 1723 esse
548 1676 825 1724 commixtam
846 1678 1196 1724 Manichaeorum
1227 1678 1396 1723 insania
1422 1676 1676 1731 fabulaturz

295 1764 383 1794 non
405 1746 458 1793 de
475 1758 622 1793 nostra
638 1747 755 1793 bona
772 1748 905 1810 primi
930 1748 1120 1794 hominis
1142 1747 1504 1811 praevaricatione
1530 1747 1678 1793 vitiata

295 1835 468 1865 manare
483 1828 793 1875 monstrentur,
814 1818 935 1882 quod
951 1818 1280 1865 Catholicorum
1294 1818 1452 1866 sanitas
1464 1818 1671 1881 loquitur.

359 1889 446 1936 Sed
476 1889 776 1945 Manichacus,
809 1889 979 1953 inquis,
1004 1889 1136 1935 etiam
1159 1890 1300 1953 ipsam
1321 1889 1455 1952 primi
1480 1888 1675 1936 hominis

292 1978 493 2018 carnem,
520 1959 661 2024 qualis
696 1971 929 2024 antequam
963 1971 1165 2024 peccaret
1197 1959 1306 2014 fuit,
1333 1960 1394 2005 sic
1417 1959 1672 2017 detestatur,

292 2043 340 2078 ut
365 2030 524 2078 malam
552 2031 717 2078 nitatur
748 2031 985 2078 ostendere.
1015 2033 1081 2077 lta
1116 2031 1294 2095 quidem
1326 2048 1349 2075 a
1386 2040 1424 2075 te
1451 2029 1674 2076 inducitur

291 2102 495 2166 loquens,
523 2112 572 2146 ut
594 2101 760 2161 ingerat
786 2102 1412 2165 respondendiqualecumque
1432 2100 1670 2160 negotium,

290 2189 377 2218 non
389 2170 529 2217 solum
549 2170 686 2226 mihi,
714 2188 864 2217 verum
886 2172 1013 2217 etiam
1035 2173 1130 2218 tibi.
1154 2172 1263 2216 Nam
1286 2171 1363 2215 ubi
1383 2170 1492 2215 dicit
1515 2188 1537 2215 a
1560 2169 1673 2216 malo

288 2259 381 2288 eam
408 2240 635 2287 conditore
657 2240 817 2287 factam
843 2259 957 2293 esse3
999 2241 1129 2287 simul
1157 2242 1192 2286 ei
1217 2240 1554 2304 respondemus,
1584 2250 1671 2285 tam

288 2313 450 2359 bonam
475 2321 719 2358 creaturam
740 2348 750 2368 ‚
789 2329 889 2375 quae
918 2322 1062 2375 posset
1094 2329 1180 2356 non
1216 2328 1418 2374 peceare,
1448 2311 1481 2356 si
1509 2310 1668 2368 nollet,

287 2381 486 2446 quamvis
509 2398 596 2428 non
623 2392 823 2445 aequetur
847 2399 924 2427 suo
953 2382 1175 2437 Creatori,
1199 2399 1285 2426 non
1312 2392 1453 2426 tamen
1484 2381 1671 2444 potuisse

286 2454 368 2500 nisi
385 2453 553 2500 bonum
576 2451 740 2499 habere
763 2453 1028 2500 Creatorem.
1060 2453 1145 2498 Ubi
1169 2470 1267 2499 vcro
1292 2452 1345 2498 de
1374 2453 1525 2497 timore
1550 2469 1671 2497 mor-

286 2525 338 2572 tis
354 2561 365 2582 ,
398 2541 557 2589 quam,
573 2525 610 2570 si
637 2535 882 2588 peccasset,
909 2525 947 2571 ei
973 2527 1088 2571 Deus
1117 2535 1178 2570 est
1203 2524 1518 2581 comminatus,
1540 2524 1667 2571 etiam

332 2608 343 2630 ¹
364 2609 464 2651 Cypr.
485 2607 525 2639 de
547 2607 691 2638 oratione
709 2608 890 2642 Dominica.
909 2626 951 2633 -—
968 2606 983 2629 ²
1002 2608 1151 2640 Ambros.
1173 2608 1229 2642 lib.
1248 2619 1306 2640 vn.
1330 2607 1362 2639 in
1376 2609 1440 2639 Luc
1469 2617 1498 2640 c.
1521 2618 1570 2639 12.
