1863 3262
191 257 347 288 ominis
384 257 647 288 nwssnrsscri
684 255 858 286 CONTRA
893 255 1138 297 summum,
1178 258 1265 289 ΠΒ.
1309 258 1379 290 111.
1430 241 1515 290 135

139 340 218 370 nec
241 322 462 370 excederet
494 322 683 367 hominis
711 322 979 368 voluntatem
1001 357 1011 375 ‚
1039 322 1112 367 sed
1136 327 1225 382 ejus
1252 339 1420 387 semper
1447 340 1518 369 se-

139 404 343 457 queretur
363 393 623 447 arbitrium3
652 390 847 454 profecto
867 408 944 436 nce
974 392 1247 438 Manichacus
1272 393 1379 456 quid
1401 393 1447 439 in
1471 410 1519 440 ea

133 468 246 524 juste
260 462 616 527 reprehenderet,
637 461 850 507 inveniret
866 478 970 515 3110ss
987 479 1079 506 eam
1091 462 1309 526 quispiam
1323 474 1519 510 nostrum

137 537 182 581 in
201 534 402 599 paradiso
427 537 681 594 conjugatos
702 533 865 578 habere
891 549 977 578 non
1002 535 1193 596 potuisse
1213 534 1517 589 contenderem

138 622 218 651 nec
253 604 508 650 Ambrosius
544 603 596 649 de
629 603 991 667 praevaricatione
1026 603 1158 666 primi
1191 604 1382 649 hominis
1424 622 1518 651 eam

138 675 309 721 traxisse
342 692 419 720 nos
448 674 635 731 diceret,
663 673 766 738 quia
799 674 1109 736 concupiscere
1131 684 1284 720 contra
1317 673 1520 737 spiritum

137 763 226 792 non
245 745 425 793 videret.
452 746 579 792 Nunc
599 763 698 792 vero
713 744 816 808 quia
835 744 932 791 talis
945 755 1031 801 est,
1053 754 1101 790 ut
1115 744 1399 808 concupiscat
1418 761 1521 791 con-

136 826 203 862 tra
222 816 451 879 spiritum,
474 816 640 862 etiamsi
661 815 818 879 spiritu
835 815 1051 860 resistente
1069 832 1157 860 non
1178 815 1349 869 vincat3
1368 824 1409 860 et
1423 814 1521 860 ideo

137 902 223 931 esse
247 903 334 931 non
362 896 527 949 posset,
556 903 665 949 pace
691 885 764 931 illa
792 902 948 945 magna
980 885 1025 931 in
1050 884 1252 948 paradiso
1284 884 1519 931 fruentium

134 956 389 1009 beatorum3
415 973 495 1002 nec
518 955 582 1001 fas
609 968 670 1002 est
691 956 863 1002 credere
883 956 1188 1002 commixtione
1207 955 1333 1002 malae
1352 966 1521 1002 naturae

135 1027 472 1091 corruptibilem
497 1028 636 1073 Deum
656 1048 667 1082 ς
690 1039 820 1074 restat
838 1038 886 1074 ut
907 1038 950 1073 et
968 1045 1043 1074 vos
1061 1039 1104 1073 et
1122 1027 1394 1073 Manichaeos
1413 1026 1520 1073 fides

134 1097 282 1144 vincat
304 1098 522 1144 Ambrosii
543 1098 743 1162 deprimi
764 1099 1021 1158 contagione
1043 1098 1227 1162 peccati.

199 1169 528 1217 CLXXXVIII.
572 1171 672 1218 JUL.
710 1171 956 1234 «Superest
999 1181 1047 1216 ut
1079 1170 1370 1216 examinemus
1397 1169 1519 1216 illam

135 1240 388 1285 sententiam
411 1251 531 1295 tuam
551 1278 561 1297 ,
592 1258 722 1304 quam
745 1252 794 1287 tu
822 1252 862 1286 te
881 1241 935 1286 ad
960 1257 1096 1286 unum
1116 1256 1357 1286 sermonem
1385 1257 1516 1287 revo-

134 1327 232 1355 care
254 1309 496 1373 pollicitus,
515 1312 720 1367 breviter,
744 1322 794 1357 ut
813 1328 900 1356 non
917 1321 979 1356 est
995 1309 1262 1370 negandum,
1285 1320 1327 1356 et
1344 1309 1517 1356 acutule

133 1380 341 1441 collegisti
370 1399 380 1426 :
409 1403 429 1423 »
449 1381 615 1427 Natura
634 1382 846 1437 humana,
871 1382 904 1427 si
926 1381 1090 1427 malum
1115 1391 1221 1427 esset
1238 1381 1276 1438 1,
1305 1398 1392 1426 non
1410 1391 1516 1426 esset

133 1452 376 1512 generanda
394 1475 403 1506 ;
421 1453 455 1498 si
470 1453 631 1498 malum
650 1470 737 1498 non
754 1453 951 1509 haberet,
967 1468 1054 1498 non
1074 1463 1180 1498 esset
1197 1451 1513 1513 regeneranda:

134 1533 262 1586 atque
284 1534 331 1568 ut
358 1523 412 1569 ad
427 1541 561 1569 unum
584 1525 768 1571 verbum
795 1535 1031 1587 utrumque
1055 1523 1337 1580 concludam‚
1357 1533 1514 1570 natura

132 1593 324 1639 humana
346 1594 379 1639 si
399 1594 562 1640 malum
587 1605 709 1649 esset,
733 1595 941 1641 salvanda
960 1612 1047 1640 non
1070 1605 1200 1648 esset3
1223 1594 1256 1640 si
1280 1594 1319 1640 ei
1334 1594 1437 1639 mali
1452 1594 1516 1640 ni-

132 1664 197 1710 hil
222 1665 400 1721 inesset,
427 1665 635 1711 salvanda
668 1683 755 1711 non
779 1677 897 1712 esset.
939 1687 958 1707 α
982 1668 1035 1711 ln
1055 1665 1142 1711 hoc
1175 1665 1272 1720 loco
1315 1682 1402 1710 non
1425 1682 1468 1711 es
1491 1683 1515 1711 a

132 1735 435 1795 nobisingenii
458 1737 520 1782 tui
540 1736 670 1782 laude
682 1736 952 1783 fraudandus
973 1758 984 1792 ;
1010 1753 1092 1800 pro
1114 1747 1188 1782 tua
1203 1736 1315 1781 enim
1338 1752 1516 1799 prorsus

132 1805 221 1852 dici
237 1805 389 1852 melius
413 1807 577 1853 ratione
599 1825 685 1853 non
716 1809 860 1872 potuit
886 1826 895 1853 ε
924 1807 996 1854 sed
1025 1818 1170 1853 tamen
1190 1823 1334 1853 rerum
1359 1817 1516 1852 natura

129 1893 218 1922 non
241 1877 359 1931 sinit,
386 1887 434 1924 ut
452 1889 707 1940 promoveat
722 1878 966 1942 quidquam
988 1889 1136 1924 exacta
1162 1877 1390 1924 calliditas,
1420 1881 1514 1923 Du-

130 1962 230 1992 rum
253 1947 331 1993 tibi
353 1957 413 1993 est
423 1948 601 1993 omnino
616 1959 769 1993 contra
779 1948 1002 1994 stimulum
1017 1948 1243 1994 calcitrare
1261 1964 1271 1991 :
1296 1945 1516 2009 quidquid

131 2019 244 2063 enim
270 2019 554 2082 compegeris,
579 2036 665 2064 non
689 2020 833 2065 minus
857 2036 990 2083 quam
1017 2018 1172 2079 glacies
1198 2017 1386 2063 admotae
1405 2017 1514 2063 veri-

130 2089 227 2133 tatis
253 2088 349 2148 igne
372 2089 636 2136 dissolvitur.
669 2090 868 2152 Denique
889 2089 998 2152 quid
1019 2107 1041 2134 a
1059 2088 1186 2134 nobis
1211 2104 1330 2133 nunc
1353 2086 1517 2133 refera-

129 2169 202 2204 tur
225 2158 412 2206 attende.
438 2159 802 2205 Conclusistilioc
823 2159 980 2205 modo:
1005 2163 1130 2205 Certe
1145 2168 1300 2203 natura
1322 2157 1518 2204 humana

130 2228 164 2274 si
185 2228 348 2274 malum
366 2240 489 2285 esset,
514 2229 719 2275 salvanda
741 2247 829 2275 non
846 2241 967 2277 esset.
992 2253 1011 2272 «
1033 2229 1320 2284 Assentimur,
1339 2245 1519 2292 prorsus

129 2315 280 2345 verum
296 2298 462 2344 dixisti:
483 2322 502 2341 ›>
519 2301 553 2345 si
565 2299 728 2345 malum
749 2311 871 2349 esset.
892 2300 1097 2346 salvanda
1117 2317 1204 2345 non
1221 2309 1340 2346 esset.
1367 2296 1518 2355 «Quia

129 2387 196 2415 res
221 2369 333 2415 mala
351 2380 394 2415 et
416 2371 672 2416 naturaliter
689 2372 821 2427 mala,
845 2389 924 2418 nec
944 2382 1196 2426 mereretur,
1228 2387 1308 2415 nec
1346 2379 1520 2432 caperet

132 2440 329 2487 salutem.
369 2440 459 2486 Cur
480 2459 566 2487 non
601 2446 805 2505 caperet?
829 2443 942 2499 Quia
975 2442 1092 2488 aliud
1116 2459 1248 2505 quam
1273 2440 1387 2486 facta
1409 2450 1517 2497 erat,

131 2510 224 2556 fieri
246 2528 334 2557 non
356 2522 527 2574 posset:
555 2529 643 2558 non
662 2524 804 2559 autem
819 2524 1028 2566 meretur,
1053 2513 1157 2575 quia
1176 2511 1290 2558 nihil
1307 2511 1352 2557 in
1373 2528 1421 2556 ea
1433 2521 1525 2556 erat

175 2592 186 2615 ¹
216 2593 289 2626 Lib.
309 2604 341 2627 2.
364 2593 403 2625 de
421 2595 520 2638 Nupt.
537 2605 565 2628 c.
585 2606 638 2627 21.
