1824 3236
165 265 320 296 OPERIS
358 267 621 299 IMPERFECTI
655 268 832 300 CONTRA
866 272 1115 317 JULIANUM,
1153 277 1243 307 LlB.
1284 279 1325 310 V.
1395 265 1482 329 371

115 331 232 395 pisti.
258 332 471 397 Proponis
482 334 596 380 enim
614 334 693 380 tihi
711 334 994 398 quaestionem
1004 374 1014 393 ‚
1032 350 1238 405 tanquam
1250 343 1331 390 tibi
1344 344 1490 392 subito

115 404 352 451 venissetin
365 416 568 463 mentem,
593 406 852 469 respondere
862 409 968 471 quid
980 427 1170 472 possem3
1191 430 1291 461 cum
1311 414 1399 462 hoc
1412 433 1490 478 ego

115 473 241 536 longe
260 487 358 522 ante
386 476 430 522 in
462 493 528 533 eo,
551 477 623 522 cui
657 476 910 536 reluctaris,
945 479 1061 526 libro
1101 485 1334 546 posuerim.
1374 487 1494 535 Diels

115 549 230 595 enim
252 567 263 595 ε
283 573 304 594 «
322 548 497 595 Referre
531 564 599 593 me
638 564 776 611 posse,
799 566 887 595 non
907 566 974 595 me
1009 551 1177 609 dixisse,
1201 554 1305 602 Ideo
1327 557 1493 604 malum

116 631 260 666 ortum
284 631 344 665 est
364 620 408 665 in
433 635 564 682 opere
600 619 695 675 Dei,
724 620 932 683 quoniam
967 639 1015 667 ex
1041 623 1180 669 nihilo
1219 624 1384 674 factum
1410 637 1494 687 est3

116 692 206 748 sed,
226 691 329 737 Ideo
350 692 496 755 potuit
517 690 699 746 oboriri,
719 691 820 754 quia
838 708 885 737 ex
907 692 1047 738 nihilo
1065 693 1230 741 factum
1246 707 1320 746 est.
1353 720 1374 741 ι)
1399 700 1494 746 Hoc

115 780 291 827 prorsus
307 762 409 820 dixi,
429 762 528 808 ideo
542 762 685 826 potuit
703 762 868 808 oboriri
883 762 988 820 dixi,
1003 781 1090 809 non
1108 764 1206 812 ideo
1220 767 1310 814 dixi
1326 780 1495 816 ortum:

115 835 444 897 possibilitatem
475 833 579 880 mali
602 833 704 880 dedi
738 834 845 880 huic
873 852 1040 892 causae,
1068 853 1156 883 non
1181 841 1490 890 necessitatem.

115 906 356 951 Rationalis
369 906 535 969 quippe
547 915 742 951 creatura
757 921 856 951 cum
872 906 1064 970 primum
1079 907 1193 954 facta
1214 919 1290 969 est,
1305 910 1365 958 ita
1384 912 1499 958 facta

116 988 195 1033 est,
214 988 261 1022 ut
280 978 313 1022 si
328 994 510 1041 peccare
528 977 679 1032 nollet,
701 977 820 1023 nulla
839 978 1091 1025 necessitate
1110 992 1336 1040 urgeretur
1354 989 1401 1030 ut
1416 983 1501 1031 vel-

115 1046 191 1103 let,
223 1058 296 1093 aut
315 1048 442 1094 etiam
462 1064 552 1094 non
575 1047 739 1104 volens,
766 1048 812 1094 id
833 1059 912 1105 est,
946 1049 1082 1095 invita
1118 1063 1338 1114 peccaret,
1359 1059 1400 1101 et
1416 1071 1503 1102 non

115 1118 235 1181 quod
260 1118 385 1166 vellet
419 1119 581 1165 faceret
604 1119 793 1174 bonum,
821 1119 895 1166 sed
921 1119 1085 1166 malum
1112 1122 1231 1185 quod
1260 1124 1396 1171 nollet
1415 1126 1502 1172 hoc

118 1200 262 1249 ageret
291 1207 302 1235 ε
345 1190 424 1236 ubi
461 1194 552 1251 jam
579 1207 668 1235 non
692 1200 925 1254 peccatum
966 1191 1076 1238 illud
1098 1193 1217 1256 quod
1251 1194 1509 1260 simpliciter

115 1271 348 1324 peccatum
374 1261 554 1317 dicitur,
595 1260 668 1307 sed
689 1261 818 1307 etiam
844 1279 978 1325 poena
1012 1263 1184 1326 peccati
1220 1272 1294 1312 est.
1320 1266 1508 1314 Verum-

117 1342 260 1377 tamen
278 1332 388 1377 male
405 1331 572 1395 aliquid
596 1331 723 1387 velle,
741 1332 811 1378 vel
825 1332 924 1378 mali
949 1332 1116 1397 aliquid
1131 1334 1260 1381 etiam
1281 1336 1431 1384 nolens
1446 1337 1508 1384 fa-

117 1419 228 1458 cere,
254 1402 432 1448 omnino
456 1418 544 1448 non
568 1413 731 1465 posset,
749 1403 829 1448 nisi
847 1403 901 1449 de
923 1403 1064 1449 nihilo
1081 1403 1196 1451 facta
1216 1416 1339 1461 esset,
1361 1406 1406 1454 id
1424 1415 1502 1460 est,

120 1473 155 1519 si
181 1473 260 1519 Dei
279 1484 435 1519 natura
456 1484 575 1520 esset.
609 1473 712 1519 Sola
730 1473 847 1519 enim
869 1473 948 1519 Dei
979 1484 1135 1521 natura
1159 1475 1214 1521 de
1231 1477 1373 1525 nihilo
1389 1478 1505 1526 facta

116 1561 206 1589 non
230 1555 291 1590 est
305 1581 316 1601 ,
338 1545 441 1607 quia
462 1561 541 1590 nec
580 1543 697 1590 facta
716 1554 804 1597 est3
848 1555 889 1589 et
909 1544 1005 1590 ideo
1033 1545 1155 1591 nullo
1176 1563 1355 1610 prorsus
1375 1546 1506 1596 modo

117 1616 277 1661 mutari
300 1625 455 1678 potest.
493 1613 627 1671 Quod
658 1631 759 1660 cum
783 1614 987 1668 dicimus,
1014 1632 1104 1660 non
1128 1616 1237 1662 vires
1257 1617 1397 1665 nihilo
1421 1619 1507 1666 da-

117 1703 230 1737 mus.
251 1688 372 1750 quasi
386 1686 579 1750 potuerit
593 1685 734 1731 facere
748 1685 934 1749 aliquid,
951 1685 1020 1733 vel
1031 1685 1180 1732 fecerit
1198 1688 1384 1753 aliquid,
1401 1708 1502 1738 cum

117 1758 170 1803 sit
189 1758 301 1804 nihil
322 1776 333 1804 ι
355 1759 429 1805 sed
453 1769 653 1804 naturam
677 1757 756 1803 Dei
771 1775 857 1803 non
876 1775 962 1804 esse
977 1758 1182 1814 dicimus,
1203 1777 1305 1823 quae
1321 1779 1502 1825 peccare

117 1829 276 1892 potuit.
307 1829 516 1894 Sequitur
549 1839 692 1875 autem
712 1865 723 1884 ,
752 1838 801 1873 ut
822 1839 977 1874 natura
1001 1845 1102 1892 quae
1128 1829 1209 1875 Dei
1234 1842 1389 1878 natura
1416 1849 1502 1880 non

118 1909 196 1955 est,
224 1900 338 1946 facia
358 1903 435 1956 sit3
468 1916 608 1963 neque
638 1899 754 1944 enim
784 1899 874 1944 Deo
895 1909 1111 1945 coaeterna
1137 1911 1223 1946 est:
1256 1903 1350 1948 etsi
1384 1901 1500 1950 facta

119 1981 203 2026 est,
239 1971 292 2016 de
319 1971 458 2016 nihilo
483 1970 597 2016 facta
623 1969 695 2025 sit,
721 1969 823 2032 quia
847 1979 889 2014 et
915 1969 1002 2015 illae
1021 1987 1123 2034 quae
1145 1970 1199 2016 de
1229 1972 1319 2018 aliis
1335 1975 1503 2021 naturis

118 2043 246 2088 factae
271 2053 388 2097 sunt,
413 2042 590 2104 stirpem
632 2039 686 2085 de
712 2039 849 2085 nihilo
872 2039 1065 2094 ducunt3
1099 2042 1306 2105 quoniam
1331 2052 1503 2092 naturae

119 2112 173 2159 de
204 2113 366 2176 quibus
384 2112 512 2158 factae
536 2121 653 2163 sunt,
686 2121 918 2174 antequam
959 2112 1126 2167 fierent,
1153 2113 1266 2159 nihil
1300 2113 1496 2174 fuerunt,

118 2183 207 2229 hoc
227 2194 305 2240 est,
333 2182 510 2229 omnino
537 2199 625 2227 non
640 2181 831 2227 fuerunt.

184 2253 286 2310 Sed,
312 2254 475 2318 inquis,
502 2274 523 2295 «
542 2252 647 2298 Ideo
669 2251 816 2315 potuit
833 2252 937 2297 oriri
956 2252 1157 2298 voluntas
1179 2255 1308 2311 mala,
1328 2267 1374 2303 ut
1392 2257 1498 2304 oriri

119 2335 263 2390 posset
280 2335 321 2371 et
338 2325 469 2372 bona,
493 2345 514 2366 ›>
531 2323 668 2380 Quasi
690 2340 777 2368 non
802 2339 902 2369 cum
915 2323 1030 2368 bona
1047 2323 1268 2371 voluntate
1284 2325 1424 2375 factus
1442 2331 1496 2376 sit

119 2396 188 2443 vel
209 2395 383 2456 angelus
398 2394 466 2441 vel
480 2394 632 2440 hom0.
659 2394 814 2439 Factus
830 2404 892 2439 est
911 2404 1070 2450 rectus,
1092 2395 1204 2440 sicut
1222 2394 1326 2442 dixit
1344 2396 1498 2464 Scrip-

120 2477 219 2515 tura
238 2485 250 2513 ε
275 2485 362 2514 non
381 2483 482 2527 ergo
501 2465 732 2529 quaeritur,
757 2464 872 2510 unde
895 2465 940 2510 in
962 2465 1039 2510 illo
1059 2467 1248 2528 potuerit
1265 2468 1368 2515 oriri
1381 2469 1499 2518 bona

120 2537 372 2595 voluntas1‚
399 2554 503 2585 cum
518 2553 606 2602 qua
636 2533 778 2582 factus
799 2545 887 2590 θεῖς
913 2535 987 2582 sed
1008 2535 1125 2582 unde
1142 2536 1255 2584 mala
1286 2552 1388 2586 cum
1412 2557 1499 2606 qua

171 2622 184 2646 ¹
198 2621 298 2657 Eceli.
314 2633 377 2666 vn,
398 2622 452 2655 30.

1296 2677 1369 2733 24.
