1824 3236
327 258 416 314 54⁸),
737 273 770 304 s.
817 274 1058 306 auersum
1095 275 1298 307 firiscorr

326 338 557 384 licitationi
575 349 660 385 tam
686 339 936 387 indecenter
959 342 1202 389 contrarius
1218 342 1426 400 legereris.
1457 342 1540 390 Sed
1560 360 1703 407 perge,

323 409 471 473 profer
499 410 546 455 in
573 410 761 457 medium
781 449 792 469 ,
817 424 970 460 contra
995 432 1127 477 quam
1152 413 1419 478 promisisti,
1441 431 1541 478 quae
1556 424 1704 478 postea

326 480 535 540 cogitasti.
557 481 639 528 Dic
654 482 997 545 parturitionum
1012 484 1205 530 laborem
1227 502 1308 549 pro
1330 484 1594 548 parientium
1610 502 1703 531 cor-

326 551 509 614 poribus
532 552 785 616 viribusque
804 554 990 609 variari3
1026 565 1155 618 atque
1179 555 1239 601 ita
1265 554 1462 601 describe
1491 555 1702 602 barbaras

324 621 593 685 rusticasque
614 622 811 670 foeminas
829 624 875 670 in
894 625 1102 671 facilitate
1125 625 1325 690 pariendi
1344 663 1354 682 ‚
1382 637 1430 672 ut
1447 644 1524 673 nec
1542 636 1702 689 partu-

323 691 407 738 rire
426 692 685 749 videantur3
711 712 760 741 ac
788 713 866 759 per
887 696 973 742 hoc
994 714 1083 742 non
1118 713 1305 760 parvum
1334 696 1531 743 dolorem
1554 697 1599 743 in
1620 715 1702 761 pa-

323 762 474 809 riendo
493 765 662 824 sentire,
691 765 763 812 sed
788 766 974 814 nullum.
1006 766 1140 824 Quod
1169 767 1202 812 si
1224 767 1283 813 ita
1306 776 1366 813 est
1387 804 1399 823 ,
1428 767 1536 831 quid
1555 778 1596 814 te
1623 767 1705 814 ad·-

316 837 479 894 J‘uvat?
507 852 650 882 nonne
665 847 815 883 contra
841 848 880 883 te
903 837 1046 901 ipsum
1074 837 1265 902 loqueris
1281 875 1290 891 ,
1318 837 1396 901 qui
1412 836 1584 884 dolores
1603 837 1706 885 istos

321 905 381 951 ita
416 905 632 952 naturales
664 924 751 954 esse
788 907 962 965 dixisti,
991 920 1038 954 ut
1079 908 1169 954 sine
1202 908 1285 954 illis
1322 909 1413 955 Eva
1437 925 1588 972 parere
1616 925 1706 955 non

321 987 488 1040 posset,
527 977 693 1023 etiamsi
723 978 768 1024 in
794 979 997 1043 paradiso
1032 979 1153 1026 nulla
1187 979 1417 1044 iniquitate
1454 990 1707 1044 perpetrata

320 1047 577 1111 persisteret.
599 1049 827 1113 Numquid
851 1051 1062 1097 barbaras
1086 1068 1136 1097 ac
1154 1049 1336 1097 rusticas
1358 1061 1452 1097 tuas
1472 1049 1545 1096 illa
1562 1050 1706 1114 prima

322 1119 499 1165 muliere
533 1120 577 1165 iu
614 1120 700 1167 hac
726 1139 772 1167 re
799 1122 1008 1169 feliciores
1039 1140 1125 1169 esse
1157 1122 1354 1169 dicturus
1379 1139 1421 1168 es
1439 1159 1451 1179 ,
1481 1132 1529 1167 ut
1553 1122 1599 1168 in
1636 1122 1705 1168 his

319 1190 575 1237 aerutnnosis
606 1193 728 1238 terris
748 1193 837 1239 sine
861 1193 1010 1241 dolore
1033 1194 1238 1258 pariant,
1264 1193 1383 1258 quod
1408 1193 1453 1239 in
1478 1192 1703 1257 paradiso,

321 1261 355 1307 si
379 1271 551 1325 pareret
580 1261 654 1308 illa
672 1300 683 1319 ‚
720 1281 808 1310 non
843 1268 1022 1330 posset?
1046 1277 1254 1329 tanquam
1287 1266 1332 1311 in
1354 1265 1443 1310 istis
1467 1274 1624 1326 natura
1651 1264 1705 1310 sit

319 1342 484 1378 mutata
507 1331 713 1380 foeminea
746 1335 791 1381 in
817 1336 969 1382 melius
999 1353 1130 1399 quam
1158 1336 1298 1382 fuerat
1325 1335 1522 1381 instituta
1541 1373 1551 1391 ,
1574 1334 1703 1399 plus-

320 1418 404 1466 que
428 1402 611 1450 valuerit
630 1404 735 1451 inea
759 1407 973 1453 mutanda
1000 1407 1194 1453 humana
1212 1407 1475 1463 exercitatio,
1504 1423 1636 1470 quam
1661 1405 1706 1451 in

318 1473 503 1520 creanda
527 1474 673 1521 divina
703 1479 913 1540 operatio.
957 1478 1002 1524 Si
1026 1496 1127 1526 vero
1160 1479 1205 1525 in
1238 1479 1323 1525 tuis
1358 1477 1502 1526 verbis
1528 1495 1614 1524 non
1637 1476 1704 1525 vis

315 1545 498 1607 intelligi
519 1545 609 1592 sine
631 1545 858 1595 doloribus
882 1567 1034 1614 parere
1063 1550 1224 1597 feroces
1248 1560 1517 1614 agrestesque
1543 1549 1702 1595 mulie-

318 1634 399 1674 res,
423 1628 551 1681 atque
574 1617 632 1663 eis
655 1618 714 1664 ita
743 1632 918 1683 partum
952 1622 1221 1668 tolerabilem
1247 1621 1506 1684 facilemque
1541 1637 1702 1666 conce-

316 1687 408 1746 dis,
434 1699 483 1733 ut
505 1699 648 1734 tamen
672 1707 740 1735 eas
761 1708 859 1736 cum
885 1694 1083 1755 pariunt,
1105 1691 1249 1738 dolere
1262 1690 1459 1748 fatearis;
1485 1689 1702 1754 numquid

314 1758 413 1804 ideo
436 1769 496 1805 est
518 1758 637 1804 nulla
667 1777 802 1824 poena
820 1799 830 1818 ‚
863 1763 967 1827 quia
1001 1764 1143 1808 minor
1166 1765 1261 1809 est?
1288 1762 1387 1808 Sive
1425 1778 1524 1822 ergo
1555 1761 1700 1807 minus

316 1830 522 1888 doleant,
559 1848 659 1877 cum
684 1833 863 1896 pariunt
894 1835 986 1881 istae
1011 1834 1209 1881 fi‘ieminae
1231 1871 1241 1891 ‚
1279 1834 1365 1880 sive
1391 1833 1484 1879 aliis
1508 1832 1701 1879 foeminis

314 1902 503 1966 aequales
519 1939 531 1960 ,
560 1902 626 1950 vel
661 1921 808 1950 earum
835 1905 964 1951 etiam
997 1904 1265 1970 quibusdam
1292 1907 1476 1965 majores
1502 1903 1696 1960 dolores,

316 1985 576 2038 comparata
614 1992 692 2039 per
727 1977 1077 2024 exercitationem
1113 1975 1399 2032 fortitudine,
1440 1974 1701 2021 mirabiliter

314 2045 456 2092 ferant
476 2083 487 2103 ,
527 2064 605 2092 nec
641 2046 716 2093 illo
742 2048 943 2096 cruciatu
967 2049 1203 2110 fatigentur
1227 2059 1356 2112 atque
1379 2046 1661 2108 languescant
1684 2067 1696 2101 ;

317 2117 467 2164 dolent
490 2129 633 2164 tamen
657 2156 668 2176 ‚
697 2130 737 2165 et
759 2121 910 2184 utique
942 2139 1090 2167 omnes
1115 2120 1306 2167 dolentes
1324 2158 1334 2177 ‚
1376 2136 1448 2166 seu
1471 2119 1606 2179 magis
1626 2135 1700 2165 seu

312 2189 454 2235 minus
466 2188 658 2247 doleant,
684 2195 864 2251 majores
888 2193 1127 2240 minoresve
1141 2208 1315 2257 poenae,
1342 2190 1415 2236 scd
1433 2201 1576 2237 tamen
1593 2207 1699 2254 poe-

317 2278 411 2318 naS‚
438 2260 528 2306 sine
547 2260 636 2306 ulla
661 2261 937 2309 dubitatione
966 2264 1210 2328 patiuntur.
1243 2263 1311 2308 Tu
1333 2272 1476 2307 autem
1503 2261 1537 2307 si
1567 2272 1607 2306 te
1628 2278 1699 2307 co-

315 2332 493 2392 gitares,
524 2349 611 2378 non
631 2331 750 2386 dico,
776 2333 1095 2390 Christianum,
1126 2333 1198 2380 sed
1223 2332 1589 2397 qualemcumque
1613 2330 1699 2376 ho-

315 2404 500 2462 minem;
527 2403 695 2451 facilius
718 2404 886 2452 nullum
913 2424 998 2452 esse
1021 2405 1302 2452 contenderes
1319 2403 1573 2468 paradisum
1594 2401 1693 2458 Dei,

314 2491 446 2538 quam
467 2492 564 2521 eum
589 2475 749 2522 iaceres
775 2487 849 2523 tua
876 2476 1080 2538 sacrilega
1105 2475 1399 2540 disputatione
1422 2473 1657 2539 poenalem.

380 2547 608 2607 Eleganter
634 2565 732 2593 sane
755 2547 909 2595 divites
930 2548 1044 2595 viros
1073 2549 1129 2596 ab
1148 2546 1426 2594 haereditario
1456 2545 1586 2609 primi
1608 2544 1696 2591 ho-

314 2619 440 2666 minis
458 2619 606 2666 labore
626 2619 846 2678 delendis,
868 2620 1069 2681 ignorans
1087 2658 1097 2679 ,
1124 2630 1196 2667 aut
1217 2630 1254 2666 te
1271 2618 1379 2666 scire
1397 2616 1689 2672 dissimulans,
