1863 3262
178 266 334 299 OPERIS
370 266 630 299 IMPERFECTI
665 267 840 298 CONTRA
876 267 1123 309 JULlANUM,
1163 271 1251 304 LIB.
1294 273 1355 305 lv.
1406 275 1495 323 2ῠ7

127 349 212 379 esse
234 335 317 381 sub
349 335 555 391 diabolo,
592 334 694 398 quia
725 333 779 380 de
813 334 887 381 illa
920 337 1225 385 commixtione
1261 351 1361 387 sunt
1388 343 1493 391 nati.

128 424 148 444 «
172 404 303 460 Quod
322 405 543 452 sententiae
557 403 724 450 facinus
747 422 847 450 cum
873 406 1084 452 nudatum
1107 409 1296 466 videret,
1322 424 1502 460 conatus

126 473 237 520 illud
262 476 405 540 aliqua
429 474 684 521 auctoritate
705 475 932 522 defendere
947 514 958 533 ‚
983 494 1113 540 quam
1132 479 1371 544 Scripturis
1394 503 1502 548 pro-

126 545 236 595 ferre
259 567 346 596 non
358 560 551 613 poterat,
579 549 778 595 subdidit
797 554 922 595 etiam
947 552 1203 615 episcopum
1226 557 1504 605 Ambrosium

127 620 299 666 sensisse
312 620 519 667 similiter.
541 621 637 666 Non
652 619 830 684 quidem
850 621 1009 668 mirum
1031 634 1093 668 est
1111 625 1231 687 quod
1248 627 1506 676 criminatur

126 699 168 735 et
190 701 385 737 mortuos
402 728 412 747 ‚
445 708 546 737 cum
566 702 823 737 crmunatur
842 709 1068 740 innocuos
1095 714 1115 736 »

192 762 305 808 Aue.
338 761 547 826 Quisquis
562 761 661 807 haee
685 762 833 820 audit,
861 763 969 827 quid
1006 775 1046 809 te
1073 775 1202 828 putat
1226 767 1415 828 objicere
1431 788 1508 817 no-

127 830 221 888 bis,
252 832 335 878 nisi
367 833 487 897 quod
517 833 616 880 haec
635 834 845 880 sententia
874 835 1109 881 beatissimi
1131 836 1349 885 Ambrosii
1375 859 1508 905 quam

126 903 355 966 posuimus
372 940 384 960 ,
405 921 494 949 non
513 903 568 949 sit
584 904 720 968 ipsius
734 942 746 962 ,
768 904 841 952 sed
856 922 949 951 eam
975 923 1052 951 nos
1077 917 1281 971 tanquam
1303 911 1357 956 sit
1373 912 1509 975 ipsius

127 973 403 1021 finxerimus?
422 976 536 1022 Nam
549 985 591 1021 et
608 993 686 1036 ego
700 1013 710 1031 ‚
735 993 834 1022 cum
855 976 954 1023 haec
967 976 1148 1037 legerem
1162 1015 1174 1035 ‚
1197 979 1310 1026 nihil
1331 992 1368 1027 te
1387 1000 1509 1043 agere

127 1044 390 1101 existimavi3
413 1046 485 1093 sed
502 1058 787 1111 posteaquam
811 1047 909 1094 veni
931 1048 984 1094 ad
1011 1048 1084 1094 illa
1099 1066 1198 1112 quae
1222 1050 1421 1113 adJungis
1436 1091 1447 1110 ,
1468 1065 1512 1100 et

126 1114 215 1162 hoc
228 1117 508 1164 Ambrosium
525 1117 674 1164 dixisse
695 1135 783 1164 non
807 1118 963 1164 abnuis
981 1156 991 1176 ‚
1015 1130 1056 1165 te
1074 1121 1220 1183 potius
1237 1121 1511 1171 horrendum

127 1187 449 1235 criminatorem
471 1189 578 1234 tanti
610 1189 725 1235 illius
749 1189 938 1235 doctoris
964 1190 1122 1238 inveni.
1156 1192 1267 1238 Nam
1291 1194 1512 1259 quidquid

127 1256 235 1304 dicis
258 1259 303 1305 in
328 1277 396 1306 me
412 1299 421 1317 ‚
444 1260 651 1324 quoniam
678 1278 756 1323 per
787 1261 1139 1306 commixtionem
1165 1263 1331 1309 virilem
1359 1266 1511 1312 mulie-

127 1328 270 1392 risque
298 1347 561 1394 conceptum
595 1329 695 1375 dieo
726 1330 941 1376 neminem
977 1342 1193 1394 expertem
1218 1349 1303 1379 esse
1333 1334 1508 1393 delicti,

126 1399 326 1464 profecto
362 1402 488 1449 etiam
516 1403 561 1448 in
600 1401 722 1447 illum
751 1401 860 1446 dicis
878 1438 888 1455 ‚
925 1402 1001 1465 qui
1022 1402 1108 1448 hoc
1127 1414 1227 1449 ante
1263 1422 1329 1451 me
1347 1405 1453 1454 dixit
1471 1419 1514 1454 et

128 1472 312 1537 scripsit.
347 1473 436 1533 Ego
462 1483 603 1518 autem
629 1489 730 1518 cum
751 1482 791 1516 te
817 1470 1010 1518 refellens
1033 1483 1075 1518 et
1101 1473 1183 1519 tibi
1203 1475 1421 1534 resistens,
1450 1497 1514 1525 as-

128 1559 220 1589 sero
242 1544 448 1607 parvulos
466 1554 647 1608 propter
663 1542 869 1602 originale
884 1542 1091 1589 delictum
1111 1561 1196 1590 esse
1212 1546 1295 1592 sub
1313 1547 1510 1608 diabolo,

127 1615 212 1661 nisi
239 1626 521 1661 renascantur
543 1616 589 1661 in
624 1614 830 1667 Christ03
857 1631 946 1659 non
972 1615 1123 1679 utique
1148 1633 1216 1662 me
1247 1617 1385 1665 selum
1402 1657 1413 1677 ‚
1434 1637 1514 1668 ve-

128 1701 225 1732 rum
249 1696 293 1732 et
326 1686 606 1732 Ambrosium
626 1722 637 1742 ,
663 1695 704 1730 et
729 1684 834 1730 alios
858 1685 996 1732 socios
1019 1689 1135 1746 ejus,
1170 1705 1219 1733 ac
1253 1689 1356 1736 fidei
1378 1691 1513 1753 hujus

128 1757 364 1822 participes
390 1769 519 1822 atque
543 1757 743 1803 doctores
760 1793 771 1813 ,
810 1757 1143 1821 universamque
1168 1759 1333 1808 Christi
1355 1763 1512 1810 Eccle-

129 1829 262 1887 siam,
301 1846 402 1893 quae
424 1847 466 1876 se
501 1829 589 1875 hoc
614 1831 858 1892 accepisse,
886 1829 973 1874 hoe
1009 1840 1172 1889 tenere,
1206 1831 1294 1879 hoc
1327 1834 1514 1883 fideliter

130 1900 324 1954 credere,
346 1899 632 1965 parvulorum
653 1899 980 1963 baptizatorum
999 1900 1236 1947 exorcismo
1259 1914 1301 1949 et
1319 1907 1511 1954 exsuffla-

130 1971 246 2018 tione
265 1982 466 2029 testatur‚
494 1990 517 2017 a
543 1981 617 2018 tua
640 1970 802 2016 nefaria
821 1969 1122 2017 criminatione
1143 1971 1342 2023 defendo.

195 2044 311 2092 CIX.
342 2045 440 2091 JUL.
473 2065 494 2086 «
513 2045 691 2101 Quanto
708 2043 865 2089 rectius
880 2042 1042 2089 diceres
1065 2062 1074 2089 ε
1100 2044 1217 2090 Dixit
1230 2046 1317 2094 hoc
1336 2048 1451 2097 idem
1469 2063 1512 2099 et

133 2115 405 2162 Manichacus
420 2115 464 2161 in
483 2113 675 2178 Epistola
691 2113 744 2159 ad
767 2113 1023 2160 Patricium.
1055 2114 1176 2160 Dixit
1189 2126 1229 2161 et
1248 2118 1293 2163 in
1317 2119 1509 2183 Epistola

132 2205 265 2252 quam
290 2186 464 2251 scripsit
496 2185 551 2232 ad
575 2185 708 2231 filiam
734 2184 924 2231 Menoch
943 2222 954 2241 ‚
978 2184 1086 2231 dixit
1113 2196 1154 2232 et
1176 2186 1221 2233 in
1246 2189 1338 2235 aliis
1363 2193 1512 2241 multis

133 2256 467 2323 scriptis‚'quae
490 2269 539 2304 tu
575 2257 748 2322 penitus
779 2256 1007 2303 imbibisti.
1053 2257 1137 2303 Sed
1170 2259 1216 2304 in
1246 2264 1512 2312 consortium

137 2341 259 2376 tuum
292 2330 565 2393 Episcopum
598 2328 964 2374 Mediolanensem
997 2329 1166 2375 conaris
1201 2332 1440 2390 attrahere,
1471 2349 1515 2384 et

134 2397 238 2465 quia
257 2417 345 2446 non
364 2411 484 2463 potes
500 2399 661 2445 habere
679 2399 930 2463 praesidium
947 2436 957 2455 ‚
979 2399 1040 2444 vis
1059 2400 1252 2448 invenire
1267 2403 1515 2457 solatium.»

201 2473 315 2518 Aue.
359 2469 494 2516 Valde
526 2480 679 2516 contra
713 2469 1012 2515 Manichaeum
1039 2471 1247 2535 estquod
1267 2473 1373 2521 dixit
1403 2479 1513 2526 Am-

133 2541 322 2589 brosius.
354 2542 467 2588 Nam
503 2541 775 2587 Manichaeus
813 2540 998 2587 alienam
1025 2541 1130 2588 mali
1162 2554 1364 2592 naturam
1388 2552 1517 2600 nobis

135 2611 243 2661 dicit
267 2630 353 2661 esse
379 2612 682 2663 commixtamz
706 2612 962 2660 Ambrosius
992 2624 1132 2661 autem
1157 2617 1519 2679 praevaricatione

306 2701 447 2733 cxciv.
1340 2705 1392 2754 17
