1824 3236
162 243 318 275 OPERIS
354 243 619 275 IMPERFECTI
654 244 830 275 CONTRA
864 245 1108 288 Jurmnuu,
1147 249 1236 279 mn.
1278 249 1319 280 v.
1395 233 1478 280 331

117 309 215 355 tatis
240 310 391 356 alienae
409 348 419 366 ‚
446 309 517 356 sed
539 321 680 356 tamen
702 314 792 370 ejus
812 311 854 356 in
886 316 1010 372 cujus
1040 314 1202 360 lumbis
1228 315 1394 360 ratione
1426 332 1487 359 sc-

111 381 241 426 minis
270 381 472 438 fuerunt,
500 381 553 428 ad
583 379 803 445 profunda
832 383 1099 430 miseriarum
1126 403 1233 449 quas
1258 386 1457 432 novimus
1479 422 1490 442 ‚

110 451 237 497 fuisse
251 451 456 512 dejectos,

174 523 292 570 XVI.
317 524 416 572 JUL.
448 544 468 565 α
491 522 575 569 Sed
598 527 689 584 jam
707 541 939 588 pergamus
958 525 1010 571 ad
1032 526 1209 591 reliqua.
1250 529 1489 593 Postquam

109 609 209 653 ergo
230 593 446 652 Abrahae,
471 593 590 658 quod
617 612 640 639 a
663 612 732 640 me
763 594 953 658 positum
978 595 1140 651 fuerat,
1173 597 1337 645 vivavit
1357 616 1496 644 exem-

108 663 260 727 plum3
303 674 484 710 conatus
522 674 584 710 est
623 681 803 710 asserere
821 703 830 721 ‚
875 666 1131 712 Abimelech
1169 684 1345 731 quoque
1365 705 1374 722 ‚
1416 668 1494 732 qui

109 745 259 779 orante
280 734 505 781 Abraham
526 772 536 791 ‚
558 752 658 781 cum
683 735 940 781 mulieribus
959 737 1045 782 suis
1066 748 1255 794 sanatus,
1285 738 1489 793 refertur,

110 814 159 850 ut
187 803 242 850 ad
267 805 552 865 generationis
587 823 786 870 operam,
810 825 831 852 a
864 823 948 870 qua
981 825 1058 870 per
1082 807 1255 871 plagam
1275 818 1365 853 erat
1398 825 1494 853 sus-

109 891 298 938 pensus,
328 885 473 939 posset
502 875 669 931 redire,
704 894 792 922 non
824 876 1092 923 detractione
1126 877 1352 923 libidinis1
1373 915 1383 934 ‚
1422 876 1495 923 sed

109 945 258 991 dolore
279 945 424 1010 aliquo
440 963 565 1010 posse
588 947 772 1007 intelligi
792 947 1023 993 mulierum
1050 947 1225 994 vulvam
1245 948 1373 993 fuisse
1392 965 1493 994 con·

109 1016 272 1062 clusam
297 1033 308 1061 :
328 1018 454 1081 quasi
478 1035 501 1063 a
519 1018 647 1064 nobis
666 1029 919 1064 assereretur
938 1018 1179 1082 impendio,
1204 1029 1251 1064 ut
1272 1019 1494 1082 appetitus

109 1087 167 1133 eis
182 1087 391 1135 naturalis
409 1088 605 1135 redditus
621 1089 841 1136 videretur
862 1108 873 1135 ε
901 1107 1003 1136 cum
1029 1108 1107 1151 ego
1137 1090 1390 1136 testimoniis
1408 1090 1493 1135 illis

107 1157 154 1203 id
179 1157 320 1204 solum
346 1160 539 1222 probare
563 1159 717 1206 fuerim
739 1171 969 1206 contentus
988 1198 997 1215 ‚
1026 1160 1287 1224 impeditum
1321 1177 1491 1206 coneu-

111 1228 276 1286 bitum‚
301 1230 379 1293 qui
399 1229 488 1276 sine
508 1229 693 1276 libidine
716 1248 801 1276 esse
820 1247 908 1276 non
934 1241 1105 1294 poterat
1125 1268 1135 1287 ,
1154 1248 1233 1293 per
1249 1230 1356 1275 iram
1382 1230 1490 1285 Dei,

111 1299 421 1363 redditumque
444 1318 524 1364 per
542 1301 859 1361 indulgentiam
887 1302 994 1356 Dei,
1021 1302 1108 1346 sive
1133 1301 1320 1346 amolitis
1340 1300 1495 1345 obsta-

109 1369 236 1426 culis,
257 1370 345 1417 sive
363 1371 641 1417 irritamentis
669 1371 935 1416 solemnibus
965 1371 1195 1425 restituti53
1242 1381 1380 1416 tamen
1400 1370 1498 1415 dia-

108 1439 304 1487 bolicum
328 1458 417 1488 non
449 1441 622 1494 doceri,
653 1441 725 1487 sed
753 1441 883 1487 etiam
916 1459 994 1505 per
1018 1442 1105 1487 hoc
1137 1441 1191 1486 ad
1216 1441 1295 1486 Dei
1316 1457 1492 1503 operam

107 1511 398 1574 pertinentem
416 1549 428 1566 ,
452 1512 526 1576 qui
551 1512 662 1557 inter
690 1512 887 1575 corporis
915 1512 1201 1558 instrumenta
1227 1511 1488 1563 mediocria,

109 1580 182 1626 sed
199 1581 372 1628 innoxia
389 1619 401 1639 ,
425 1599 514 1628 non
536 1582 696 1647 specie,
717 1599 805 1627 non
827 1581 958 1627 modo
974 1619 985 1638 ‚
1010 1599 1159 1628 verum
1180 1582 1270 1628 solo
1290 1590 1492 1644 peccaret

109 1669 294 1700 excessu.
318 1674 340 1696 >³

175 1727 288 1771 AUG.
321 1724 430 1781 Quis
469 1742 558 1771 non
581 1723 827 1785 intelligat,
854 1724 888 1769 si
924 1726 1016 1770 Deo
1049 1723 1291 1784 insignante
1330 1720 1495 1767 accidit

109 1793 275 1858 aliquid
297 1795 472 1859 corpori
498 1795 780 1842 foeminarum
800 1832 811 1851 ‚
839 1794 954 1840 unde
972 1794 1263 1858 impediretur
1281 1791 1498 1838 concubi-

108 1874 195 1921 tus,
214 1875 256 1911 et
277 1883 356 1929 per
378 1866 466 1912 hoc
483 1866 645 1930 proles,
669 1882 770 1929 quae
789 1865 939 1928 utique
956 1882 1045 1910 non
1062 1875 1225 1928 posset,
1247 1863 1327 1908 nisi
1343 1881 1365 1908 a
1385 1880 1496 1908 con-

107 1935 418 1982 cumbentibus
451 1936 658 1999 concipi,
696 1952 746 1981 eo
783 1946 949 1981 remoto
977 1934 1294 1998 impedimento
1316 1971 1326 1989 ‚
1365 1932 1493 1978 talem

108 2006 398 2053 concubitum
416 2007 635 2053 redditum
656 2043 666 2061 ‚
695 2006 835 2070 qualis
858 2017 919 2052 est
946 2007 992 2052 in
1016 2023 1200 2069 corpore
1228 2004 1381 2050 mortis
1402 2004 1492 2049 hu-

105 2083 202 2140 jUS‚
225 2079 271 2126 id
291 2091 378 2138 est,
407 2097 508 2127 cum
535 2080 734 2126 libidine.
766 2079 819 2124 In
843 2079 973 2125 talem
1001 2080 1169 2144 quippe
1193 2088 1354 2124 statum
1378 2094 1500 2124 revo-

110 2161 269 2196 cantur
285 2168 499 2215 corpora,
527 2168 630 2198 eum
655 2159 863 2196 sanantur
881 2187 892 2207 ‚
920 2149 1092 2213 qualem
1125 2151 1217 2209 jam
1253 2147 1403 2194 sortita
1437 2157 1499 2193 est

108 2231 209 2284 post
241 2233 473 2286 peccatum
495 2233 653 2268 natura
687 2221 969 2276 mortalium,
1001 2237 1100 2285 quae
1137 2219 1233 2266 illos
1272 2218 1497 2282 compellit

109 2291 157 2337 in
180 2304 377 2341 mortem.
409 2293 494 2340 Sed
526 2294 571 2340 in
596 2309 779 2356 corpore
802 2291 905 2338 vitae
928 2292 1044 2337 illius
1065 2328 1076 2347 ‚
1106 2289 1184 2336 ubi
1216 2289 1350 2335 homo
1376 2326 1386 2343 ‚
1416 2288 1499 2334 nisi

111 2374 349 2426 peccasset,
375 2381 463 2410 non
488 2374 579 2410 erat
596 2363 853 2419 moriturus,
879 2362 989 2409 alius
1013 2360 1172 2427 procul
1196 2359 1336 2406 dubio
1360 2371 1498 2406 status

110 2431 221 2479 fuit:
242 2433 358 2481 unde
376 2446 450 2482 aut
471 2434 592 2481 nulla
612 2435 694 2491 ibi,
708 2444 782 2480 aut
809 2433 921 2490 talis,
944 2433 1086 2499 qualis
1103 2448 1223 2478 nunc
1244 2441 1325 2487 est,
1353 2430 1496 2477 libido

50 2567 53 2570 .
113 2522 202 2552 non
226 2505 334 2563 fuit,
361 2523 450 2571 qua
469 2523 569 2553 earo
594 2515 746 2552 contra
771 2504 976 2569 spiritum
1002 2503 1333 2568 concupisceret
1355 2522 1366 2557 ;
1393 2512 1442 2548 ut
1459 2502 1499 2547 ei

161 2589 172 2614 ¹
194 2589 267 2625 Lib.
292 2602 322 2623 2.
342 2589 382 2623 de
401 2592 500 2635 Nupt.
526 2595 557 2622 et
574 2591 674 2625 Cone.
693 2599 721 2622 e.
740 2590 794 2625 15.
