1824 3236
236 278 392 309 opums
429 278 695 310 IMPERFECTI
732 278 905 307 CONTRA
941 279 1183 319 JL‘LIANL‘M,
1225 280 1311 310 rin.
1358 282 1416 312 vi.
1468 267 1561 322 485

186 343 363 399 animal,
383 345 426 391 in
440 361 527 409 quo
544 342 794 389 amissibilia
812 342 989 388 fuerunt
1010 344 1126 389 bona
1143 345 1271 390 etiam
1290 347 1530 392 naturalia:
1546 369 1565 388 »

186 414 435 461 amissibilia
452 414 567 460 enim
587 423 633 458 tu
648 412 811 476 putasti
830 430 933 468 csse,
961 414 1034 459 scd
1054 414 1318 471 voluntaria,
1342 416 1408 462 vel
1427 417 1562 472 bona,

185 483 253 530 vel
280 484 421 538 mala3
448 482 664 529 naturalia
698 499 799 528 vero
836 483 942 528 soles
971 484 1280 531 iuamissabilia
1304 487 1558 550 praedicare.

187 555 255 601 Tu
286 556 400 601 enim
423 566 465 601 et
488 554 594 600 alibi
629 553 764 606 dicis,
789 575 807 594 «
830 555 945 609 Quia
972 556 1189 600 naturalia
1216 557 1270 601 ab
1295 557 1421 602 initio
1455 558 1566 603 sub·-

185 625 355 671 stantiae
380 642 515 689 usque
534 624 586 670 ad
613 625 846 670 terminum
876 625 991 670 illius
1019 638 1293 687 perseverant
1316 646 1325 671 :
1355 650 1375 668 τ»
1400 628 1453 673 ad
1479 628 1565 674 hoc

185 706 235 742 ut
269 694 458 742 liberum
500 695 758 751 arbitrium,
787 694 907 758 quod
941 695 1113 740 homini
1147 697 1289 752 Deus,
1329 715 1429 742 cum
1466 715 1564 743 cum

185 776 379 823 crearet,
407 766 563 821 dedit,
606 765 746 811 amitti
770 782 857 810 non
889 783 1013 828 posse
1040 767 1304 823 contendas3
1340 769 1565 833 praecipue

185 853 371 883 asserens
386 836 600 883 naturalia
618 836 734 882 bona
750 836 1008 882 voluntariis
1024 854 1064 881 m
1073 836 1146 882 alis
1161 838 1301 900 perire
1318 855 1406 884 uon
1419 857 1559 902 posse.

184 908 242 954 Et
263 906 361 953 ideo
388 907 550 959 dicitis,
580 906 700 970 quod
719 909 764 952 in
787 923 1039 969 perversum
1066 909 1210 952 onmia
1233 925 1442 954 conemur
1457 927 1565 955 asse-

131 1033 135 1036 ,
183 994 294 1033 rere,
321 987 529 1040 tanquam
550 976 846 1023 dicamusnon
870 994 992 1040 posse
1014 978 1155 1022 amitti
1170 977 1415 1024 voluntaria
1433 980 1564 1048 mala,

181 1064 305 1111 posse
329 1057 470 1093 autem
489 1047 705 1093 naturali-a
729 1048 844 1093 bona
867 1064 877 1092 ε
905 1046 1025 1111 quod
1047 1064 1123 1092 nos
1141 1048 1319 1111 quidem
1347 1067 1434 1095 non
1459 1050 1566 1096 dici·

182 1135 310 1175 mus;
337 1129 523 1183 utraque
542 1118 657 1164 enim
680 1117 867 1164 dicimus
897 1118 1037 1163 amitti
1056 1135 1179 1181 posse
1199 1139 1210 1172 ;
1232 1119 1303 1165 sed
1328 1120 1439 1166 mala
1466 1138 1566 1184 quae

182 1189 452 1236 invehuntur
470 1207 549 1254 per
566 1189 834 1235 voluntatem
860 1188 1042 1235 liberam
1064 1226 1074 1244 ‚
1099 1206 1178 1252 per
1197 1189 1389 1236 divinam
1412 1191 1565 1256 indul·-

183 1261 369 1320 gentiam
393 1277 518 1324 posse
538 1260 694 1313 amitti,
718 1260 784 1306 vel
803 1277 882 1323 per
903 1259 1143 1305 humanam
1174 1260 1460 1318 voluntatem,
1490 1263 1563 1309 sed

161 1376 163 1378 ,
184 1348 206 1376 a
227 1332 317 1377 Deo
340 1327 568 1377 liberatam
587 1368 599 1389 ,
635 1342 675 1377 et
711 1349 733 1376 a
758 1332 949 1376 Domino
978 1343 1287 1394 praeparatam.
1330 1332 1490 1379 Verum
1517 1345 1564 1380 tu

159 1393 163 1396 ⁵
183 1401 258 1465 qui
279 1402 414 1461 dicis,
443 1402 584 1448 amitti
604 1420 728 1465 posse
758 1419 837 1466 per
859 1401 1130 1448 voluntatem
1156 1403 1313 1448 malam
1337 1441 1348 1460 ‚
1389 1404 1462 1450 sed
1481 1423 1564 1452 vo-

181 1471 370 1519 luntaria
393 1474 511 1520 bona
531 1509 542 1529 ‚
570 1490 658 1518 non
678 1473 894 1518 naturalia
914 1510 924 1529 ,
951 1490 1049 1518 ecce
1073 1472 1294 1520 invenisti.
1324 1485 1454 1539 atque
1472 1475 1563 1539 ipse

182 1541 326 1589 dixisti
359 1543 652 1590 innocentiam
675 1580 685 1600 ,
717 1542 836 1607 quod
866 1554 927 1588 est
961 1543 1156 1588 naturale
1193 1544 1386 1601 bonum,
1423 1547 1563 1592 amitti

181 1631 305 1677 posse
323 1632 403 1679 per
427 1614 724 1663 voluntarium
743 1614 921 1661 malum.
946 1616 1002 1660 Et
1024 1615 1292 1671 innocentia,
1320 1615 1480 1663 sibene
1499 1628 1561 1663 at-

182 1685 332 1731 tendas
350 1724 361 1742 ,
392 1686 735 1747 majus-bonum
769 1697 829 1731 est
852 1723 862 1741 ‚
901 1703 1033 1748 quam
1070 1685 1256 1731 liberum
1285 1687 1518 1734 arbitrium
1547 1707 1556 1734 :

180 1756 283 1819 quia
305 1757 554 1804 innocentia
573 1774 636 1803 res
649 1757 868 1803 bonorum
888 1768 965 1813 est,
992 1756 1183 1802 liberum
1201 1774 1302 1803 vero
1329 1759 1559 1806 arbitrium

181 1837 221 1872 et
244 1828 462 1874 bonorum
486 1839 574 1884 est,
600 1838 640 1873 et
665 1827 895 1874 malorum.

203 1938 205 1940 .
247 1898 406 1943 Utrum
437 1909 579 1944 autem
614 1898 728 1944 mala
766 1898 990 1944 voluntate
1014 1898 1074 1944 sic
1107 1910 1254 1962 pereat
1276 1899 1526 1947 innocentia
1545 1939 1555 1958 ,

182 1979 231 2014 ut
252 1969 389 2033 possit
422 1969 540 2016 bona
575 1969 800 2016 voluntate
833 1969 1057 2032 reparari,
1097 1987 1186 2015 non
1219 1971 1561 2034 contemptibilis

180 2041 365 2105 quaestio
383 2051 457 2088 est.
487 2041 741 2088 Sicutsenim
762 2041 795 2087 si
813 2040 1036 2088 voluntate
1061 2052 1344 2105 amputentur
1364 2045 1561 2107 corporis

181 2112 403 2169 membra,
427 2130 516 2159 non
543 2114 831 2160 restituuntur
851 2112 1006 2158 itidem
1046 2112 1299 2166 voluntate3
1326 2113 1386 2158 ita
1407 2114 1561 2160 viden-

181 2182 286 2230 dum
312 2194 398 2240 est,
424 2202 486 2237 an,
504 2184 553 2240 in·
575 2201 618 2228 re
648 2182 826 2248 quidem
862 2182 1090 2235 dissimili,
1126 2183 1173 2228 id
1203 2193 1287 2239 est,
1311 2183 1356 2229 in
1388 2184 1556 2239 animo,

181 2254 266 2300 tale
288 2254 453 2318 aliquid
486 2254 540 2300 de
563 2254 825 2301 innocentiae
849 2253 1094 2318 perditione
1119 2255 1342 2314 contingat
1364 2291 1374 2310 ‚
1413 2265 1455 2300 et
1478 2272 1559 2301 vo-

180 2325 372 2372 luntario
393 2336 516 2372 motu
538 2328 679 2390 perire
702 2327 866 2390 possit,
903 2325 1041 2371 redire
1064 2343 1151 2371 non
1189 2326 1335 2389 possit.
1378 2327 1489 2373 Nam
1520 2338 1562 2372 et

181 2414 301 2443 sacra
323 2397 565 2457 virginitas,
591 2398 625 2443 si
648 2416 726 2462 per
744 2397 1014 2462 impudicam
1035 2408 1181 2460 pereat
1204 2397 1488 2455 voluntatem,
1504 2399 1561 2444 ad

162 2464 441 2533 pudicitiam
461 2468 594 2514 rediri
613 2480 773 2533 potest,
800 2469 853 2515 ad
879 2469 1171 2528 virginitatem
1192 2487 1279 2515 non
1297 2480 1451 2533 potest.
1477 2470 1563 2517 Sed

183 2539 330 2585 adhuc
358 2539 671 2602 respondetur,
712 2551 754 2584 et
791 2540 1078 2600 integritatem
1104 2540 1360 2599 xirginitatis
1391 2541 1435 2586 in
1469 2559 1563 2587 cor-

183 2626 305 2673 pore,
331 2627 416 2655 non
436 2609 585 2674 utique
613 2609 744 2656 animi
771 2626 856 2656 csse
876 2645 886 2664 ,
915 2609 986 2655 scd
1009 2610 1231 2673 corporis:
1265 2628 1365 2657 cum
1391 2628 1490 2657 vero
1511 2612 1563 2658 de
