1863 3262
382 221 443 267 80
808 237 843 267 S.
887 237 1131 268 AUGUSTINI
1169 238 1371 269 EPISCOPI

384 324 404 344 »
430 302 511 348 dus
536 321 558 348 a
576 296 734 348 sorde?
758 319 835 348 nec
861 302 1001 350 infans
1019 308 1144 364 cujus
1168 315 1230 349 est
1253 304 1337 350 diei
1372 305 1499 350 unius
1523 304 1611 352 vita
1635 324 1765 370 super

386 397 407 418 ›>
433 374 627 423 terraml.
649 398 669 418 ›>
688 377 914 422 Postremo
938 394 1026 422 non
1055 377 1283 423 dicebatur
1302 396 1311 424 ε
1331 401 1349 419 «
1372 379 1469 424 Non
1490 380 1610 442 quod
1636 381 1734 426 volo
1749 418 1760 437 ‚

386 468 407 488 ³>
428 446 500 491 sed
527 445 645 510 quod
678 447 751 492 odi
775 446 886 492 illud
914 446 1028 493 facio
1042 448 1074 494 2.
1103 470 1122 489 >1
1151 449 1226 504 Et,
1254 470 1274 490 «
1301 449 1400 494 Scio
1435 451 1537 512 quia
1568 469 1655 496 non
1678 451 1765 496 ho-

386 538 407 558 »
431 517 546 563 bitat
563 518 609 564 in
629 535 696 563 me
716 555 726 573 ‚
750 517 837 563 hoc
858 529 920 563 est
939 556 949 574 ,
977 518 1022 563 in
1042 535 1171 564 carne
1195 536 1287 565 mea
1306 520 1473 565 bonum
1498 539 1508 566 :
1533 521 1639 567 velle
1653 522 1767 566 enim

386 608 408 630 >2
432 587 599 648 adjacet
624 587 763 642 mihi,
792 589 1002 650 perficere
1029 599 1169 634 autem
1193 589 1360 635 bonum
1380 608 1468 636 non
1500 592 1719 637 inveni03.
1747 614 1766 633 »

387 660 444 705 Et
463 696 474 712 ,
506 679 526 700 «
548 658 684 703 Video
709 657 836 703 aliam
865 657 1001 718 legem
1029 659 1073 704 in
1098 660 1302 705 membris
1326 661 1430 706 meis
1454 672 1768 724 repugnantem

388 729 517 790 »legi
547 729 701 774 mentis
739 727 888 776 meae4.
916 752 935 771 ›>
963 730 1061 776 Hoc
1095 730 1256 776 malum
1294 731 1340 775 in
1377 730 1517 778 Adam
1543 769 1553 787 ‚
1595 731 1772 795 quando

387 810 531 846 rectus
552 810 719 845 creatus
743 810 829 855 est,
852 817 939 846 non
964 812 1079 854 erat3
1104 802 1206 864 quia
1225 811 1382 846 natura
1401 801 1593 847 humana
1618 802 1774 865 depra-

389 881 486 917 vata
512 869 708 916 nondum
746 881 852 917 erat.
881 872 1111 917 Rectorem
1134 871 1351 929 habebat,
1384 889 1513 934 quem
1546 873 1685 918 libero
1703 889 1774 918 re-

388 941 518 1006 liquit
557 941 772 987 arbitrio:
804 958 893 986 non
928 942 1208 987 liberatorem
1242 943 1494 1005 quaerebat‚
1527 959 1606 1005 per
1643 959 1773 1005 quem

390 1013 512 1058 fieret
530 1011 641 1058 liber
666 1030 686 1057 a
706 1012 825 1058 vitio.
854 1013 965 1058 Nam
990 1012 1065 1058 etsi
1083 1012 1216 1059 verba
1240 1012 1311 1057 illa
1328 1049 1339 1067 ,
1361 1033 1381 1053 «
1404 1013 1501 1057 Non
1530 1012 1648 1075 quod
1676 1011 1775 1057 volo

392 1104 413 1126 n
437 1100 541 1144 ago,
572 1103 592 1124 >2
617 1093 659 1128 et
680 1094 836 1128 caetera
860 1083 987 1138 talia,
1010 1083 1218 1128 hominis
1239 1094 1364 1139 sunt,
1395 1094 1443 1128 ut
1467 1081 1637 1139 dicitis,
1665 1100 1776 1128 non-

393 1154 496 1200 dum
519 1154 603 1200 sub
625 1154 788 1200 Christi
821 1154 957 1214 gratia
980 1154 1228 1207 constituti;
1253 1171 1353 1213 ergo
1377 1155 1503 1199 etiam
1539 1154 1644 1199 hinc
1665 1171 1777 1198 con-

391 1225 649 1281 vincimini,
682 1224 801 1289 quod
838 1236 927 1270 tam
962 1225 1150 1270 infirmae
1189 1224 1426 1270 voluntatis
1472 1223 1525 1270 ad
1559 1223 1779 1284 agendum

391 1295 562 1341 bonum
586 1295 784 1340 homines
805 1295 1006 1340 Christus
1030 1295 1221 1351 invenit,
1255 1307 1295 1340 6[
1317 1295 1437 1358 quod
1465 1294 1634 1340 arbitrii
1652 1294 1778 1339 liberi

393 1366 693 1413 infirmitatem
711 1365 764 1411 ad
785 1365 999 1425 agendum
1015 1366 1183 1411 bonum
1205 1366 1376 1411 nonnisi
1395 1382 1472 1428 per
1490 1365 1654 1410 Christi
1678 1381 1780 1423 gra-

396 1437 497 1483 tiam
516 1447 659 1500 potest
689 1437 883 1482 humana
903 1454 1103 1499 reparare
1134 1447 1305 1482 natura.
1340 1438 1401 1482 Ac
1424 1453 1501 1498 per
1521 1436 1608 1480 hoc
1628 1451 1780 1481 verum

394 1519 456 1555 est
474 1507 596 1573 quod
614 1507 722 1564 dixi,
746 1507 973 1553 Neminem
995 1525 1080 1553 esse
1099 1507 1285 1552 liberum
1305 1506 1358 1552 ad
1378 1506 1591 1566 agendum
1610 1506 1780 1551 bonum

395 1579 485 1625 sine
511 1579 729 1639 adiutorio
755 1579 849 1625 Dei.
897 1579 949 1624 Et
978 1589 1212 1643 propterea
1246 1590 1293 1624 tu
1332 1579 1606 1634 subtraxisti,
1635 1599 1656 1619 «
1677 1576 1779 1621 Sine

398 1649 617 1711 adjutorio
637 1650 742 1706 Dei,
766 1671 785 1691 υ
808 1660 857 1695 ut
874 1650 956 1696 tibi
976 1667 1160 1713 campus
1184 1649 1441 1713 aperiretur,
1465 1650 1542 1694 ubi
1565 1659 1604 1694 te
1621 1648 1781 1710 loqua-

395 1722 489 1768 cius
514 1714 650 1785 squam
676 1720 948 1784 eloquentius
968 1738 1046 1785 per
1079 1720 1216 1766 multa
1248 1723 1434 1780 jactares
1453 1757 1463 1774 ‚
1493 1719 1655 1783 quibus
1689 1734 1779 1762 non

396 1791 629 1837 delectares
652 1791 863 1851 legentem
882 1828 892 1847 ‚
929 1791 1001 1836 sed
1027 1790 1263 1851 intelligere
1289 1790 1504 1836 volentem
1521 1826 1531 1845 ‚
1561 1798 1779 1852 quantum

397 1878 542 1926 posses
556 1898 567 1917 ,
590 1861 996 1925 potiusimpedires.
1016 1860 1268 1907 Subdimini
1290 1861 1401 1917 Deo,
1418 1871 1465 1905 ut
1480 1857 1773 1918 corrigamini.

398 1933 537 1979 Nemo
566 1943 628 1978 est
663 1932 774 1978 liber
801 1932 855 1978 ad
883 1932 1100 1992 agendum
1134 1933 1300 1977 bonum
1328 1932 1417 1977 sine
1439 1930 1656 1990 adjutorio
1680 1928 1774 1974 Dei.

400 2002 521 2060 Quid
545 2013 593 2048 ut
626 2003 937 2067 praecipitetis,
973 2004 1213 2049 humanam
1252 2002 1451 2048 extollitis
1481 2001 1779 2048 voluntatem?

400 2074 536 2121 Orate
558 2075 706 2136 potius
721 2111 732 2130 ‚
759 2091 813 2119 ne
833 2075 1000 2119 intretis
1030 2075 1075 2119 in
1101 2073 1398 2119 tentationem.

467 2144 584 2189 CXI.
626 2143 651 2187 J
660 2160 725 2189 UL.
769 2164 788 2185 c<
814 2146 1045 2207 Propterea
1070 2154 1210 2189 autem
1233 2143 1277 2187 in
1303 2140 1601 2204 superioribus
1621 2138 1782 2186 volun-

400 2225 529 2260 tatem
551 2213 789 2277 perfectam
808 2215 944 2274 magis
961 2231 1090 2278 quam
1116 2231 1260 2259 rernm
1282 2214 1456 2258 effectus
1472 2211 1614 2257 locavi
1632 2248 1642 2266 ‚
1665 2227 1781 2273 quo-

400 2284 517 2330 niam
543 2295 584 2329 et
606 2283 895 2347 parricidium
909 2322 919 2339 ‚
943 2295 984 2330 et
1004 2284 1277 2344 sacrilegium
1294 2320 1304 2339 ,
1331 2293 1372 2327 et
1394 2281 1658 2328 adulterium
1676 2317 1686 2336 ‚
1714 2279 1782 2326 vel

399 2356 559 2401 borum
595 2354 750 2400 similia
769 2391 779 2410 ,
815 2354 985 2401 facilius
1019 2366 1080 2400 est
1109 2372 1261 2400 cavere
1288 2370 1419 2417 quam
1446 2353 1599 2398 facere.
1632 2351 1781 2413 Neque

399 2425 512 2471 enim
533 2441 702 2488 semper
722 2424 936 2470 voluntati
958 2425 1084 2470 malae
1106 2424 1389 2488 perpetrandi
1408 2422 1526 2486 quod
1551 2421 1645 2468 vult
1662 2420 1782 2465 adest

397 2494 595 2542 facultas.
620 2497 677 2540 At
690 2511 711 2540 e
727 2495 922 2556 regione,
940 2495 1099 2542 horum
1121 2495 1379 2541 abstinentia
1396 2494 1440 2540 in
1455 2509 1622 2540 summa
1637 2490 1780 2555 quiete

449 2578 556 2612 ¹Job.
572 2589 639 2619 xiv,
662 2584 694 2618 4,
710 2580 800 2621 juxta
819 2590 895 2613 Lxx.
912 2598 958 2606 —-
972 2578 988 2602 ²
1006 2582 1102 2613 Rom.
1122 2591 1185 2618 vu,
1206 2579 1306 2614 15.—
1325 2576 1338 2601 3
1355 2577 1509 2614 1bid‚18.
1523 2594 1570 2601 —
1589 2574 1602 2599 ⁴
1618 2574 1702 2608 Ibid.
1721 2575 1779 2606 23.
