1824 3236
198 286 353 316 opums
389 282 650 316 IMPERFECTI
687 281 863 313 CONTRA
897 281 1144 323 anthinon,
1182 283 1269 314 mr..
1312 284 1375 315 v1.
1432 267 1524 332 457

150 351 391 415 quidquam
427 350 532 396 boni
564 347 692 394 fuisse
728 348 991 403 arbitretur,
1034 348 1110 394 ubi
1154 359 1220 394 tot
1255 350 1523 396 miseriarum

149 421 434 468 instrumenta
469 420 663 466 instituta
708 416 919 463 fateatur?
957 419 1157 464 Pessimae
1202 420 1332 480 igitur
1372 419 1531 466 condi-

122 498 126 503 '
153 492 281 538 tionis
297 529 307 548 ,
328 491 613 555 pessimaequc
633 499 801 534 naturae
822 506 924 534 caro
948 492 1027 534 ista
1051 490 1094 534 in
1117 489 1206 534 istis
1224 491 1534 553 primishomi-

151 564 281 608 nibus
305 579 456 616 suum,
483 559 602 624 qnod
640 560 694 605 ab
719 559 896 605 exordio
931 560 1131 613 tenebat,
1169 562 1364 608 exseruit.
1405 562 1532 607 Hanc

153 644 295 679 autem
329 644 417 678 tam
450 631 608 676 malam
639 631 925 677 substantiam
959 632 1074 676 Deus
1099 631 1241 676 bonus
1265 649 1352 677 non
1389 631 1534 695 potuit

151 703 379 750 fabricare.
415 701 534 758 Quid
575 719 674 761 ergo
712 712 906 765 superest
929 738 939 757 ‚
979 700 1060 745 nisi
1101 711 1148 746 ut
1186 701 1397 747 fateamur
1435 701 1539 747 alte-

153 791 250 820 rum
271 791 357 820 esse
381 773 536 819 animas
550 773 744 818 datorem
765 811 775 829 ,
797 772 976 818 alterum
1003 771 1218 816 luteorum
1242 771 1530 818 conditorem.

221 866 240 887 »
263 846 358 891 Stat
374 855 489 890 certe
506 844 759 899 ttslanichaei,
778 847 903 903 cujus
916 842 1143 888 indueram
1159 859 1408 905 personam,
1429 843 1541 887 acies

155 914 367 961 ordinata.
402 914 525 970 Quid
548 914 834 977 opperiamur
853 913 1057 973 intelligis
1076 950 1086 968 ,
1108 912 1312 958 videlicet
1336 912 1481 976 utqui
1504 911 1543 957 ei

155 985 358 1031 adversus
381 994 467 1038 est,
498 985 778 1048 consequenti
806 984 1138 1048 impugnatione
1174 983 1219 1029 id
1255 983 1536 1029 demonstret.

156 1055 498 1115 Igiturvestrum
519 1055 675 1115 dogma
698 1072 799 1101 cum
816 1072 864 1101 eo
885 1055 1092 1115 confligat
1113 1073 1123 1099 :
1147 1054 1379 1118 apparebit
1394 1065 1543 1099 utrum

157 1127 246 1171 sine
267 1125 461 1190 pernicie
492 1142 567 1171 sua
594 1126 661 1171 vel
682 1125 833 1171 leviter
856 1125 994 1189 possit
1027 1125 1206 1172 moveri.
1238 1124 1546 1170 Pronuntiavit

158 1206 295 1252 certe,
317 1213 406 1241 non
422 1195 559 1242 solum
586 1196 702 1241 nasci
722 1213 870 1241 omnes
896 1196 949 1241 de
975 1195 1280 1241 commixtione
1306 1211 1543 1258 corporum

159 1267 438 1320 criminosos,
465 1284 613 1312 verum
638 1268 780 1330 ipsum
810 1266 948 1312 Adam
988 1267 1219 1330 culparum
1245 1268 1545 1311 necessitatem

159 1336 213 1382 de
231 1338 509 1383 concretione
523 1337 737 1383 viscerum
755 1375 765 1393 ‚
785 1348 827 1382 et
841 1337 933 1382 limi
953 1354 998 1382 ex
1013 1354 1101 1400 quo
1114 1336 1253 1382 factus
1268 1346 1329 1382 est
1345 1335 1549 1382 sordibus

161 1407 370 1454 attulisse.
417 1409 604 1463 Natura,
634 1408 806 1472 inquit,
844 1408 985 1453 carnis
1024 1409 1068 1453 in
1102 1407 1253 1471 primis
1294 1407 1550 1453 hominibus

159 1476 243 1522 fuit
262 1478 408 1534 noxia;
428 1479 568 1541 ipsam
593 1478 823 1523 scintillam
849 1478 982 1522 animi
1005 1477 1150 1522 studio
1175 1478 1411 1522 honestatis
1438 1477 1548 1523 sub-

161 1548 378 1594 lucentem
395 1549 638 1603 conclusit,
661 1547 893 1594 madefecit
911 1585 920 1604 ‚
937 1548 1127 1594 extinxit.
1162 1548 1390 1611 Ineptiunt
1414 1565 1548 1611 pror-

162 1634 232 1663 sus
258 1616 507 1674 Catholici,
528 1618 604 1681 qui
630 1619 903 1682 peccantium
925 1618 1178 1663 testimoniis
1199 1618 1481 1675 obnituntur,
1510 1629 1553 1664 et

163 1705 243 1733 nec
267 1687 542 1734 documentis
567 1689 758 1753 propriis
785 1689 1070 1752 acquiescunt
1094 1726 1104 1744 ‚
1144 1688 1424 1753 videntesque
1464 1706 1552 1735 non

164 1775 206 1804 se
222 1758 388 1805 bonum
412 1759 531 1822 quod
554 1760 710 1805 volunt
729 1777 869 1820 agere,
893 1759 963 1804 sed
982 1759 1143 1804 malum
1167 1759 1284 1822 quod
1303 1770 1556 1806 execrantur

165 1830 360 1892 operari,
396 1840 555 1893 putant
579 1841 722 1875 tamen
748 1830 792 1875 in
814 1847 943 1876 carne
969 1846 1057 1874 non
1078 1846 1163 1874 esse
1193 1829 1293 1874 mali
1318 1831 1552 1876 necessita-

169 1911 270 1947 tem.
304 1901 381 1946 His
410 1918 510 1960 ergo
540 1912 626 1946 tam
652 1901 862 1946 invidiose
886 1900 1015 1945 dictis
1039 1900 1347 1960 congrediatur
1373 1901 1550 1947 Tradu-

167 1970 344 2026 cianus‚
372 1971 405 2016 si
441 1982 583 2035 potest
608 1989 618 2017 :
644 1988 720 2031 ego
744 1971 916 2017 interim
946 1981 1165 2033 spectator
1193 1971 1369 2026 assist03
1399 1982 1440 2017 et
1462 1972 1553 2017 exi-

170 2052 263 2086 tum
299 2042 431 2087 vestri
465 2043 697 2088 conflictus
722 2042 910 2105 operior.
940 2041 1060 2097 Quid
1098 2042 1243 2104 itaque
1267 2043 1554 2105 respondebis

170 2112 326 2158 maiam
347 2124 544 2159 naturam
564 2114 691 2159 etiam
711 2114 755 2158 in
774 2113 924 2176 primis
940 2113 1195 2158 hominibus
1215 2111 1342 2158 fuisse
1357 2114 1556 2174 J'urantiP

172 2181 272 2229 Sine
295 2183 432 2229 dubio
451 2183 603 2229 referes
622 2221 631 2239 ‚
657 2185 797 2229 Deum
825 2184 1103 2229 formatorem
1124 2184 1354 2229 hominum
1372 2201 1461 2230 non
1479 2202 1558 2248 po-

169 2255 300 2300 tuisse
323 2255 488 2301 malum
522 2255 709 2301 condere
743 2254 860 2319 quod
895 2255 1081 2304 creavit.
1111 2266 1150 2300 et
1182 2255 1280 2300 ideo
1313 2256 1415 2319 quia
1443 2257 1559 2302 Deus

171 2324 248 2387 qui
272 2324 435 2370 malum
454 2342 542 2370 non
565 2325 696 2382 facit,
718 2326 917 2371 homines
936 2324 1058 2382 fecit,
1084 2342 1362 2389 nequaquam
1386 2343 1456 2372 eos
1482 2344 1558 2372 na-

171 2395 372 2441 turaliter
391 2396 526 2442 malos
549 2397 744 2460 probari.
774 2397 925 2443 Dixisti
949 2396 1134 2460 aliquid,
1158 2407 1200 2441 et
1223 2397 1435 2443 veraciter
1454 2415 1464 2442 ε
1487 2397 1561 2443 sed

173 2466 272 2512 vide
288 2466 540 2513 utrum'hoc
560 2485 628 2512 me
646 2467 848 2514 debueris
863 2467 1064 2513 audiente
1083 2467 1290 2530 proferre.
1323 2472 1424 2526 Qua
1445 2469 1562 2514 enim

174 2536 335 2582 virtute
362 2537 657 2583 Mauichaeum
682 2538 948 2584 concusseris
980 2556 1068 2583 non
1093 2537 1195 2583 satis
1219 2555 1325 2584 curo
1351 2557 1361 2583 ι
1389 2539 1563 2585 interim

149 2636 151 2640 <
175 2606 218 2653 in
243 2624 333 2654 mea
360 2611 585 2668 totusjura
609 2609 810 2656 transisti.
852 2612 994 2672 Capto
1011 2608 1092 2660 tibi
1125 2612 1215 2674 jam
1241 2608 1429 2669 delectat
1454 2609 1562 2658 illu*
