1863 3262
343 251 406 307 44
764 263 798 294 S-
841 262 1086 297 AUGUSTINI
1122 264 1326 299 EPISCOPI

346 341 644 390 regeneratum
670 342 935 391 regenerato,
967 342 1015 377 ut
1036 331 1107 377 ille
1124 332 1210 378 vita
1232 334 1373 391 vivat,
1394 336 1459 382 vel
1485 335 1562 382 iste
1586 348 1723 386 morte

348 401 576 448 moriatur.
613 401 659 447 Si
696 413 837 447 autem
864 403 943 448 ista
973 420 1060 449 non
1090 414 1213 466 potes
1240 405 1386 452 videre
1404 444 1415 464 ‚
1449 425 1528 454 cur
1551 426 1629 455 nec
1655 420 1724 456 ta-

347 475 472 517 cere.D

414 543 540 589 LIII.
571 544 669 590 JUL.
703 565 723 585 «
747 543 856 600 Quis
882 554 927 589 tu
955 561 1015 600 es,
1043 545 1115 608 qui
1135 556 1267 591 oestro
1304 547 1539 595 Marcionis
1572 551 1724 597 conci-

348 623 461 658 tatus
482 613 526 658 in
545 614 759 659 excidium
786 615 1002 677 aequitatis
1018 618 1262 680 irrumpas?
1280 617 1368 674 Qui
1389 620 1472 665 suh
1497 637 1724 668 censuram

345 681 506 742 linguae
525 696 612 730 tuae
635 686 846 748 mysteriis
867 686 1015 732 adhuc
1043 687 1387 734 Manichaeorum
1410 689 1594 738 lubricae
1612 729 1623 748 ‚
1646 693 1727 739 Dei

347 764 433 799 tam
458 755 629 815 judicia
656 774 785 820 quam
821 768 1044 821 praecepta
1074 758 1338 820 compellas?
1367 762 1503 807 Nemo
1527 762 1612 809 hoc
1640 780 1726 809 un-

345 842 476 888 quam
503 827 660 883 facere,
686 829 765 874 nisi
790 830 864 892 qui
887 830 1009 892 prius
1027 847 1073 875 ea
1095 830 1282 890 negavit,
1312 849 1532 891 aggressus
1555 844 1632 881 est.
1658 835 1727 881 Tu

346 906 649 943 testamentum
678 900 755 944 Dei
771 936 781 955 ‚
809 900 928 962 quod
953 901 1063 946 ratio
1078 937 1088 955 ‚
1116 900 1297 964 aequitas
1315 938 1326 955 ,
1348 903 1485 965 pietas
1500 940 1511 959 ‚
1533 905 1689 950 veritas
1712 942 1723 962 ‚

345 966 432 1012 fide
454 968 748 1015 scribentibus
767 970 1020 1032 Prophetis,
1047 971 1169 1034 quasi
1198 970 1377 1034 quidam
1400 990 1621 1019 sacrorum
1640 985 1726 1020 tes-

344 1037 455 1082 tium
480 1038 590 1084 ordo
608 1040 808 1100 signavit,
835 1041 1016 1086 audebis
1051 1041 1295 1086 Manicliaeo
1321 1053 1498 1089 auctore
1517 1061 1710 1106 perrum—

343 1124 459 1171 pere.
494 1110 611 1155 Olim
633 1121 675 1156 et
701 1111 999 1171 intelligentiae
1024 1113 1315 1167 sanctitatem,
1342 1124 1384 1159 et
1403 1113 1621 1174 religionis
1633 1133 1728 1179 spe-

344 1178 452 1223 ciem
480 1180 731 1242 perdidisti,
755 1182 789 1228 si
810 1181 893 1228 hac
914 1182 1151 1231 sententia,
1185 1199 1285 1246 quae
1313 1183 1431 1246 apud
1456 1184 1728 1231 Ezechielem

343 1258 423 1304 est,
447 1250 639 1296 traducis
663 1262 747 1298 tuae
768 1264 893 1316 putes
911 1264 985 1299 aut
1006 1253 1211 1299 auxilium
1234 1254 1432 1316 reperiri,
1457 1265 1532 1300 aut
1551 1253 1727 1302 exitium

344 1335 433 1364 non
462 1330 607 1367 teneri.
628 1344 648 1363 ›>

411 1392 525 1439 AnG.
561 1393 789 1456 Spatiatur
827 1395 1067 1458 loquacitas
1102 1394 1264 1458 inopiae
1298 1395 1473 1458 copiosa
1495 1431 1506 1450 ,
1533 1396 1609 1441 ubi
1639 1414 1729 1443 non

344 1463 553 1518 cernitur,
575 1466 642 1511 vel
664 1467 794 1512 etiam
814 1467 846 1512 si
870 1467 1082 1521 cernitur⁹
1113 1468 1333 1530 spernitur
1356 1467 1512 1513 veritas
1531 1489 1542 1523 ;
1571 1469 1650 1515 ubi
1668 1479 1731 1516 est

343 1550 431 1579 non
469 1536 703 1583 verborum
737 1538 969 1584 vanissima
992 1576 1003 1594 ,
1032 1538 1105 1584 sed
1144 1555 1286 1584 rerum
1321 1540 1557 1586 certissima
1579 1541 1722 1604 copia.

345 1604 478 1651 Aliud
503 1618 566 1653 est
602 1608 792 1655 directus
812 1609 1028 1655 veridicus
1049 1646 1060 1664 ‚
1099 1609 1217 1655 aliud
1256 1609 1440 1656 disertus
1469 1611 1721 1659 maledicus.

344 1676 568 1739 Propheta
594 1679 693 1724 filiis
718 1691 760 1726 et
780 1681 982 1744 patribus
1007 1697 1103 1726 suas
1128 1681 1235 1726 vitas
1262 1681 1496 1744 separatim
1523 1682 1728 1728 ducenti-

344 1744 427 1791 bus
466 1764 564 1793 vera
602 1749 712 1795 dicit
749 1768 760 1796 :
803 1761 850 1797 tu
892 1751 1247 1796 Manichaeorum
1286 1751 1461 1797 nomine
1502 1751 1730 1798 catholicis

343 1817 613 1880 Prophetam
650 1831 766 1867 recte
801 1821 1144 1881 intelligentibus
1185 1820 1418 1881 Pelagiana
1472 1822 1593 1868 rabie
1630 1840 1729 1869 ma-

344 1885 508 1935 ledit-is.

410 1961 522 2007 LIV.
557 1962 657 2009 JL'L.
699 1983 718 2003 α
750 1963 963 2025 Iniquitas
998 1962 1166 2026 iniqui,
1211 1961 1384 2025 inquit,
1426 1979 1557 2027 super
1594 1974 1729 2028 caput

345 2051 366 2071 ›>
388 2035 480 2091 ejus
502 2050 512 2077 :
541 2050 901 2096 unumquemque
920 2043 1109 2079 vestrum
1137 2032 1380 2079 secundum
1404 2033 1495 2079 vias
1531 2051 1627 2080 suas
1650 2041 1729 2094 Ju-

344 2121 365 2142 »
384 2102 561 2150 dicabo,
583 2103 689 2148 'Non
712 2104 949 2149 morientur
975 2114 1118 2167 patres
1139 2119 1221 2166 pro
1245 2102 1360 2153 filiis.
1384 2120 1524 2167 neque
1553 2104 1630 2150 filii
1647 2122 1727 2168 pro

344 2195 364 2215 >2
386 2176 642 2237 parentibus
663 2192 673 2220 ε
699 2175 860 2230 anima,
883 2175 1042 2238 inquit,
1066 2191 1166 2239 quae
1182 2185 1354 2238 peccat,
1373 2175 1467 2238 ipsa
1487 2176 1723 2222 morietur:

345 2266 366 2288 »
387 2246 595 2310 quoniam
623 2263 771 2291 omnes
794 2247 952 2291 aniniae
976 2263 1082 2292 meae
1111 2256 1211 2291 sunt
1228 2282 1239 2302 ,
1264 2262 1622 2311 unumquemque
1646 2263 1727 2311 pro

345 2337 366 2358 »
385 2317 471 2362 suis
490 2317 797 2380 iniquitatibus
816 2317 1031 2377 judicabo
1049 2316 1084 2362 1.
1107 2340 1126 2359 »

411 2389 523 2435 Auo.
566 2389 680 2433 Deus
713 2388 790 2452 qui
816 2388 913 2433 haec
949 2388 1057 2434 dicit
1080 2426 1090 2445 ‚
1112 2389 1203 2452 ipse
1228 2400 1289 2435 est
1330 2390 1447 2435 Deus
1483 2389 1561 2453 qui
1581 2388 1722 2445 dicit,

346 2481 366 2501 «
391 2459 593 2505 Reddam
627 2470 807 2523 peccata
835 2470 1012 2523 patrum
1046 2461 1091 2506 in
1115 2460 1269 2508 fili0s2.
1295 2483 1315 2503 ›>
1351 2460 1443 2507 Nisi
1471 2460 1725 2507 intellexeris

343 2530 566 2596 quomodo
591 2541 825 2595 utrumque
846 2531 900 2577 sit
923 2548 1101 2590 verum,
1124 2531 1246 2579 nullo
1278 2531 1412 2579 modo
1438 2531 1590 2578 credas
1610 2532 1725 2579 Pro-

393 2613 403 2636 ¹
421 2613 535 2647 Ezech.
554 2623 651 2653 xvux,
671 2624 723 2645 πο.
740 2630 784 2637 —·
798 2611 923 2648 2Deut.
946 2625 978 2652 ν,
996 2625 1030 2656 9.
