1824 3236
187 291 344 321 ornans
381 290 643 321 lMPERFEC'rl
680 291 853 322 confixa
891 293 1136 334 summum,
1176 295 1262 326 mn.
1306 296 1367 325 vr.
1416 279 1510 326 585

139 355 341 401 adversus
369 355 620 403 divinorum
643 355 910 420 eloquiorum
940 358 1224 415 evidentiam,
1261 359 1509 407 incredibili

136 426 258 471 rabie
280 426 520 489 spumantis
539 425 811 489 loquacitatis
836 427 1025 473 oblatras
1042 466 1051 484 ‚
1076 440 1284 492 tanquam
1308 447 1395 476 non
1413 448 1512 494 pos-

137 496 192 542 sit
213 496 259 542 in
285 496 366 542 Dei
384 495 585 560 paradiso
610 496 753 542 anima
788 507 863 543 tua
886 499 1082 545 obtinere
1116 501 1249 546 vitam
1265 537 1275 556 ‚
1303 501 1381 546 nisi
1406 501 1513 547 illuc

136 564 422 612 introduxeris
442 566 639 629 corporis
662 577 846 613 mortem
863 605 874 624 ,
897 585 997 614 cum
1018 580 1080 616 tot
1101 581 1141 616 et
1159 571 1288 616 tantis
1306 587 1516 635 corpora-

137 634 252 680 libus
275 636 468 692 morbis,
504 637 815 694 carnificibus,
848 641 1193 701 praecursoribus
1226 641 1402 687 mortis?
1438 646 1513 687 At-

138 705 266 752 tende
299 707 380 752 tibi
416 707 590 770 potius,
618 724 671 753 ne
703 709 749 755 in
786 709 932 756 locum
970 710 1227 757 deliciarum
1268 723 1514 758 sanctarum

140 776 353 822 mittendo
386 778 580 840 corporis
603 795 780 842 poenas,
804 790 850 825 tu
869 780 961 843 ipse
979 781 1143 844 pendas
1165 782 1210 826 in
1229 781 1324 828 loco
1354 799 1512 845 perpe-

142 856 316 892 tuorum
343 847 543 893 dolorum
568 859 610 893 et
633 848 767 894 animi
789 860 830 894 et
850 850 1046 913 corporis
1063 868 1230 914 poenas.

205 918 323 964 XLI.
360 919 459 964 JUL.
502 939 520 959 α
542 919 594 963 ln
630 919 717 964 hoc
754 937 853 966 sane
885 920 981 966 loco
1022 922 1285 980 Augustinus
1318 923 1516 968 aculeum

140 988 313 1045 mortis,
334 999 566 1051 peccatum
597 988 707 1034 illud
732 990 941 1052 opinatur
964 991 1217 1054 antiquum,
1245 1009 1332 1038 non
1360 991 1518 1038 intelli·

140 1075 242 1117 gens
263 1057 371 1122 quid
399 1069 619 1122 sequatur,
642 1059 688 1105 id
716 1071 802 1117 est,
827 1082 846 1102 «
868 1061 1014 1108 Virtus
1039 1062 1287 1125 peccatilex
1309 1080 1318 1106 ε
1345 1082 1365 1103 »
1384 1078 1517 1125 quam

140 1127 276 1189 legem
289 1166 301 1186 ,
331 1141 605 1193 praeceptum
631 1130 750 1194 quod
769 1131 880 1178 Adae
902 1134 1090 1196 positum
1107 1143 1195 1189 est,
1213 1144 1395 1179 conatur
1415 1149 1518 1178 asse·

139 1216 246 1246 rere.
280 1200 366 1246 Sed
378 1199 465 1245 -illa
483 1201 546 1246 lex
568 1218 655 1246 non
681 1201 764 1247 fuit
788 1203 957 1266 peccati
979 1204 1117 1249 virtus
1132 1240 1144 1260 ,
1163 1219 1316 1250 verum
1345 1203 1516 1266 peccati

140 1287 286 1329 genus.
319 1270 448 1316 Aliud
475 1282 537 1316 est
570 1272 685 1317 enim
711 1273 868 1318 extanti
900 1274 959 1318 rei
994 1273 1096 1319 dare
1130 1273 1362 1330 virtutem,
1396 1272 1515 1318 aliud

140 1341 260 1404 quod
291 1359 378 1387 non
405 1343 543 1388 extitit
575 1360 819 1405 procreare.
849 1346 958 1390 Esus
990 1361 1090 1404 ergo
1116 1344 1232 1390 illius
1263 1344 1453 1400 arboris,
1483 1344 1516 1389 si

139 1428 228 1458 non
251 1424 356 1458 esset
377 1413 660 1471 interdictus⁷
687 1414 826 1460 malus
846 1432 933 1460 non
956 1415 1101 1461 fuisset
1128 1433 1138 1460 ι
1166 1426 1399 1478 postquam
1435 1431 1517 1461 au-

139 1492 225 1528 tem
248 1483 506 1530 interdictus
523 1494 607 1540 est,
635 1494 677 1529 et
710 1502 733 1529 a
765 1485 1124 1548 praevaricatione
1146 1495 1404 1549 usurpatus,
1434 1503 1516 1530 na-

140 1564 233 1599 tum
265 1565 327 1599 est
350 1553 413 1600 ibi
433 1571 481 1599 ex
509 1554 794 1601 interdicente
829 1566 870 1601 et
907 1567 1208 1602 contemnente
1244 1567 1472 1619 peccatum
1503 1572 1514 1600 :

140 1625 338 1687 quamvis
357 1642 444 1670 non
469 1625 566 1671 ideo
586 1625 686 1671 data
710 1625 774 1671 lex
797 1626 969 1681 fuisset,
993 1638 1039 1672 ut
1062 1627 1412 1689 delinqueretur3
1445 1625 1516 1671 sed

140 1705 284 1741 tamen
305 1695 420 1741 idem
444 1695 661 1752 faciendo,
694 1696 739 1742 id
760 1707 839 1752 est,
867 1696 921 1742 de
941 1698 1094 1743 arbore
1119 1697 1404 1753 comedendo,
1428 1714 1517 1742 non

140 1765 390 1829 deliquisset
410 1765 571 1821 hom0‚
594 1766 697 1829 quia
715 1767 832 1812 bona
853 1767 985 1812 arbor
1008 1778 1125 1822 erat,
1156 1766 1236 1811 nisi
1259 1777 1407 1826 gustus
1425 1769 1516 1825 ejus

141 1854 164 1882 a
185 1836 277 1896 lege
300 1836 558 1882 interdictus
575 1837 740 1884 fuisset.
774 1837 907 1894 Quod
928 1855 1029 1898 ergo
1049 1855 1125 1901 per
1148 1855 1190 1882 se
1221 1854 1404 1900 pravum
1428 1846 1513 1892 est,

139 1907 264 1953 verbi
283 1907 444 1967 gratia,
479 1907 768 1970 parricidium
786 1946 796 1964 ‚
835 1908 1108 1968 sacrilegium
1125 1944 1137 1964 ,
1165 1907 1422 1953 adulterium
1438 1944 1449 1962 ‚
1475 1917 1517 1951 et

139 1977 305 2024 malum
323 1995 409 2023 esse
431 1978 562 2023 etiam
588 1978 678 2023 sine
708 1978 795 2024 lata
812 1978 903 2038 lege
920 1978 1205 2039 dignoscitur.
1232 1978 1341 2023 bene
1357 1977 1519 2022 dicitur

140 2048 261 2112 apud
283 2049 641 2112 praevaricatores
654 2086 664 2105 ‚
689 2049 766 2112 qui
784 2049 1074 2112 cupientiores
1094 2048 1393 2112 prohibitione
1411 2047 1515 2093 red-

140 2118 326 2175 duntur,
347 2119 552 2165 virtutem
572 2119 800 2183 acquisisse
815 2137 894 2183 per
911 2120 1044 2180 legem
1068 2137 1079 2164 :
1100 2118 1218 2182 quod
1232 2134 1333 2163 vero
1346 2117 1511 2181 inique,

141 2208 229 2236 non
252 2200 505 2253 usurpatur,
532 2190 613 2235 nisi
637 2189 944 2243 interdicatur,
968 2206 1100 2249 genus
1122 2189 1183 2234 ibi
1204 2188 1382 2251 proprie
1397 2225 1407 2244 ‚
1426 2205 1515 2234 non

141 2262 278 2307 robur
300 2261 337 2306 ei
364 2271 534 2307 constat
556 2279 580 2306 a
601 2260 704 2320 legis
727 2261 950 2306 occasione
969 2260 1191 2305 collatum.
1219 2259 1376 2304 Verum
1400 2275 1515 2321 quo-

141 2333 258 2378 niam
282 2332 358 2378 hic
378 2331 442 2378 fui
464 2331 652 2391 longior,
673 2332 806 2392 hujus
822 2348 996 2395 quoque
1021 2330 1122 2375 libri
1143 2330 1228 2374 fine
1259 2345 1514 2375 commoneo

140 2403 346 2450 lectorem
375 2419 544 2459 meum,
571 2414 621 2449 ut
639 2402 865 2463 vigilanter
894 2402 1118 2465 inspiciat‚
1152 2400 1316 2446 nullam
1349 2401 1394 2446 in
1426 2399 1517 2460 lege

143 2476 223 2522 Dei
240 2475 514 2522 occasionem
530 2474 796 2520 Manichaeae
813 2472 1046 2536 impietatis
1069 2471 1252 2524 offendi3
1281 2470 1355 2516 sed
1375 2471 1409 2516 si
1427 2487 1514 2534 qua

141 2558 353 2614 putantur
377 2546 604 2606 ambigua,
633 2544 874 2591 secundum
898 2543 1066 2604 regulas
1088 2541 1278 2588 veritatis
1299 2553 1426 2607 atque
1446 2560 1511 2587 ra-

145 2620 270 2666 tionis
288 2629 331 2664 et
353 2636 397 2664 ex
404 2618 507 2680 poni
524 2634 644 2680 posse
658 2653 667 2671 ,
695 2627 736 2662 et
753 2615 935 2677 justitiae
958 2613 1188 2660 convenire
1209 2631 1294 2658 non
1321 2612 1506 2658 dubitet.
