1824 3236
154 285 314 316 OPERIS
351 281 614 314 IMPERFECTI
650 281 825 313 comp-A
861 283 1106 326 JULIANUM,
1145 285 1233 316 LIB.
1274 286 1334 318 Vt.
1390 269 1482 333 509

105 349 386 397 deficeremus
405 350 584 396 rationis
602 347 756 394 auxilio
772 366 782 404 3
800 348 974 395 abunde
989 361 1131 397 tamen
1150 351 1242 398 trad
1251 369 1301 398 ux
1317 354 1484 417 peccati

106 433 363 468 assertorum
383 437 561 468 suorum
583 418 859 466 deformitate
884 433 1117 468 corrueret.
1140 445 1160 464 »

173 496 286 540 Aue.
315 494 410 538 Tua
440 491 688 538 conviciosa
713 490 955 555 loquacitas
990 493 1155 539 rabiem
1190 495 1298 541 mihi
1325 496 1488 555 objecit

105 564 193 610 oris
217 563 415 610 obscoeni
446 580 457 608 ε
489 561 708 626 numquid
733 579 834 622 ergo
862 580 955 608 sum
984 563 1182 611 defensor
1201 565 1488 630 laudatorque

107 633 329 680 libidinis?
368 632 597 696 Numquid
640 650 740 694 ergo
781 650 908 679 ausus
949 651 1041 679 sum
1088 637 1488 700 concupiscentiam

110 705 252 751 carnis
269 742 280 761 ,
302 721 388 768 qua
411 722 512 751 caro
533 704 811 768 concupiscit
838 705 1041 752 adversus
1061 707 1280 769 spiritum,
1302 707 1491 771 paradisi

110 776 238 821 etiam
259 775 523 839 possessione
544 773 682 820 ditare
699 778 716 820 Ξ)
742 776 794 820 In
814 793 943 840 quem
968 776 1115 822 locum
1138 779 1242 823 tanti
1262 778 1427 823 decoris
1451 788 1493 822 et

110 847 250 910 pacis,
283 845 412 892 simul
432 845 707 891 introduxisti
734 856 808 892 aut
825 846 1011 904 bellum,
1035 864 1124 910 quo
1139 847 1193 892 ad
1215 847 1493 911 peccandum

112 917 355 980 impellenti
396 916 676 963 laudabiliter
711 929 1011 980 repugnatur,
1050 929 1124 964 aut
1155 918 1370 975 dedecus,
1407 935 1494 981 quo

114 989 301 1052 turpiter
329 989 368 1034 ei
392 988 575 1035 ceditur.
608 989 700 1034 Cur
723 1006 822 1049 ergo
855 1001 943 1035 tam
971 990 1282 1036 contumeliose
1312 990 1496 1049 insurgis

114 1060 160 1107 in
183 1077 251 1106 me
266 1097 277 1117 ‚
305 1076 386 1105 nec
405 1060 584 1123 respicis
605 1063 677 1106 te?
698 1061 810 1106 Nam
837 1078 914 1121 ego
941 1079 1028 1107 non
1053 1078 1207 1108 accuso
1235 1062 1401 1116 Deum3
1424 1060 1497 1106 sed

116 1142 166 1177 tu
182 1168 193 1188 ,
217 1131 294 1195 qui
324 1130 432 1176 dicis
452 1129 658 1194 parvulos
686 1130 858 1176 nullum
884 1149 931 1177 ex
956 1132 1119 1192 origine
1150 1132 1317 1177 trahere
1337 1147 1498 1194 pecca-

118 1213 211 1248 tum
231 1239 243 1259 ,
275 1202 438 1266 quibus
454 1201 526 1247 ille
548 1202 758 1265 imposuit
779 1206 1092 1263 gravejugum.
1124 1205 1215 1249 Nec
1244 1204 1406 1249 incesso
1426 1203 1499 1248 in—

118 1274 367 1320 nocentiam
398 1291 500 1319 curn
535 1274 754 1337 aequitatis
784 1275 975 1333 injuria:
1003 1275 1076 1321 sed
1101 1286 1148 1320 tu
1171 1275 1368 1338 {equitati
1395 1274 1500 1320 facis

119 1345 344 1406 injuriam,
361 1345 437 1408 qui
456 1355 620 1390 tantam
639 1345 748 1390 dicis
771 1345 934 1391 habere
948 1346 1155 1409 parvulos
1180 1346 1498 1399 innocentiam;

120 1433 229 1480 quos
254 1427 398 1462 tamen
414 1450 425 1472 ,
449 1415 482 1461 si
503 1414 624 1478 quod
651 1415 742 1478 ipse
764 1416 894 1479 sapis.
920 1432 1071 1462 verum
1099 1434 1184 1462 esse
1203 1416 1352 1472 sciret,
1381 1415 1503 1476 gravi

118 1490 225 1548 jugo
246 1487 428 1551 aequitas
447 1503 534 1531 non
553 1485 743 1548 puniret.
768 1487 858 1531 Nee
874 1487 1048 1532 inficior
1065 1487 1246 1541 veritati,
1269 1504 1348 1532 nec
1362 1489 1502 1532 Deum

125 1558 362 1611 criminor3
391 1555 463 1602 sed
487 1566 536 1601 tu
567 1555 730 1618 potius.
769 1555 928 1603 Verum
953 1558 1069 1603 enim
1098 1557 1205 1603 dixit
1234 1557 1465 1620 Apostolus
1488 1592 1500 1613 ‚

126 1634 339 1694 «Corpus
372 1637 595 1673 mortuum
631 1638 693 1672 est
729 1638 911 1690 propter
946 1628 1281 1691 peccatum12»
1305 1627 1426 1692 qnod
1459 1638 1504 1672 tu

126 1718 269 1762 negas.
298 1702 437 1746 Deum
454 1715 555 1745 vero
574 1698 797 1762 quomodo
817 1716 905 1744 non
926 1700 1182 1756 criminaris,
1208 1700 1280 1745 cui
1303 1700 1507 1757 miserias,

129 1790 236 1836 quas
271 1788 424 1832 negare
454 1786 541 1815 non
576 1780 724 1833 potes,
752 1770 945 1833 imputas
983 1771 1297 1834 parvulorum,
1336 1770 1505 1815 nullum

128 1843 388 1889 habentium
413 1840 582 1885 miseria
614 1839 798 1899 dignum
829 1840 1037 1900 originale
1070 1845 1330 1905 peccatum?
1354 1843 1414 1886 Ac
1430 1857 1509 1903 per

132 1913 218 1959 hoc
231 1910 452 1959 conclusio
470 1920 559 1966 tua,
576 1927 676 1974 quae
687 1909 1004 1956 deformitatem
1020 1911 1147 1957 nobis
1161 1912 1334 1972 ingerit,
1351 1910 1512 1957 nullius

133 1984 311 2032 rationis
335 1982 528 2045 sequitur
547 1982 786 2028 veritatem.

200 2054 336 2101 XXV.
371 2054 475 2098 JcL:
500 2073 519 2093 «
549 2050 709 2097 Verum
749 2051 855 2115 quid
888 2069 964 2098 nos
991 2063 1077 2098 tam
1115 2053 1287 2115 obstipe
1322 2051 1514 2099 veritatis

137 2127 268 2173 solius
302 2125 511 2171 rationem
548 2123 810 2187 sequendam
841 2135 1074 2186 putamus3
1109 2141 1208 2170 curn
1235 2125 1515 2170 inimicorum

138 2209 384 2244 nostrorum
405 2194 600 2258 phalanx
619 2194 724 2258 ipsis
748 2194 962 2240 innitatur
982 2211 1124 2240 rerum
1148 2195 1369 2258 periculis,
1393 2206 1433 2241 et
1453 2194 1518 2239 in-

140 2279 288 2328 surgat
308 2269 352 2313 in
373 2283 449 2312 nos
466 2282 758 2311 [erumnarum
782 2266 948 2312 mu'nita
967 2266 1210 2325 suffragiis?
1233 2266 1336 2311 Vult
1353 2266 1520 2329 qnippe

141 2339 309 2403 pudore
339 2336 538 2382 coeuntis
555 2373 565 2391 ‚
598 2336 746 2382 dolore
771 2337 981 2399 parientis
1002 2376 1012 2392 ,
1055 2336 1211 2382 sudore
1246 2336 1485 2382 laborantis
1506 2371 1517 2391 ,

143 2408 508 2455 transmissionem
538 2405 768 2469 culparum
806 2418 848 2452 et
871 2423 1104 2470 poenarum
1130 2407 1175 2451 in
1209 2408 1367 2452 semina
1397 2424 1523 2453 com-

143 2479 333 2544 probare
356 2515 366 2528 ,
404 2487 451 2522 ut
475 2476 545 2522 his
574 2475 777 2522 videlicet
802 2477 932 2537 signis
955 2514 965 2533 ,
1007 2476 1249 2522 difficilium
1279 2488 1485 2541 partuum
1511 2514 1521 2533 ,

147 2549 433 2610 agricolarum
452 2546 723 2605 sudantium,
745 2557 786 2593 et
800 2547 1084 2594 dumosorum
1105 2547 1348 2603 novalium,
1365 2548 1528 2594 crimen

199 2633 318 2665 ιὶὶωιιι,
341 2642 411 2671 vni,
442 2641 492 2663 ιο.
