1863 3262
287 260 374 306 186
703 273 738 302 S.
783 271 1028 301 AUGUSTlNI
1062 270 1267 300 EPISCOPI

282 340 445 403 quibus
462 335 721 384 cohibendis
741 347 868 398 atquc
903 335 1121 381 frenandis
1146 335 1346 381 voluntas
1372 346 1515 380 nostra
1541 353 1659 400 pug-

284 420 431 462 naret;
465 407 578 454 nihil
616 425 689 453 vos
729 423 1029 466 argueremus,
1071 404 1188 468 quod
1226 406 1268 450 in
1313 405 1512 471 paradiso
1541 424 1658 462 eam,

285 481 372 527 hoc
398 490 484 538 est,
512 479 557 525 in
587 479 858 525 habitatione
893 488 1024 523 tantae
1055 476 1292 533 felicitatis,
1323 488 1405 522 tam
1434 477 1664 524 infeliciter

284 550 427 597 locare
452 549 631 597 velletis.

349 621 556 666 XXXIX.
588 619 686 665 JUL.
717 639 736 659 (ι
754 618 812 663 L't
833 616 946 662 enim
973 616 1207 677 imaginem
1232 618 1308 663 Dei
1329 617 1483 662 mentis
1503 615 1666 662 ratione

285 691 554 754 suscepimus
575 707 586 734 ι
609 688 668 734 ita
684 687 1035 740 communionem
1054 687 1274 751 pecudum
1297 689 1438 733 carnis
1463 688 1667 733 affinitate

285 762 518 813 sentimus;
543 760 667 821 cujus
685 759 853 804 licetsit
876 756 1015 803 forma
1040 757 1228 813 diversa,
1252 768 1313 803 est
1337 769 1480 803 tamen
1507 757 1559 803 dc
1580 775 1668 804 ma-

285 833 390 877 teria
413 831 723 876 elementorum
751 847 835 875 una
867 828 1133 883 substantia3
1162 846 1243 891 pro
1271 829 1541 874 rationabilis
1568 845 1669 874 sane

285 903 419 950 animi
446 902 608 948 meritis
631 901 918 947 aeternitatem
939 900 1081 947 visura
1096 937 1108 957 ,
1131 900 1199 946 vel
1216 900 1422 946 aerumnis
1446 900 1665 956 miseram,

285 974 353 1022 vel
367 973 560 1037 praemiis
575 971 820 1032 gloriosam.
848 993 868 1013 »

354 1048 467 1090 ΑΗΕ.
511 1043 557 1088 Si
577 1060 658 1106 pro
683 1041 901 1088 rationalis
928 1040 1061 1087 animi
1085 1041 1271 1097 meritis,
1299 1052 1347 1087 ut
1370 1040 1542 1097 fateris,
1571 1057 1671 1088 caro

289 1125 480 1169 terrena,
510 1124 551 1160 et
584 1115 698 1160 sicut
729 1112 898 1177 pecoris
928 1112 1253 1176 corruptibilis,
1283 1123 1426 1157 tamen
1458 1111 1673 1157 aeternita-

291 1196 375 1230 tem
400 1185 527 1244 longe
561 1184 730 1230 diverso
755 1184 839 1228 fine
866 1183 1010 1233 visura
1033 1194 1118 1238 est;
1147 1200 1226 1229 cur
1261 1200 1347 1230 non
1380 1181 1565 1245 accipis,
1593 1197 1674 1245 pro

290 1256 490 1316 imaginis
527 1255 604 1300 Dei
645 1255 834 1310 meritis,
861 1271 963 1318 quae
993 1254 1115 1304 nullo
1142 1255 1281 1303 fuerat
1312 1252 1551 1300 deformata
1575 1269 1676 1316 pec-

293 1338 420 1383 cato,
457 1327 518 1372 sic
553 1326 676 1389 prius
716 1325 844 1371 fuisse
888 1324 1110 1374 conditam
1149 1342 1351 1380 carnem,
1390 1323 1587 1387 quamvis
1622 1322 1676 1368 de

293 1397 472 1442 materie
498 1407 663 1441 terrena
678 1433 689 1452 ,
715 1405 763 1440 ut
782 1395 814 1439 si
839 1412 965 1439 nemo
988 1406 1230 1457 peccasset,
1254 1406 1360 1440 esset
1377 1396 1419 1439 in
1438 1393 1677 1438 {eternitate

295 1478 423 1531 atque
452 1467 498 1512 in
521 1467 853 1529 incorruptione
883 1483 1112 1519 mansura3
1148 1483 1228 1511 nec
1255 1475 1360 1510 essct
1389 1462 1677 1527 corruptibile

294 1554 456 1600 corpus
482 1553 718 1596 aggravans
740 1535 927 1581 animam
943 1572 954 1591 ,
978 1535 1065 1580 hoc
1103 1546 1188 1590 est,
1217 1535 1450 1595 imaginem
1473 1534 1580 1586 Dei3
1604 1531 1677 1578 sed

295 1606 355 1653 ita
371 1607 434 1652 illi
451 1606 704 1662 subditum,
733 1616 781 1651 ut
801 1616 982 1671 propter
997 1605 1107 1652 filios
1131 1605 1421 1666 generandos,
1449 1604 1562 1650 sicut
1587 1620 1677 1648 cae-

296 1689 386 1724 tera
403 1678 564 1741 quibus
585 1676 749 1741 aliquid
767 1694 1019 1740 operamur,
1045 1677 1097 1724 ad
1119 1688 1275 1723 nutum
1296 1676 1532 1722 voluntatis
1549 1675 1679 1720 etiam

296 1749 492 1794 membra
513 1747 713 1808 genitalia
739 1758 1038 1804 moverentur3
1059 1758 1132 1792 aut
1159 1748 1252 1793 talis
1272 1758 1378 1793 esset
1402 1746 1544 1792 carnis
1567 1762 1680 1791 con-

298 1818 569 1882 cupiscentia
586 1855 596 1873 ,
625 1834 725 1881 quae
752 1817 833 1862 nisi
860 1817 1004 1862 anima
1021 1855 1032 1874 ,
1059 1818 1146 1863 hoc
1175 1829 1260 1872 est,
1291 1817 1369 1862 Dei
1400 1815 1585 1876 imagine
1604 1832 1680 1860 vo-

295 1889 409 1934 lente
433 1906 521 1934 non
544 1899 757 1948 surgeret,
786 1906 865 1934 nec
894 1887 1163 1948 demergeret
1188 1888 1492 1948 cogitationem
1528 1885 1681 1931 mentis

296 1959 556 2007 exundantia
592 1958 860 2022 voluptatis?
894 1958 939 2004 Si
976 1959 1090 2004 enim
1117 1959 1248 2004 etiam
1272 1958 1367 2004 talis
1400 1973 1518 2002 nunc
1544 1966 1677 2012 esset,

298 2048 387 2077 non
425 2030 478 2075 de
513 2029 586 2075 illa
625 2028 861 2085 diceretur,
889 2029 1009 2093 quod
1034 2048 1057 2075 a
1089 2034 1215 2076 Patre
1250 2047 1339 2075 non
1372 2038 1502 2084 esset,
1530 2026 1603 2072 sed
1635 2042 1683 2071 ex

299 2101 466 2147 mundo
487 2111 616 2156 esset,
638 2100 683 2146 id
700 2111 783 2155 est,
802 2119 849 2146 ex
868 2100 1148 2153 hominibus,
1167 2101 1243 2163 qui
1265 2117 1342 2163 per
1356 2099 1474 2144 illam
1492 2135 1502 2154 ,
1525 2108 1683 2142 etcum

299 2171 373 2219 illa
397 2181 636 2216 nascuntur
656 2171 819 2216 mundo
834 2208 844 2226 ‚
867 2182 909 2216 et
928 2171 1084 2233 procul
1103 2171 1242 2216 dubio
1267 2169 1449 2233 perituri
1483 2178 1583 2214 sunt
1602 2167 1684 2213 nisi

302 2251 586 2288 renascantur
610 2240 746 2288 Deo4.
774 2241 967 2287 Materiei
986 2258 1086 2301 ergo
1112 2240 1374 2304 corporalis,
1401 2239 1528 2284 nobis
1547 2254 1684 2302 peco-

298 2312 508 2376 ribusque
533 2312 802 2370 communis,
829 2312 1135 2359 convenienter
1158 2311 1368 2367 creditur,
1398 2310 1552 2357 merito
1571 2309 1683 2354 ima-

299 2383 409 2443 ginis
438 2382 542 2438 Dei,
581 2381 776 2428 nondum
806 2393 989 2446 peccato
1015 2393 1166 2446 coepto
1200 2381 1417 2431 diversum
1448 2379 1576 2438 fuisse
1596 2378 1685 2425 ini-

300 2455 410 2502 tium
426 2492 436 2508 ,
464 2455 575 2504 sicut
593 2467 775 2520 peccato
793 2467 1016 2519 assumpto
1040 2455 1235 2506 diversus
1252 2465 1314 2506 est
1337 2454 1451 2505 finis.

364 2527 457 2572 XL·
486 2526 586 2576 alm„
629 2548 648 2567 α
674 2528 773 2586 Qua
805 2544 904 2588 ergo
944 2526 1109 2577 ratione
1145 2525 1376 2587 indignum
1418 2533 1524 2570 esset
1541 2558 1554 2579 ,
1595 2539 1684 2569 non

347 2608 357 2631 ¹
379 2620 391 2639 1
411 2611 509 2643 Joan.
531 2620 570 2650 11,
592 2611 630 2640 16
