1863 3262
145 322 301 356 OPERIS
336 319 597 354 IMPERFECTI
633 317 805 350 CONTRA
843 318 1087 359 JULIANUM,
1127 319 1213 351 [ΑΒ.
1256 319 1326 351 111.
1375 319 1460 368 107

97 390 408 445 Manichaeum,
423 386 499 451 qui
522 385 668 432 ferulis
690 385 735 430 in
760 400 904 430 meum
941 383 1115 430 tardum
1134 384 1352 446 ingenium
1377 386 1468 432 ani-

93 459 349 516 madvertat,
371 457 560 522 opponis
584 473 595 501 z
623 455 696 501 sed
717 466 756 501 te
770 455 949 501 obsecro
971 466 1158 506 moveat,
1179 455 1299 519 quod
1316 473 1466 503 secun-

94 529 202 576 dum
227 529 383 576 erroris
399 527 525 574 vestri
552 525 781 572 infandum
802 526 1160 589 horrendumque
1182 537 1430 589 portentum
1451 564 1462 584 ,

93 600 320 647 erudireris
343 598 508 654 ferulis,
533 597 700 642 etiamsi
725 597 768 642 in
795 597 985 659 paradisi
1010 597 1186 660 populis
1215 597 1459 644 nascereris.

94 670 239 726 Quam
256 668 613 715 deformissimam
631 666 964 722 absurditatem,
986 667 1018 712 si
1038 667 1269 712 nobiscum
1291 666 1467 712 horres-

93 739 208 796 citis,
230 751 278 786 ut
301 739 491 796 debetis3
515 738 630 785 unde
647 748 725 794 est,
742 755 847 798 rogo
868 754 961 794 vos,
982 737 1110 783 etiam
1130 737 1210 782 ista
1230 753 1469 800 puerorum

94 810 293 857 miseria?
319 810 452 874 (quae
487 808 645 873 procul
679 808 817 854 dubio
854 825 941 854 non
977 818 1038 854 est
1071 825 1119 854 ex
1147 819 1303 853 natura
1337 806 1467 863 mali,

93 898 229 945 quam
255 880 478 946 desipiunt
496 879 774 942 Manichaei,)
799 879 881 925 nisi
901 879 1004 944 quia
1018 879 1092 925 illo
1113 888 1295 942 peccato
1314 893 1472 937 magno

94 960 138 996 et
161 951 286 998 nobis
315 950 610 998 inaestimabili
639 950 699 997 sic
722 950 872 997 vitiata
906 960 968 996 est
993 950 1188 995 humana
1219 959 1375 995 natura
1398 985 1409 1004 ,
1432 957 1474 995 et

92 1021 239 1084 poenis
264 1022 510 1082 justissimis
542 1021 787 1084 implicata,
809 1031 857 1067 ut
882 1038 929 1066 ex
949 1038 997 1066 ea
1017 1037 1106 1066 non
1131 1019 1270 1065 solum
1292 1035 1476 1082 corrup-

96 1091 279 1139 tibilitas
308 1110 545 1157 corporum
575 1103 641 1138 tot
675 1092 930 1138 aerumnosis
960 1091 1136 1136 casibus
1167 1089 1342 1135 subdita
1363 1127 1374 1145 ,
1405 1106 1475 1135 ve-

95 1163 324 1209 rumetiam
359 1163 539 1209 tarditas
576 1162 846 1223 ingeniorum
887 1160 1073 1207 obnoxia
1107 1159 1256 1205 ferulis
1296 1160 1475 1223 aliisque

98 1233 357 1280 verberibus
392 1233 600 1289 oriretur3
635 1243 764 1296 atque
789 1233 850 1278 ita
875 1232 962 1277 hoc
989 1231 1228 1290 malignum
1265 1229 1476 1275 saeculum

100 1319 179 1366 per
199 1302 335 1349 malos
371 1303 462 1349 dies
494 1320 628 1367 usque
663 1303 716 1349 ad
753 1303 986 1348 terminum
1021 1317 1145 1346 suum
1176 1310 1394 1356 curreret,
1428 1309 1477 1344 ut

97 1374 229 1420 etiam
256 1373 394 1420 sancti
417 1374 474 1419 ab
497 1384 660 1419 aeterno
691 1371 911 1436 supplicio
937 1371 1049 1417 eruti
1078 1387 1157 1433 per
1180 1370 1374 1416 divinam
1403 1368 1476 1414 in-

96 1444 384 1505 dulgentiam,
409 1444 592 1508 pignore
615 1442 965 1507 incorruptibilis
986 1441 1135 1487 salutis
1157 1450 1357 1504 accepto,
1381 1455 1477 1503 poe-

98 1532 175 1561 nas
200 1526 343 1562 tamen
362 1515 462 1564 vitae
486 1515 620 1575 hujus
645 1515 691 1560 in
712 1515 829 1560 bono
851 1530 931 1560 usu
952 1529 1100 1559 earum
1135 1510 1315 1557 tolerare
1340 1510 1476 1571 jube-

99 1597 250 1632 rentur
271 1623 282 1643 ,
332 1603 434 1633 cum
478 1586 675 1632 mercede
718 1585 943 1650 patientiae
961 1621 972 1641 ,
1029 1583 1175 1647 potius
1220 1599 1352 1645 quam
1393 1579 1477 1626 illis

100 1667 369 1703 mererentur
388 1658 513 1704 etiam
534 1669 634 1721 post
654 1657 945 1703 remissionem
970 1664 1256 1718 peccatorum
1279 1668 1439 1698 carere.

167 1728 297 1775 CLV.
320 1728 427 1774 JUL.
445 1729 533 1774 «At
556 1739 603 1774 tu
622 1739 774 1774 contra
798 1727 886 1772 hoc
909 1726 1115 1772 ultimum
1136 1734 1252 1770 totus
1271 1722 1477 1782 insurgis3

101 1809 254 1845 etcum
268 1799 314 1845 in
328 1815 460 1845 unam
473 1816 625 1845 navem
639 1815 742 1844 cum
757 1797 1006 1845 Manichaeo
1024 1795 1280 1851 ascenderis,
1292 1808 1481 1856 cumque

101 1868 218 1915 idem
240 1869 418 1933 spiritus
439 1886 615 1916 cursum
639 1880 831 1916 vestrum
857 1868 1086 1923 direxerit,
1114 1866 1363 1912 transmisso
1387 1867 1480 1923 jam

101 1938 231 1996 freto,
262 1941 420 2002 putasti
442 1941 521 1985 tibi
548 1950 690 1985 tamen
714 1940 760 1985 in
780 1939 901 1984 littus
916 1937 1033 1983 aliud
1052 1935 1481 1987 exeundum,Verum

103 2008 213 2055 forte
231 2009 394 2056 dilectu
409 2010 608 2056 utilitatis
626 2009 836 2072 proximae
857 2007 1125 2054 tolerabilior
1149 2007 1226 2051 fiat
1243 2002 1481 2050 licettarda

105 2080 340 2127 cunctatio.
363 2080 414 2125 ln
437 2097 567 2144 quem
586 2080 718 2139 igitur
731 2089 908 2142 portum
922 2077 1145 2137 navigium
1159 2075 1335 2134 dirigis?
1350 2073 1478 2128 Dico,

103 2150 263 2214 inquiS,
291 2150 460 2196 bonum
487 2150 664 2214 quidem
685 2151 827 2195 Deum
845 2165 948 2204 esse,
982 2146 1184 2193 eumdem
1206 2155 1347 2190 tamen
1372 2160 1483 2212 con-

105 2220 292 2267 ditorem
316 2221 545 2268 malorum.
575 2221 616 2267 O
640 2219 823 2284 periculi
847 2218 991 2279 fugam
1014 2219 1060 2263 in
1088 2214 1291 2280 scopulos
1315 2225 1454 2260 actam
1471 2251 1482 2271 ‚

104 2302 242 2338 totam
266 2292 504 2338 Manichaei
528 2293 738 2340 sentinam
762 2308 893 2356 super
913 2307 1012 2336 eum
1036 2287 1255 2334 effundere
1272 2285 1480 2342 voluisse,

107 2378 238 2426 quem
257 2365 400 2408 Deum
424 2363 619 2426 putaris?
639 2384 658 2404 »

173 2434 293 2480 AUG.
323 2433 551 2496 Numquid
581 2443 626 2479 tu
649 2449 777 2493 negas
796 2469 806 2488 ,
847 2431 976 2477 etiam
1000 2430 1045 2475 in
1081 2428 1204 2474 malis
1229 2426 1485 2472 hominibus

108 2503 272 2549 bonam
305 2520 391 2549 esse
415 2514 613 2549 naturam
647 2515 689 2549 et
713 2502 847 2549 animi
872 2512 913 2547 et
938 2499 1167 2563 corporis?
1208 2498 1349 2556 HUJus
1380 2496 1486 2542 boni

109 2585 170 2621 est
189 2574 391 2621 conditor
408 2576 524 2621 Deus
539 2594 549 2632 ;
569 2574 689 2638 quod
704 2574 978 2620 Maniehaeus
999 2570 1163 2617 malum
1182 2568 1307 2623 dicit,
1323 2578 1364 2613 et
1379 2567 1485 2613 huic

109 2646 229 2692 bono
255 2645 377 2708 quod
396 2645 560 2693 malum
581 2645 706 2702 dicit,
731 2644 898 2690 malum
922 2642 1110 2706 assignat
1127 2650 1359 2687 auctorem.
1387 2638 1484 2683 Non
