1824 3236
131 225 288 255 OPERIS
325 225 586 254 IMPERFEC'H
624 223 798 253 CONTRA
833 224 1077 263 JULIANUM,
1118 225 1204 255 LIB.
1248 225 1308 255 Vl.
1362 211 1454 270 427

82 289 285 354 paradiso
307 289 454 334 futura
482 289 610 334 fnisse
631 305 716 333 non
742 288 879 333 solum
909 299 968 333 tot
993 300 1036 333 et
1058 300 1175 334 tanta
1202 306 1329 335 onera
1361 307 1457 335 mo-

82 360 301 406 lestiarum
319 396 330 413 ‚
356 376 462 421 quas
484 358 679 403 videmus
705 358 909 420 parvulos
934 358 1066 411 ferre3
1087 360 1371 404 verumetiam
1393 370 1457 404 tot

84 441 125 476 et
146 440 265 475 tanta
289 430 392 476 vitia
414 430 682 489 ingeniorum
704 440 745 474 et
767 445 1003 490 corporum
1020 466 1030 483 ‚
1053 445 1154 474 cum
1177 430 1340 492 quibus
1358 430 1455 492 ple-

82 501 206 563 rique
233 510 483 546 naseuntur.
515 500 566 544 ln
592 516 679 561 quo
703 499 919 544 felicitatis
945 510 984 543 et
1017 499 1173 562 quietis
1203 500 1299 545 loco
1327 501 1455 546 etiam

79 581 322 634 susceptam
345 580 526 615 vestram
544 607 554 621 ,
578 587 663 632 qua
683 586 784 614 caro
810 569 1086 631 concupiscit
1109 569 1309 615 adversus
1326 570 1458 632 spiri-

79 651 173 693 tum
191 677 203 696 ,
225 639 452 686 libidinem
476 640 636 704 ponitis
653 658 662 696 3
681 651 722 685 et
751 657 828 685 nos
845 639 922 702 qui
953 656 1045 684 eam
1073 650 1277 702 tanquam
1300 640 1457 686 adver-

76 709 236 759 sarium
263 710 419 758 vitium
443 722 594 757 contra
625 710 959 774 concupiscente
977 710 1134 772 spiritu
1157 710 1425 756 debellamus
1443 747 1454 767 ,

77 780 232 834 clausis
267 780 404 827 oculis
433 782 642 828 accusatis
667 782 783 827 velut
810 781 971 826 amicos
996 780 1233 843 voluptatis
1266 791 1309 825 et
1328 781 1458 826 luxu-

79 852 186 904 riae3
216 851 260 898 in
281 868 412 915 quam
431 852 576 897 nullus
601 852 808 912 flagitiose
833 868 883 896 ac
900 851 1087 913 turpiter
1111 850 1257 906 cadit,
1285 850 1365 896 nisi
1384 850 1461 912 qui

79 933 232 968 vestrae
253 922 317 969 illi
339 934 551 985 susceptae
565 960 574 973 ,
592 941 723 987 quam
744 939 821 968 nos
841 922 1062 982 arguimus
1076 959 1087 978 ‚
1109 938 1184 967 vos
1200 920 1430 967 defenditis
1444 957 1456 977 ,

79 991 330 1039 sollicitanti
348 992 631 1056 suadentique
655 995 884 1039 consentit.

147 1062 221 1107 lV.
248 1063 347 1108 JcL.
381 1083 401 1103 «
428 1063 585 1108 Verum
601 1065 704 1126 quia
728 1074 769 1108 et
792 1064 835 1108 in
864 1063 1006 1126 primo
1022 1072 1063 1106 et
1085 1061 1130 1106 in
1151 1061 1354 1124 praesenti
1372 1078 1462 1107 cer-

82 1131 241 1177 tamine
259 1168 270 1188 ,
308 1134 682 1192 argumentatione
708 1134 935 1194 Augustini
958 1133 1113 1178 claruit
1140 1149 1226 1180 non
1250 1150 1337 1178 esse
1364 1148 1461 1178 eum

82 1201 461 1248 Traducianorum
500 1204 664 1259 Deum,
700 1221 830 1267 quem
863 1204 1100 1249 Christiani
1129 1207 1297 1264 justum
1332 1211 1461 1266 atque

81 1272 279 1318 omnium
323 1272 594 1318 conditorem
630 1275 879 1319 concinenti
916 1275 1147 1325 assertione
1174 1284 1459 1326 venerantur3

83 1343 295 1406 praecipio
317 1348 410 1403 jam
445 1345 617 1401 animo,
656 1361 744 1407 quo
769 1345 947 1408 plurimi
981 1361 1133 1390 eorum
1160 1361 1363 1407 quoque,
1387 1344 1461 1406 qui

83 1429 202 1467 caeco
215 1431 358 1460 errore
374 1414 617 1478 lapsisunt‚
637 1415 706 1462 his
731 1416 883 1475 agnitis
904 1415 1191 1474 corrigantur.
1216 1436 1234 1455 >³

151 1485 263 1532 Aue.
307 1485 402 1530 Imo
417 1502 540 1541 vero,
564 1486 633 1530 his
652 1486 806 1544 agnitis
822 1522 831 1539 ‚
852 1502 952 1548 quae
971 1495 1044 1530 tuo
1056 1485 1199 1531 fallaci
1213 1484 1466 1547 vaniloquio

81 1554 322 1601 secundum
342 1556 533 1602 veritatis
558 1556 869 1619 respondemus
899 1556 1119 1619 eloquium
1138 1593 1148 1610 ‚
1179 1556 1391 1601 neminem
1417 1555 1462 1600 in

85 1641 227 1671 errore
246 1625 422 1671 haeresis
448 1637 598 1672 vestrae
623 1626 705 1671 nisi
735 1626 869 1672 nimia
901 1625 1103 1672 vecordia
1122 1625 1188 1677 vel
1222 1620 1466 1688 pervicacia

85 1694 316 1742 detinebit.

152 1766 335 1827 VrJUL·
366 1788 387 1809 c<
411 1768 563 1814 Credit
585 1769 752 1832 quippe
792 1768 1021 1814 adversum
1051 1784 1130 1820 nos
1161 1766 1434 1819 Manichaeus
1454 1801 1463 1815 ,

88 1836 344 1889 naturaliter
384 1839 586 1885 mortales
627 1839 672 1884 in
709 1839 871 1898 flagitia
908 1837 1190 1901 facinoraque
1227 1836 1432 1900 compelli
1452 1853 1463 1880 :

88 1909 296 1971 opinatur
328 1909 607 1955 tenebrarum
637 1910 847 1969 originem
875 1920 917 1954 et
941 1909 1207 1972 corporibus
1242 1907 1465 1954 materiam

88 1989 131 2025 et
147 1977 404 2024 criminibus
425 1980 695 2042 praestitisse;
722 1979 993 2043 voluptatem
1021 1995 1194 2025 sexuum
1220 1979 1362 2024 tabem
1383 1995 1470 2024 esse

89 2049 254 2110 generis
273 2049 453 2101 humani
467 2087 477 2105 ,
500 2051 884 2111 assertriceinjuris
897 2050 1106 2097 diaboli-ci
1121 2086 1132 2104 ,
1153 2049 1253 2096 etin
1273 2050 1470 2103 universa

90 2120 304 2168 dedecora
328 2120 558 2168 hominum
578 2124 852 2169 coactricem.
876 2123 1016 2178 Quem
1047 2120 1350 2171 Traducianus
1373 2137 1472 2166 om—

90 2190 292 2245 nifariam
311 2202 504 2248 secutus,
532 2193 702 2258 quippe
722 2197 812 2254 ejus
833 2193 973 2238 haeres
1003 2203 1045 2238 et
1070 2191 1239 2238 soboles
1259 2228 1269 2246 ,
1291 2203 1473 2237 natura-

92 2261 150 2308 lia
181 2262 388 2318 crimina,
426 2274 632 2311 aeternam
656 2264 710 2310 de
741 2265 968 2310 tenebroso
994 2262 1135 2313 nihilo
1161 2261 1264 2310 mali
1287 2263 1473 2309 necessi-

95 2343 225 2378 tatem
251 2369 261 2388 ‚
292 2342 335 2377 et
370 2334 640 2381 affectionem
678 2336 874 2381 sensibus
915 2334 1173 2381 destinatam
1211 2333 1471 2386 Sanctorum

96 2403 291 2449 omnium
314 2403 591 2466 pollutricem
626 2417 756 2470 atque
781 2406 1013 2467 imaginem
1049 2405 1130 2457 Dei
1152 2404 1199 2451 in
1222 2421 1352 2465 regno
1374 2404 1476 2458 dia-

97 2472 190 2519 boli
205 2472 489 2520 collocantem
513 2512 523 2530 ,
545 2476 739 2522 oratione
760 2476 997 2542 multiplici
1020 2485 1214 2529 testatur.
1240 2496 1260 2517 ›>

168 2545 284 2590 Am.
327 2544 596 2592 Manichaeus
636 2557 837 2595 naturam
878 2546 980 2592 mali
1021 2545 1360 2592 substantialiter
1385 2547 1474 2592 Deo
