1824 3236
278 201 370 248 310
700 218 736 250 5.
778 217 1024 251 Aucusrml
1059 221 1264 253 EPISCOPI

280 285 408 328 rum?
428 283 595 347 Nempe
617 294 665 329 ut
688 284 822 331 corda
847 285 1071 332 homiuum
1092 305 1192 351 quae
1210 288 1385 335 adversa
1405 301 1505 336 sunt
1522 291 1659 349 vobis,

279 353 327 399 111
351 363 539 399 vestrum
561 354 748 401 favorem
770 366 810 401 et
834 374 1020 402 amorem
1034 371 1272 407 convertat.
1296 360 1342 406 Si
1357 361 1442 407 hoc
1463 362 1657 419 creditis,

280 423 545 486 profecistis3
574 444 648 473 vos
667 427 784 490 ipsos
803 439 1069 486 convertere,
1094 447 1168 476 vos
1190 431 1305 494 ipsos
1328 431 1373 477 iu
1394 432 1544 478 melius
1566 450 1660 479 mu-

279 506 370 542 tare
384 500 477 556 jani
503 498 654 561 coepit.
685 500 882 559 Cogitate
898 535 909 556 ,
934 517 1082 564 quaeso
1099 537 1109 557 ,
1133 502 1247 548 istud
1268 540 1278 560 ‚
1307 514 1436 567 atque
1457 504 1658 560 retinete,

278 568 547 632 tandemque
568 569 764 616 fatemini
782 571 951 633 operari
976 572 1318 636 omnipotentem
1345 575 1483 619 Deum
1506 575 1552 620 in
1569 591 1666 620 cor-

282 639 414 686 dibus
446 639 680 686 hominum
708 640 979 698 voluntates,
1010 660 1266 706 aversosque
1291 655 1569 690 convertere:
1606 644 1665 690 ita

281 715 373 772 ejus
397 711 740 759 misericordiam
765 713 1033 776 gratiamque
1057 715 1229 777 sapietis
1253 731 1264 760 :
1291 726 1333 759 et
1356 716 1433 760 ubi
1467 716 1552 762 hoe
1578 734 1666 762 11011

282 783 395 843 agit,
427 782 596 842 judicia
634 784 809 830 occulta
831 822 841 840 ‚
869 783 941 829 sed
968 787 1103 843 justa.
1138 786 1210 830 Sic
1234 796 1333 831 vota
1359 798 1502 831 nostra
1522 787 1667 850 potius

278 854 470 900 fortassis
510 855 740 912 exaudiet,
786 865 833 901 ut
860 872 936 901 vos
973 855 1028 900 ad
1064 855 1196 902 fidem
1221 856 1485 903 catholicam
1510 894 1521 913 ,
1557 857 1670 903 sicut

282 925 579 972 Turbantium
614 927 747 989 paulo
780 937 879 973 ante
913 929 1104 974 vestrum
1128 965 1139 984 ,
1167 945 1285 975 nunc
1324 946 1425 975 vero
1461 945 1561 974 ecce
1581 929 1670 990 jam

280 1006 507 1053 nostrum,
543 996 674 1042 simili
714 1014 788 1043 sua
822 998 1072 1060 operatione
1103 1009 1232 1063 atque
1262 999 1537 1046 miseratione
1559 1017 1671 1046 con--

282 1077 439 1114 vertat.

347 1137 399 1184 V.
431 1138 534 1185 JUL.
578 1159 599 1181 «
627 1138 712 1185 Sed
734 1142 827 1200 jam
863 1140 1166 1200 aggrediamur
1203 1141 1257 1187 ad
1282 1158 1470 1187 causam.
1503 1141 1675 1188 Claruit

284 1219 374 1254 tam
396 1208 542 1272 priore
562 1227 695 1274 quam
716 1211 920 1274 praesenti
945 1229 1099 1275 opere,
1128 1212 1528 1276 concupiscentiam
1549 1223 1674 1258 uatu-

284 1280 444 1338 ralem,
471 1281 562 1326 sine
596 1298 683 1345 qua
718 1300 895 1328 sexuum
934 1300 1024 1328 11011
1050 1294 1301 1347 potestesse
1333 1284 1583 1329 commixtio
1601 1321 1611 1338 ‚
1653 1301 1675 1329 a

288 1352 407 1409 Deo,
428 1353 503 1416 qui
524 1363 586 1398 est
609 1364 652 1398 et
675 1353 908 1400 hominum
930 1364 972 1400 et
995 1354 1219 1417 pecudum
1243 1354 1469 1410 conditor,
1496 1354 1676 1400 institu-

288 1434 392 1469 tam.
426 1423 559 1478 Quod
587 1434 757 1469 tantum
783 1425 897 1470 valet
916 1462 925 1478 ,
956 1425 1221 1471 confessione
1246 1443 1422 1489 quoque
1445 1424 1679 1471 adversarii

287 1493 390 1549 mei,
419 1503 467 1539 ut
490 1493 579 1540 sine
611 1499 702 1555 eJ'us
724 1495 1046 1559 vituperatione
1066 1533 1076 1551 ‚
1111 1497 1154 1541 id
1176 1508 1237 1542 est
1258 1534 1269 1553 ,
1298 1496 1483 1542 carnalis
1510 1512 1679 1541 concu-

287 1564 532 1627 piscentiae,
555 1575 596 1610 et
612 1566 994 1612 sineinfiunatione
1009 1567 1344 1623 commixtionis,
1368 1567 1495 1613 asseri
1510 1566 1681 1630 penitus

289 1652 380 1680 non
400 1635 537 1699 possit
559 1637 756 1683 naturale
774 1650 1021 1701 peccatum„
1041 1660 1061 1680 ›>

359 1708 473 1753 ΑΕΘ.
517 1709 930 1772 Concupiscentiam
953 1709 1040 1754 sive
1064 1708 1326 1762 naturalem,
1352 1709 1440 1755 sive
1459 1709 1680 1754 carnalem

294 1779 378 1825 tibi
404 1779 573 1843 placeat
600 1780 840 1844 appellare,
867 1798 960 1826 earn
987 1798 1064 1826 1105
1086 1781 1488 1845 concupiscentiam
1508 1781 1683 1843 vitupe-

294 1867 445 1896 ramus
462 1888 473 1907 ‚
502 1869 588 1915 qua
606 1869 706 1897 earo
732 1852 1008 1915 concupiscit
1028 1851 1231 1897 adversus
1248 1852 1470 1915 spiritum,
1489 1862 1531 1896 et
1550 1851 1685 1896 trahit

299 1922 355 1968 ad
388 1921 541 1968 illicita
563 1959 573 1979 ‚
602 1923 682 1968 nisi
709 1934 749 1968 et
775 1923 953 1986 spiritus
987 1922 1191 1969 adversus
1220 1940 1311 1968 eam
1336 1922 1491 1968 fortius
1517 1939 1683 1967 coucu-

298 1994 454 2058 piseat.
476 1998 602 2041 Hanc
619 1994 927 2040 dissensionem
943 1994 988 2040 in
1006 1995 1210 2059 paradiso
1233 1995 1419 2040 dicimus
1438 2012 1525 2039 11011
1539 1993 1685 2049 fuisse,

299 2064 481 2128 quando
501 2066 578 2128 qui
600 2065 664 2111 ibi
690 2077 841 2122 erant,
866 2065 974 2111 nudi
993 2075 1113 2112 erant
1129 2103 1139 2121 ,
1164 2077 1206 2111 et
1237 2083 1327 2111 11011
1360 2064 1690 2110 confundeban-

306 2146 391 2182 tur.
423 2136 550 2181 Hanc
571 2144 671 2199 post
689 2147 923 2200 peccatum
950 2154 1035 2182 esse
1053 2137 1238 2200 coepisse
1254 2173 1264 2192 ‚
1291 2136 1387 2199 ipsa
1414 2153 1479 2181 res
1500 2134 1660 2181 clamat
1679 2153 1689 2191 ;

300 2205 663 2270 quandoquidem
699 2217 798 2270 post
824 2217 1055 2271 peccatum
1094 2206 1303 2271 pudenda
1333 2217 1528 2254 texerunt
1549 2243 1560 2263 ,
1591 2223 1693 2270 quae

302 2277 426 2341 prius
443 2276 655 2340 pudenda
680 2295 768 2324 non
791 2277 977 2326 fuerant.
1010 2279 1162 2342 Neque
1183 2289 1232 2324 ut
1253 2277 1371 2324 nuda
1394 2278 1517 2341 prius
1534 2288 1689 2333 essent,

299 2348 593 2413 impudentia,
623 2349 697 2396 sed
721 2350 974 2396 innocentia
1000 2348 1215 2396 faciebat:
1244 2350 1347 2414 quia
1362 2360 1403 2396 et
1419 2349 1694 2413 impudentia

300 2420 458 2466 vitium
479 2431 565 2475 est;
596 2420 659 2466 illi
680 2432 823 2467 autem
851 2421 1032 2486 quando
1064 2439 1134 2467 eos
1163 2420 1304 2467 nudos
1328 2438 1414 2467 esse
1437 2438 1526 2467 non
1548 2419 1693 2484 pude-

298 2490 395 2547 bat,
421 2493 574 2556 utique
598 2492 756 2539 vitium
780 2511 869 2539 non
887 2493 1132 2540 habebant.
1158 2493 1257 2539 Hoc
1277 2509 1378 2553 ergo
1400 2491 1583 2547 malum,
1605 2508 1693 2555 quo

299 2580 401 2613 caro
423 2563 697 2628 concupiscit
728 2564 931 2614 adversus
958 2564 1160 2631 spiritum
1177 2602 1189 2623 ,
1227 2564 1464 2612 haereticus
1493 2562 1694 2611 Julianus
