1863 3262
335 264 397 311 86
762 277 796 304 5.
841 275 1086 305 Auous‘rmi
1122 273 1324 304 EPISCOPI

339 346 477 394 tivum
497 383 507 401 ‚
534 344 579 389 id
597 354 682 399 est,
704 358 791 388 non
813 341 1019 397 liberum,
1041 357 1172 404 quam
1193 351 1240 386 ut
1258 341 1369 386 inter
1387 340 1475 387 duo
1498 343 1716 390 contraria

337 417 415 464 uni
458 415 753 462 vindicaretur
792 411 1018 457 addictum
1063 428 1073 455 ε
1112 421 1153 456 et
1194 411 1290 457 ideo
1328 429 1486 458 nomen
1524 412 1715 461 libertati

336 486 604 552 captivitatis
620 484 846 545 negatione
872 481 1159 528 tribuendum
1178 520 1190 539 ,
1219 492 1267 528 ut
1290 484 1496 547 quoniam
1521 483 1568 530 id
1594 484 1714 548 quod

334 557 525 605 liberum
541 573 626 602 non
641 566 749 609 erat,
772 553 894 599 alteri
912 552 964 598 de
979 552 1204 599 contrariis
1220 565 1444 614 cogeretur
1462 555 1713 612 adhaerere3

331 629 442 676 illud
459 627 685 675 adversum
696 627 751 681 ei,
769 624 815 670 id
833 633 911 680 est,
928 624 1116 669 liberum
1129 634 1283 671 neutro
1296 625 1506 672 sineretur
1523 625 1714 674 addici.»

400 702 517 747 Am.
554 697 674 755 Quid
699 707 846 760 aperta
872 695 1073 759 implicas
1097 695 1362 759 loquacitate
1392 696 1623 760 perplexa?
1645 697 1714 744 Ad

329 768 495 817 malum
520 767 632 814 liber
654 778 735 824 est,
761 767 839 831 qui
861 766 1085 812 voluntate
1107 768 1192 827 agit
1215 767 1346 823 mala,
1376 777 1451 812 aut
1470 784 1617 830 opere,
1640 778 1714 813 aut

329 857 550 896 sermone,
572 849 646 885 aut
669 849 782 885 certe
803 837 892 883 sola
910 837 1170 898 cogitatione
1194 856 1204 883 ε
1236 838 1324 884 1106
1351 848 1494 884 autem
1515 838 1715 898 grandio-

328 914 387 960 ris
413 912 550 959 aetatis
574 911 672 975 quis
693 909 925 956 hominum
960 927 1048 955 non
1077 912 1252 973 potest?
1283 909 1350 955 Ad
1374 909 1543 955 bonum
1570 919 1714 956 autem

326 983 439 1031 liber
458 993 546 1041 est,
571 981 649 1046 qui
671 980 895 1027 voluntate
918 980 1035 1026 bona
1061 980 1147 1040 agit
1178 981 1295 1026 bona
1315 1018 1325 1037 ,
1365 980 1495 1026 etiam
1520 981 1612 1044 ipse
1640 991 1716 1026 aut

326 1072 472 1119 opere,
503 1064 578 1099 aut
601 1069 812 1108 sermone,
839 1062 913 1097 aut
939 1062 1053 1098 certe
1077 1051 1165 1097 sola
1187 1051 1448 1112 cogitatione
1478 1070 1488 1096 ε
1525 1051 1599 1097 sed
1627 1050 1715 1098 1106

325 1125 415 1172 51116
433 1124 516 1170 Dei
534 1123 670 1184 gratia
695 1121 840 1167 nullus
857 1122 1090 1167 hominum
1109 1131 1267 1185 potest.
1301 1122 1434 1179 Quod
1457 1122 1490 1168 si
1512 1122 1621 1168 dicis
1638 1122 1716 1169 ali-

324 1213 456 1260 quem
482 1211 623 1259 posse,
647 1192 912 1239 contradicis
931 1192 967 1238 ei
986 1193 1061 1255 qui
1085 1192 1215 1249 dixit,
1244 1215 1264 1234 «
1281 1192 1382 1238 Sine
1407 1210 1476 1238 me
1501 1192 1613 1238 nihil
1631 1210 1712 1256 po-

326 1287 348 1309 »
368 1266 485 1312 testis
514 1264 655 1310 facere
671 1262 703 1308 1.
719 1285 739 1305 »
764 1263 1039 1309 Contradicis
1059 1264 1189 1309 etiam
1212 1263 1275 1309 illi
1299 1263 1377 1327 qui
1402 1262 1509 1308 dixit
1528 1300 1538 1319 ‚
1574 1284 1594 1304 α
1613 1264 1715 1309 Non

325 1359 347 1380 ›)
375 1337 480 1401 quia
501 1334 648 1382 idonei
670 1351 818 1380 sumus
843 1334 1030 1394 cogitare
1061 1334 1229 1399 aliquid
1257 1334 1382 1399 quasi
1405 1352 1453 1379 ex
1476 1334 1713 1379 nobismet-

328 1429 350 1450 »
369 1406 474 1470 ipsis
493 1443 504 1462 ,
538 1404 611 1450 sed
634 1404 891 1451 sufficientia
923 1415 1070 1450 nostra
1095 1423 1142 1451 ex
1164 1407 1255 1450 Deo
1281 1415 1342 1450 est
1358 1404 1391 1451 2.
1415 1428 1432 1445 n
1460 1405 1573 1449 Puto
1593 1404 1714 1468 quod

325 1476 446 1524 aliud
471 1475 607 1531 boni,
634 1491 721 1520 non
741 1474 868 1527 mali,
896 1492 986 1520 non
1011 1492 1052 1520 se
1074 1475 1181 1521 dixit
1201 1492 1248 1520 ex
1271 1475 1499 1538 semetipso
1523 1475 1713 1535 cogitare

324 1547 532 1595 idoneum
553 1583 564 1602 ,
604 1544 676 1591 sed
711 1562 757 1591 ex
796 1546 902 1592 Deo.
947 1546 1011 1591 De
1046 1545 1309 1605 cogitatione
1347 1556 1489 1591 autem
1524 1544 1643 1591 bona
1666 1556 1707 1591 et

322 1635 462 1665 sermo
481 1616 625 1662 bonus
647 1625 736 1672 est,
762 1626 803 1661 et
828 1633 938 1680 opus
960 1616 1143 1664 bonum.
1176 1618 1239 1663 Ac
1258 1635 1337 1681 per
1356 1616 1444 1663 hoe
1460 1654 1472 1674 ‚
1500 1616 1577 1680 qui
1597 1616 1712 1677 cogi-

325 1700 414 1736 tare
434 1687 601 1752 aliquid
624 1687 732 1733 boni
758 1687 939 1734 idoneus
960 1706 1047 1734 non
1068 1701 1130 1735 est
1151 1707 1198 1735 ex
1224 1690 1453 1752 semetipso
1474 1726 1485 1745 ,
1510 1687 1708 1752 profecto

322 1781 402 1809 nec
415 1761 606 1825 loquiest
625 1760 825 1818 idoneus,
848 1779 927 1807 nec
944 1780 1065 1822 agere
1079 1762 1245 1827 aliquid
1269 1761 1375 1807 boni
1389 1779 1435 1806 ex
1451 1761 1677 1825 semetipso
1696 1781 1706 1808 :

323 1835 397 1882 sed
410 1834 443 1880 si
454 1844 515 1879 est
539 1832 620 1878 sub
639 1833 772 1892 gratia
789 1870 799 1889 ‚
825 1832 1079 1879 sufficientia
1099 1838 1189 1895 ejus
1203 1852 1249 1879 ex
1271 1836 1362 1879 Deo
1374 1844 1448 1879 est.
1467 1831 1593 1879 Unde
1618 1833 1710 1880 dic-

321 1918 416 1954 tum
434 1916 513 1962 est,
536 1904 671 1949 «Non
689 1903 804 1949 6111111
827 1921 903 1950 vos
925 1905 1022 1951 estis
1040 1906 1115 1969 qui
1140 1904 1372 1970 loquimini
1390 1941 1400 1960 ‚
1425 1904 1499 1949 sed
1521 1903 1710 1967 Spiritus

320 2000 343 2021 »
367 1975 510 2024 Patris
533 1974 661 2022 vestri
685 1975 761 2038 qui
782 1974 978 2040 loquitur
1000 1976 1045 2021 in
1068 1976 1194 2023 vobis
1211 1976 1242 2023 3.
1267 1998 1286 2017 »
1317 1977 1395 2032 Et,
1437 1996 1457 2016 «
1482 1974 1712 2040 Quotquot

321 2072 343 2092 »
366 2047 536 2111 Spiritu
549 2045 630 2092 Dei
641 2057 846 2105 aguntur,
865 2046 912 2091 hi
925 2046 1117 2092 filiisunt
1128 2047 1207 2093 Dei
1220 2046 1254 2093 4.
1265 2068 1284 2088 ›>
1299 2046 1409 2092 Haec
1420 2063 1497 2107 ego
1515 2046 1704 2104 intuens,

319 2120 538 2168 neminem
559 2135 645 2163 esse
662 2118 852 2163 liberum
872 2118 927 2164 ad
954 2120 1170 2179 agendum
1191 2120 1360 2164 bonum
1382 2117 1473 2163 sine
1491 2117 1707 2179 adjutorio

319 2191 420 2247 Dei,
433 2188 535 2236 dixi.
553 2188 661 2234 Haec
675 2198 721 2233 tu
741 2199 952 2245 metuens,
970 2190 1186 2236 neminem
1203 2206 1288 2235 esse
1304 2188 1493 2234 liberum
1513 2187 1567 2234 ad
1581 2207 1709 2250 agen-

317 2261 427 2308 dum
444 2261 633 2315 bonum,
646 2276 712 2304 1116
724 2257 874 2305 dixisse
885 2259 1046 2315 dixisti,
1064 2270 1106 2305 et
1120 2261 1209 2306 sine
1232 2259 1449 2319 adjutorio
1471 2259 1548 2304 Dei
1568 2260 1705 2325 (quod

318 2330 489 2393 addidi)
503 2329 726 2376 sustulisti.
743 2329 867 2376 Unde
877 2348 965 2377 non
978 2330 1134 2377 dubito
1150 2330 1270 2395 quod
1287 2330 1454 2376 victum
1466 2340 1506 2376 te
1518 2348 1603 2377 esse
1610 2336 1706 2393 jam

315 2404 452 2456 scias;
476 2399 549 2447 sed
571 2399 740 2464 prolixo
755 2401 1006 2464 vaniloquio
1024 2401 1070 2447 id
1094 2420 1211 2462 agas,
1228 2420 1281 2448 116
1301 2401 1443 2448 victus
1467 2420 1698 2468 appareas,

316 2474 394 2539 qui
406 2473 468 2520 516
478 2471 632 2519 definis
642 2470 826 2518 liberam
835 2472 1104 2520 voluntatem
1112 2511 1123 2532 ‚
1139 2485 1186 2520 ut
1195 2474 1275 2520 nisi
1290 2484 1541 2538 utrumque,
1561 2475 1605 2521 id
1617 2488 1700 2534 est,

363 2582 375 2604 ¹
402 2584 498 2614 Joan.
530 2590 597 2619 xv,
627 2579 660 2613 5.
688 2597 734 2603 —
763 2577 779 2600 2
807 2581 887 2614 Cor.
918 2591 978 2620 111,
1007 2581 1039 2611 5.
1070 2597 1115 2603 -
1144 2577 1158 2603 3
1184 2579 1304 2612 Matth.
1336 2591 1382 2622 x,
1417 2591 1474 2616 20.
1495 2600 1538 2606 —
1565 2579 1580 2604 4
1600 2584 1697 2617 Rom,

317 2650 380 2672 πη
396 2660 404 2676 ,
438 2643 492 2674 14.
