1824 3236
200 312 356 345 opums
391 310 654 344 mrnnrrcri
688 309 867 342 CONTRA
900 310 1146 354 JULIANUM,
1185 313 1272 346 mn.
1314 313 1356 347 v.
1435 299 1527 366 307

153 390 299 428 ventre
323 378 471 426 matris
500 393 649 424 eorum
674 377 793 437 gravi
820 380 928 438 jugo
954 390 1231 442 premuntur,
1259 381 1403 428 dicere
1439 383 1530 430 sine

154 452 284 498 ullius
295 448 512 511 originalis
531 448 701 512 peccati
715 448 869 494 mer-ito
892 449 984 494 fieri
999 486 1009 506 ‚
1033 467 1120 496 non
1141 452 1329 498 timetis?
1351 454 1395 500 Si
1410 471 1533 500 sanc-

154 534 223 569 tus
238 533 301 569 est
324 523 370 568 in
392 519 598 584 operibus
613 556 624 576 ‚
647 536 727 565 cur
751 519 797 565 in
822 520 1086 567 munditiam
1107 524 1400 582 nascentium,
1429 543 1529 590 quae

153 594 378 640 hominem
396 590 475 637 Dei
491 589 635 637 dicere
654 591 870 654 compulit
889 628 900 648 ,
921 609 1010 638 non
1031 609 1118 639 esse
1137 595 1353 641 mundum
1367 614 1390 642 a
1407 597 1534 644 sorde

155 662 370 728 peccand,
394 678 473 707 nec
490 660 699 706 infantem
711 665 837 722 qu'us
854 672 915 707 est
933 662 1019 708 diei
1046 664 1173 710 unius
1189 665 1279 711 vita
1298 682 1428 731 super
1442 679 1532 713 ter-

154 752 247 780 ram
264 771 274 790 ‚
300 734 354 779 ab
372 736 465 793 ejus
479 742 630 777 sancto
655 732 832 796 opificio
850 750 938 796 quo
959 744 1159 780 naturam
1178 735 1337 783 format
1351 776 1363 794 ‚
1385 756 1538 802 quam-

155 805 219 852 vis
252 803 428 863 originis
463 802 718 863 contagione
752 803 966 867 pollutam
987 842 998 861 ‚
1035 804 1277 853 discernere
1301 810 1535 864 recusatis3

157 886 286 939 atque
306 875 366 920 ita
383 873 489 920 vitia
509 884 551 919 et
575 873 846 933 ingeniorum
873 885 1168 940 etcorporum
1191 887 1280 923 tam
1304 880 1442 926 multa
1460 917 1472 937 ‚
1499 891 1543 926 ct

157 945 392 1009 aliquando
418 955 507 991 tam
541 962 697 1005 magna
715 983 725 1003 ,
766 958 915 993 sancto
942 951 1032 1008 ejus
1060 948 1240 1011 opificio
1265 962 1425 998 cuncta
1458 952 1543 998 tri-

157 1017 322 1063 buitis?
361 1017 474 1073 Quae
513 1015 707 1062 nolentes
741 1018 934 1065 tribuere
970 1018 1247 1066 venientibus
1290 1019 1345 1067 de
1383 1033 1541 1069 natura

157 1098 339 1151 peccato
368 1087 606 1150 depravata
629 1087 914 1147 originalibus
939 1089 1128 1144 meritis;
1150 1090 1349 1154 profecto
1374 1092 1544 1140 aditum

160 1159 474 1223 amplissimum
511 1157 566 1204 ad
596 1157 780 1205 alienam
814 1160 918 1207 mali
947 1171 1151 1207 naturam
1178 1161 1547 1211 introducendam

159 1230 421 1277 Manichaeis
441 1229 757 1277 execrabilibus
785 1232 987 1297 aperitis3
1012 1250 1203 1297 quorum
1239 1234 1398 1295 dogma
1421 1236 1547 1283 nefa-

159 1303 274 1348 rium
294 1302 420 1366 quasi
437 1301 648 1348 accusatis
671 1301 897 1350 horrentes
912 1342 924 1362 ‚
946 1321 1047 1351 cum
1072 1304 1285 1365 adjuvetis
1303 1318 1509 1356 errantes.

225 1374 310 1420 ΙΙΙ,
339 1374 366 1418 J
373 1389 439 1420 ur„
471 1393 492 1414 «
511 1372 592 1418 His
620 1372 682 1418 ita
702 1374 883 1434 negotiis
909 1375 1126 1421 librorum
1146 1393 1344 1424 meorum
1368 1396 1548 1443 operam

161 1444 443 1503 destinatam,
479 1443 587 1490 mali
620 1444 830 1491 naturalis
863 1455 1046 1494 assertor
1080 1459 1312 1512 oppugnat
1344 1466 1356 1496 ε
1387 1451 1550 1515 quibus

161 1533 262 1563 sane
284 1515 476 1572 viribus,
503 1525 546 1561 et
562 1530 697 1579 quam
715 1517 999 1581 consequenti
1018 1519 1298 1582 responsione
1314 1557 1326 1578 ‚
1356 1521 1458 1567 satis
1481 1538 1551 1568 su-

160 1604 326 1652 perque
345 1585 688 1650 praecedentium
703 1586 981 1634 voluminum
1001 1588 1298 1653 disputatione
1316 1591 1547 1655 perdocui.

164 1660 367 1715 Quorum
389 1657 574 1703 lectione
594 1673 684 1702 non
708 1657 866 1705 dubito
895 1659 1105 1723 prudenti
1136 1660 1297 1724 cuique
1321 1673 1519 1710 constare
1535 1701 1547 1720 ‚

169 1730 328 1794 (quem
358 1744 507 1774 rarum
541 1745 628 1774 esse
650 1728 737 1775 hac
760 1730 1020 1792 praefatione
1044 1741 1221 1777 testatus
1246 1748 1342 1778 sum
1358 1769 1369 1790 ,
1391 1732 1408 1797 )
1433 1734 1548 1780 nihil

163 1800 335 1846 studere
361 1796 481 1846 aliud
496 1798 691 1845 veritatis
716 1799 947 1848 inimicum
963 1839 974 1859 ,
1002 1819 1138 1867 quam
1162 1812 1209 1848 ut
1229 1803 1550 1868 simpliciorum

163 1871 448 1918 ludificentur
471 1887 617 1927 ειη-63,
643 1880 685 1917 et
709 1872 914 1930 evasisse,
951 1873 986 1919 si
1022 1883 1264 1938 utcumque
1294 1892 1337 1921 se
1364 1892 1551 1940 respon-

166 1943 276 1988 disse
295 1942 509 1988 videatur.
535 1962 558 1983 2>

235 2018 346 2061 Aue.
389 2015 528 2059 Raros
563 2029 650 2058 esse
687 2013 952 2077 prudentes,
986 2015 1242 2080 praefatione
1273 2017 1479 2064 testaris:
1508 2029 1551 2065 et

167 2102 267 2150 quae
292 2100 422 2130 causa
445 2084 500 2129 sit
518 2083 704 2129 raritatis
736 2084 869 2145 hujus
888 2123 898 2141 ‚
925 2086 993 2131 vel
1026 2103 1105 2132 cur
1135 2104 1216 2133 nec
1245 2087 1329 2150 ipsi
1351 2088 1427 2151 qui
1450 2106 1548 2135 rara

167 2156 440 2217 ingeniorum
461 2154 703 2218 capacitate
730 2155 785 2201 ad
813 2156 1092 2219 prudentiam
1113 2169 1430 2221 pervenerunt,
1461 2160 1551 2206 sine

167 2229 317 2275 labore
339 2242 496 2286 magno
523 2236 763 2288 potuerunt
783 2228 991 2291 consequi
1011 2228 1161 2288 utilem
1184 2230 1407 2275 scientiam
1430 2267 1443 2288 ,
1469 2248 1549 2277 nec

169 2298 279 2344 dicis
296 2334 308 2353 ‚
334 2313 413 2342 nec
432 2294 562 2340 discis
579 2313 590 2346 3
618 2295 696 2358 qui
719 2295 845 2342 fateri
868 2313 957 2343 non
975 2297 1040 2343 vis
1059 2297 1297 2343 humanam
1318 2316 1398 2362 per
1414 2299 1549 2363 primi

169 2368 359 2416 hominis
381 2365 785 2430 praevaricationem
819 2367 1098 2431 depravatam
1129 2385 1216 2414 esse
1242 2379 1456 2418 naturam.
1491 2372 1548 2417 Et

170 2452 316 2487 tamen
340 2437 395 2484 ad
425 2446 603 2482 tuorum
627 2435 841 2483 librorum
875 2438 1104 2484 lectionem
1122 2476 1133 2495 ‚
1169 2440 1342 2486 nonnisi
1374 2442 1548 2488 eosdem

170 2509 406 2575 prudentes
426 2506 586 2561 mittis,
609 2523 717 2569 quos
754 2508 919 2554 testaris
940 2526 1025 2555 esse
1050 2509 1290 2556 rarissimos
1315 2529 1325 2556 ε
1356 2511 1410 2558 de
1433 2531 1550 2578 quo-

171 2598 271 2628 rum
290 2577 461 2639 ingenio
480 2587 571 2622 tam
594 2577 706 2623 bene
738 2579 866 2625 sentis
883 2616 896 2637 ,
919 2591 966 2626 ut
987 2579 1107 2644 apud
1134 2597 1204 2627 eos
1230 2598 1366 2629 unum
1384 2582 1551 2631 librum

221 2665 232 2687 ¹
253 2662 330 2696 Job.
350 2671 418 2701 xiv,
438 2667 470 2703 4,
493 2660 582 2702 juxta
601 2670 678 2692 Lxx.

1350 2735 1423 2765 20.
