1824 3236
335 225 429 282 34ss
759 239 793 268 S.
837 237 1083 268 Auensrml
1119 237 1324 268 muscom

335 303 680 352 subveniendum
691 314 753 350 est
766 303 897 364 igitur
914 304 1072 350 anhelo
1085 305 1187 352 seni.
1210 303 1434 350 Remansit
1447 302 1607 367 quodei
1617 303 1720 349 dare

336 375 492 439 possis,
510 375 599 421 sine
623 392 711 438 quo
738 386 885 422 tamen
902 375 1016 421 nihil
1031 375 1150 421 aliud
1169 375 1389 422 invenitur
1415 393 1425 420 ι
1453 374 1657 421 videlicet
1673 384 1722 419 ut

336 446 454 492 dicas
468 446 555 492 hoc
573 445 846 492 connubium
865 456 975 491 stare
988 463 1070 509 pro
1090 446 1276 501 foribus,
1304 456 1352 492 ut
1371 445 1426 491 ad
1451 445 1719 507 voluptatem

338 516 597 562 coeuntium
616 516 781 562 nullam
802 516 1103 563 obscoenitatis
1116 516 1274 562 fiunam
1293 516 1516 579 permittat
1540 516 1719 570 irruere,

340 587 414 633 sed
439 604 517 633 suo
535 587 662 633 titulo
684 587 748 633 illi
762 589 934 647 negotio
947 588 1212 634 honestatem
1230 588 1422 633 vindicet
1435 598 1475 633 et
1489 586 1718 650 pudorem.

341 660 442 705 Sine
460 676 587 705 causa
605 677 705 720 ergo
724 660 936 708 connubii
955 660 1086 705 fidem
1106 659 1289 705 subdola
1310 676 1586 723 corrumpere
1599 657 1727 703 laude

336 730 539 778 voluisti:
563 731 673 777 nulli
689 748 732 777 es
754 731 950 787 infestus,
978 748 1111 794 quam
1132 730 1228 777 tibi.
1251 731 1335 776 Vos
1358 731 1536 776 omnino
1554 740 1727 793 protur-

333 803 429 858 bat,
457 819 537 848 nec
562 802 617 848 ad
640 802 946 849 lacerationem
981 801 1301 847 commixtionis
1345 801 1492 846 tutelae
1521 818 1610 846 suae
1638 816 1728 845 cre-

341 874 472 929 ditae,
503 872 856 919 Manichaeorum
874 873 1044 933 linguas
1070 872 1287 936 permittit
1304 872 1504 935 irrepere.
1533 870 1725 924 Habent,

340 945 502 1007 inquit,
527 961 605 990 suo
622 943 825 1003 dogmate
851 943 982 1003 digna
999 943 1240 999 meritoria,
1262 943 1309 988 in
1323 943 1487 1006 quibus
1505 941 1732 992 nocturnis

341 1014 462 1060 horis
480 1013 736 1077 expleantur
757 1032 769 1060 ι
797 1014 917 1060 illam
938 1013 1327 1060 verecundantium
1345 1013 1614 1076 voluptatem
1630 1028 1732 1057 con-

342 1085 471 1132 nubii
494 1095 668 1131 tuentur
697 1086 911 1142 excubiae,
948 1096 1150 1132 arcentur
1172 1086 1354 1131 crimina
1373 1122 1383 1141 ,
1419 1096 1460 1130 et
1484 1085 1627 1130 honor
1647 1082 1733 1128 ho-

343 1155 518 1202 nestatis
545 1155 795 1203 admittitur
822 1174 833 1201 2
860 1156 1090 1219 privilegia
1117 1155 1200 1201 sibi
1221 1156 1277 1201 ab
1301 1154 1510 1218 Apostolo
1535 1170 1735 1199 concessa

343 1226 584 1272 defendunt
607 1226 889 1273 honorabiles
913 1228 1089 1290 nuptias
1122 1238 1164 1273 et
1189 1227 1340 1272 thoros
1358 1225 1662 1272 immaculatos
1684 1222 1730 1276 1;

343 1296 630 1343 fornicatores
660 1309 804 1343 autem
844 1308 886 1343 et
912 1298 1131 1344 adulteros
1153 1297 1375 1357 judicabit
1403 1299 1531 1343 Deus.
1562 1295 1650 1340 Ubi
1674 1304 1735 1339 est

343 1385 443 1428 ergo
463 1370 697 1414 criminosa
722 1369 993 1425 commixtio,
1031 1370 1065 1414 si
1101 1369 1272 1428 negotio
1305 1372 1395 1427 ejus
1430 1378 1558 1430 atque
1575 1375 1735 1412 secreto

346 1439 582 1486 auctoritas
605 1441 836 1496 connubii,
865 1440 984 1503 quod
1013 1440 1243 1495 laudabas,
1266 1440 1534 1502 obsequitur.

413 1513 529 1558 AUG.
561 1511 631 1556 Tu
652 1510 849 1574 quidem,
880 1521 928 1556 ut
947 1528 994 1555 ex
1020 1510 1240 1556 fructibus
1264 1510 1350 1556 suis
1373 1509 1578 1569 cognosci
1603 1508 1737 1554 arbo-

343 1597 435 1626 rem
461 1580 626 1627 diceres
653 1618 664 1636 ,
693 1599 780 1626 non
799 1591 969 1626 naturae
988 1581 1076 1627 hoc
1094 1581 1396 1641 evangelicum
1416 1579 1734 1635 testiinonium,

343 1651 417 1697 sed
441 1652 608 1715 nuptiis
631 1653 844 1715 proficere
877 1652 1067 1700 voluisti.
1098 1653 1209 1698 Nam
1233 1663 1307 1698 tua
1333 1652 1467 1698 verba
1494 1651 1574 1696 ista
1604 1661 1734 1696 sunt:

347 1744 368 1764 ι(
390 1723 435 1768 Si
453 1740 554 1783 ergo
572 1723 778 1779 trahitur,
806 1723 968 1786 inquis,
989 1735 1030 1770 et
1057 1723 1110 1769 de
1129 1724 1294 1787 nuptiis
1325 1722 1532 1782 originale
1552 1721 1734 1777 malum,

350 1810 480 1840 causa
501 1793 605 1840 mali
633 1804 695 1839 est
733 1795 965 1840 conventio
991 1795 1265 1858 nuptiarum,
1293 1805 1335 1840 et
1364 1810 1532 1839 necesse
1555 1803 1617 1837 cst
1643 1810 1739 1837 ma-

346 1865 457 1922 lum,
478 1882 563 1911 esse
586 1883 664 1929 per
685 1865 805 1929 quod
821 1876 863 1911 et
881 1883 926 1912 ex
951 1884 1038 1929 quo
1065 1866 1204 1913 malus
1221 1865 1389 1912 fructus
1420 1864 1643 1928 apparuit,
1667 1863 1738 1909 di·-

346 1948 470 1983 cente
494 1937 681 1983 Domino
706 1937 752 1982 in
787 1937 1041 1998 Evangelio,
1065 1956 1113 1984 ex
1134 1937 1356 1984 fructibus
1382 1936 1468 1982 suis
1508 1935 1638 1980 arbor
1661 1952 1740 1994 ag-

345 2007 541 2053 noscitur
561 2008 593 2054 2.
623 2007 876 2064 Quomodo,
903 2009 1049 2072 inquis
1072 2020 1121 2055 tu
1154 2007 1398 2055 audiendus
1430 2006 1619 2071 putaris,
1660 2005 1738 2068 qui

345 2079 454 2126 dicis
485 2079 653 2125 bonum
675 2096 762 2125 esse
781 2081 1054 2140 conjugium,
1094 2080 1148 2126 de
1184 2097 1270 2143 quo
1309 2078 1419 2124 nihil
1463 2076 1581 2123 aliud
1608 2093 1739 2139 quam

346 2150 511 2196 malum
539 2149 718 2213 prodire
741 2149 928 2199 definis?
949 2153 1131 2198 Constat
1162 2151 1311 2211 igitur,
1354 2148 1516 2212 inquiS,
1547 2165 1618 2193 rea
1656 2164 1742 2193 esse

344 2221 563 2282 conjugia,
586 2221 620 2266 si
642 2231 881 2285 peccatum
899 2221 1001 2268 inde
1023 2222 1232 2282 originale
1247 2220 1499 2274 deducitur,
1519 2235 1598 2265 nec
1615 2235 1742 2282 posse

344 2292 631 2350 defendi,nisi
655 2291 825 2338 fructus
851 2310 1000 2339 eorum
1022 2294 1231 2340 innocens
1256 2291 1527 2356 approbetur
1554 2307 1566 2336 ι
1596 2288 1742 2335 defen-

343 2365 510 2411 duntur
533 2375 696 2420 autem,
716 2374 758 2409 et
779 2363 896 2409 bona
921 2365 1267 2428 pronuntiantur
1286 2381 1297 2408 ε
1318 2362 1486 2408 fructus
1507 2361 1640 2421 igitur
1664 2377 1741 2422 ap-

340 2437 557 2501 probatur
573 2437 736 2482 innocu
747 2453 810 2484 us.
835 2459 856 2479 «
885 2438 1052 2500 Nempe
1073 2437 1143 2482 his
1170 2435 1317 2482 verbis
1336 2434 1422 2480 tuis
1445 2434 1545 2480 satis
1568 2432 1741 2478 clarum

343 2519 423 2563 est,
448 2507 649 2554 arborem
675 2517 716 2555 te
739 2507 925 2568 intelligi
956 2508 1143 2557 voluisse
1180 2506 1450 2568 conjugium,
1484 2516 1527 2554 et
1565 2504 1744 2551 fructus

391 2594 402 2616 ¹
424 2593 524 2625 Hebr.
546 2602 623 2635 xus,
645 2598 676 2629 4.
692 2612 736 2618 --
753 2592 769 2616 ⁴2
791 2591 912 2632 Matth.
933 2600 998 2637 22¹1,
1021 2594 1076 2629 33,
