1824 3236
295 266 387 322 524
717 279 750 310 3.
796 278 1040 309 Auensrth
1076 278 1279 310 EPISCOPI

295 348 409 393 tione
434 345 600 410 peccati
626 345 774 409 primi,
800 345 973 391 afflictio
988 345 1254 391 succedanea
1274 345 1341 392 his
1355 363 1463 411 quos
1480 365 1569 394 reos
1587 366 1672 394 11011

293 419 468 474 fecerat,
490 416 746 463 imitationis
770 417 895 463 malae
919 417 1129 463 indiceret
1153 417 1432 464 cautionem?
1458 420 1674 477 Quando-

296 488 472 551 quidem
486 499 528 534 et
554 499 669 534 terra
694 498 735 533 et
763 488 820 533 ob
842 487 928 533 hoc
955 487 1251 533 ostenderetur
1277 488 1497 535 maledicti
1519 491 1675 536 convi-

293 559 408 605 cium
429 559 673 622 pertulisse,
700 559 918 604 utmalum
938 558 1089 604 alienae
1103 558 1339 605 voluntatis
1355 571 1568 619 argueret,
1587 577 1672 606 non

293 641 343 676 ut
367 631 750 694 participationem
778 631 843 676 sui
870 629 1064 676 criminis
1082 630 1273 689 gigneret
1302 648 1311 675 :
1339 631 1420 677 nisi
1439 632 1551 677 forte
1579 649 1677 677 cre-

297 701 451 747 damus
466 702 708 748 chariorem
733 702 823 747 Deo
847 712 1002 746 terram
1017 717 1120 755 0330,
1146 717 1278 764 quam
1302 701 1614 757 innocentiam,
1630 713 1677 748 ut

293 772 448 818 scelere
473 772 611 818 alieno
650 789 750 818 cum
788 772 959 831 glebam
983 787 1071 815 non
1106 773 1298 833 patiatur
1331 771 1489 835 pollui,
1530 772 1676 818 addici

293 852 436 889 tamen
459 843 684 907 permittat
713 841 952 888 infantiam.
980 840 1264 887 Maledictum
1284 858 1384 903 ergo
1408 842 1612 902 dirigitur
1633 843 1677 888 111

294 923 468 970 terram,
491 930 571 959 nec
587 924 731 959 tamen
747 913 833 958 hoc
851 913 998 976 ipsum
1015 911 1277 976 relinquitur
1291 912 1555 960 involutum.
1581 912 1678 958 Dis-

292 984 446 1030 seritur
466 983 634 1047 quippe
674 999 760 1046 quo
790 983 874 1028 fine
910 981 1122 1042 ejusmodi
1158 983 1367 1029 sententia
1405 983 1674 1038 tenderetur,

293 1054 361 1100 vel
387 1053 610 1118 quomodo
635 1053 799 1100 humus
826 1053 1057 1100 maledicta
1086 1064 1332 1100 vocaretur.
1366 1075 1385 1095 α
1412 1055 1464 1099 111
1487 1053 1675 1108 tristitia,

294 1125 486 1202 ›2inquit‚
505 1124 793 1171 manducabis
808 1141 899 1172 eam
915 1123 1120 1170 omnibus
1138 1123 1293 1169 diebus
1305 1123 1408 1171 vitae
1428 1134 1529 1171 tuae.
1546 1145 1566 1166 »
1579 1123 1680 1180 Quo

293 1194 846 1273 igiturgenereseexponat,
862 1194 1101 1241 advertito.
1124 1193 1532 1240 maledictadicitur
1548 1204 1676 1250 terra,

293 1283 381 1312 non
404 1283 493 1329 quo
523 1266 570 1311 in
598 1283 692 1312 eam
724 1264 1009 1312 animadverti
1047 1264 1253 1328 quiverit,
1294 1264 1367 1310 sed
1386 1264 1473 1310 hoc
1507 1263 1681 1309 nomine

293 1336 443 1399 opinio
472 1336 604 1382 animi
625 1336 849 1381 moerentis
884 1334 1156 1389 ostenditur,
1175 1345 1222 1380 ut
1247 1334 1454 1397 quoniam
1494 1333 1680 1379 sterilem

292 1407 457 1452 sciebat
473 1424 554 1470 pro
578 1406 756 1453 cultoris
787 1406 852 1451 sui
874 1405 1054 1461 meritis,
1083 1404 1299 1464 aeglitudo
1323 1404 1549 1450 031111011113
1571 1420 1680 1467 ope-

292 1478 394 1523 rarii
428 1477 666 1541 imputaret
696 1487 821 1523 101110
841 1475 960 1539 quod
999 1476 1091 1539 ipse
1115 1485 1440 1538 promeruerat,
1478 1485 1520 1520 et
1543 1474 1680 1520 male-

288 1548 454 1596 dictam
470 1566 562 1595 eam
582 1548 770 1594 afflictus
788 1558 981 1602 vocaret,
1003 1550 1129 1606 cujus
1144 1545 1242 1592 ideo
1264 1545 1557 1592 claudebatur
1578 1544 1675 1608 opi-

295 1619 439 1676 mitas,
470 1629 518 1665 ut
537 1619 849 1682 praevaricator
868 1617 938 1664 ille
958 1634 1036 1663 nec
1060 1627 1280 1672 naturam,
1301 1632 1381 1662 nec
1408 1626 1585 1670 terram,
1608 1615 1681 1661 sed

294 1690 565 1738 voluntatem
587 1700 716 1754 atque
735 1705 962 1752 personam
984 1705 1107 1733 suam
1124 1687 1357 1733 maledicto
1377 1687 1586 1733 fateretur
1605 1686 1682 1732 ob-

293 1761 486 1808 noxium.
527 1781 547 1801 «
573 1760 730 1824 Spinas
748 1797 758 1816 ‚
787 1759 947 1823 inquit,
978 1770 1020 1805 et
1056 1758 1242 1804 tribulos
1275 1758 1372 1804 edet
1400 1758 1495 1805 tibi.
1523 1779 1543 1800 »
1583 1758 1682 1804 Non

293 1832 378 1879 fuit
401 1842 627 1878 contentus
664 1831 827 1886 dicere,
855 1852 875 1873 c<
897 1830 1055 1894 Spinas
1088 1846 1137 1875 ac
1165 1829 1350 1876 tribulos
1391 1829 1488 1876 edet
1516 1847 1526 1875 z
1554 1851 1573 1870 »
1597 1827 1682 1875 Sed

296 1902 483 1959 addidit,
505 1903 600 1950 tibi.
631 1904 749 1948 Inter
770 1901 958 1962 virgulta
977 1901 1145 1966 quippe
1170 1900 1267 1958 alia,
1300 1910 1341 1946 et
1361 1899 1562 1963 veprium
1582 1898 1681 1944 fru-

294 1975 396 2021 tices
421 1973 525 2020 011111
539 1977 657 2035 jussa
682 1972 946 2037 protulerat:
975 1982 1079 2017 tunc
1102 1988 1218 2027 vero,
1242 1981 1290 2017 ut
1308 1979 1680 2034 compungeretur

292 2046 426 2092 homo
441 2082 451 2101 ‚
477 2044 603 2091 solito
628 2043 879 2091 senticosior
893 2042 1042 2089 futura
1064 2041 1353 2106 promittitur.
1380 2039 1512 2098 Quod
1533 2038 1676 2086 Adam

296 2117 575 2163 vehementer
598 2116 807 2175 castigare
827 2125 1016 2178 poterat,
1046 2130 1176 2177 quem
1200 2122 1300 2176 post
1321 2111 1512 2175 paradisi
1540 2109 1679 2156 fontes

294 2197 337 2232 et
355 2197 499 2251 prata,
522 2186 652 2233 etiam
672 2202 784 2231 unus
808 2186 945 2231 rubus
971 2194 1114 2247 posset
1138 2182 1364 2229 offendere.

359 2280 380 2300 «
398 2260 450 2304 In
478 2257 634 2304 sudore
653 2268 797 2304 autem
821 2256 948 2302 faciei
970 2267 1056 2301 tuae
1074 2254 1172 2300 edes
1187 2271 1346 2318 panem
1370 2263 1496 2299 tuum
1521 2270 1532 2297 ι
1553 2268 1678 2298 »11011

293 2330 395 2377 33113
415 2328 470 2375 ad
506 2346 748 2375 aerumnam
775 2327 900 2376 video
921 2327 1134 2391 pertinere
1160 2343 1169 2370 :
1201 2325 1234 2371 si
1251 2324 1429 2389 quidem
1449 2323 1577 2369 etiam
1598 2340 1680 2368 na-

294 2402 433 2449 turale
456 2400 760 2462 adjumentum
780 2412 858 2456 est,
891 2410 938 2446 ut
979 2398 1256 2464 operantium
1297 2407 1416 2444 artus
1442 2394 1599 2442 sudore
1614 2411 1686 2440 re·

300 2482 514 2519 creentur.
559 2472 629 2518 llli
655 2483 799 2518 autem
822 2481 920 2517 ante
953 2480 1188 2534 peccatum
1211 2468 1405 2514 laborem
1435 2464 1685 2512 incubuisse

292 2564 314 2585 ι)
338 2543 525 2589 culturae
544 2542 701 2590 lectio
691 2561 786 2607 ipsa
819 2552 1011 2588 testatur.
1055 2541 1128 2587 Sic
1152 2539 1267 2587 enim
1293 2539 1384 2584 ait:
1428 2538 1460 2582 E
1468 2536 1686 2598 tsumpsit

294 2613 542 2662 »Dominus
575 2618 690 2661 Deus
709 2613 930 2661 hominem
958 2629 1085 2676 quem
1111 2609 1237 2668 fecit,
1260 2620 1301 2656 01
1325 2606 1648 2673 posuitillum
1637 2624 1681 2652 111
