1863 3262
174 310 329 342 OPERIS
366 309 625 341 IMPERFEcTi
665 308 834 338 CONTRA
874 309 1119 347 JUMAYUM,
1161 309 1246 340 Lm.
1289 306 1355 339 111.
1408 285 1493 334 105

123 387 387 431 remaneret,
420 375 584 420 furtum
619 373 739 437 quod
765 374 968 432 magistro
995 385 1068 419 tuo
1094 374 1270 431 feceras,
1300 370 1497 419 stultitiae

124 447 348 507 castigavit
374 445 575 504 adjectio.
609 446 718 490 [sam
739 443 912 489 credere
933 444 1156 499 naturale,
1183 444 1300 508 quod
1330 439 1501 488 fatearis

124 518 177 564 de
204 517 426 564 voluntate
451 525 718 578 susceptum,
740 531 826 558 non
851 513 949 559 dico
976 514 1241 571 ineruditae,
1266 514 1339 560 sed
1365 510 1499 558 chri-av

124 587 276 634 mentis
294 588 519 633 inventum
535 596 609 631 est.
637 586 795 631 Verum
815 584 921 629 hinc
946 585 1064 639 alias,
1091 584 1391 631 nuncinterim
1409 597 1499 627 rem

124 673 383 723 premamus.
418 656 614 703 Affirmat
647 672 747 715 ergo
775 655 1044 701 Manichacus
1067 655 1228 700 malum
1260 671 1346 700 esse
1370 662 1501 697 natu-

122 728 227 786 rale,
244 739 292 774 tu
311 727 465 774 annuis
486 745 496 772 :
521 727 631 773 dicit
651 736 828 789 peccata
851 726 988 781 nasci,
1014 737 1060 771 tu
1079 726 1139 771 ita
1159 743 1244 772 esse
1260 722 1498 771 consentis:

123 798 232 844 dicit
251 797 409 845 malam
434 807 637 843 naturam
657 796 905 851 hominum,
936 797 1023 841 lioc
1044 813 1216 859 quoque
1242 796 1499 841 confirmas:

124 867 234 914 dicit
257 868 454 914 omnium
480 884 656 930 prorsus
675 904 685 923 ,
711 866 787 912 hic
814 867 971 912 resistis
991 903 1000 921 ‚
1027 877 1155 929 atque
1172 865 1289 911 illam
1316 864 1504 928 primam

126 938 312 984 duorum
335 937 568 983 hominum
589 936 792 1000 copulam
813 937 1069 999 sequestrari
1089 937 1212 999 petis.
1235 952 1333 981 sane
1351 932 1469 997 quod
1484 931 1501 960 1

117 1025 200 1054 nec
212 1008 329 1071 ipsos
346 1007 538 1055 vindices
553 1025 576 1053 a
597 1018 716 1053 reatu
731 1044 741 1063 ,
763 1007 960 1070 quinimo
980 1006 1164 1052 affirmes
1182 1006 1283 1051 mali
1298 1002 1506 1051 naturalis

119 1088 329 1124 auctores.
366 1077 420 1124 Id
456 1078 490 1123 si
528 1088 570 1123 et
595 1095 673 1123 nos
710 1077 792 1123 tibi
832 1076 1058 1136 indulgere
1095 1077 1337 1139 possimus,
1367 1085 1510 1119 tamen

118 1159 220 1194 tuus
244 1165 334 1193 non
353 1147 478 1194 dabit
501 1148 700 1208 magister
715 1185 727 1204 ,
756 1147 862 1210 quin
884 1147 993 1192 forte
1022 1147 1152 1193 etiam
1174 1145 1323 1192 ferulis
1341 1145 1385 1190 in
1410 1155 1505 1189 tar—

120 1218 226 1265 dum
252 1218 565 1264 animadvertet
598 1218 849 1278 ingenium3
886 1218 945 1262 ita
970 1227 1018 1262 ut
1046 1217 1126 1262 tibi
1156 1232 1324 1261 necesse
1354 1216 1407 1260 sit
1431 1223 1506 1258 aut

123 1289 370 1334 auctoritati
398 1289 695 1351 acquiescere,
725 1299 799 1333 aut
832 1287 1002 1332 scholas
1037 1290 1128 1346 ejus
1154 1287 1274 1331 omni
1305 1302 1352 1330 ex
1386 1293 1509 1347 parte

122 1358 325 1405 deserere.
359 1357 536 1418 Colligit
560 1369 701 1403 autem
724 1357 779 1403 ad
811 1367 1073 1413 extremum,
1104 1367 1146 1402 et
1165 1356 1273 1401 dicit
1294 1392 1304 1411 ,
1337 1365 1506 1400 natura}

122 1427 250 1474 malae
267 1428 434 1474 bonum
454 1439 673 1475 auctorem
695 1445 781 1474 esse
814 1446 902 1473 non
927 1445 1072 1491 posse,
1106 1444 1155 1473 ac
1176 1444 1254 1490 per
1276 1426 1363 1471 hoc
1382 1424 1510 1488 prin-

124 1499 234 1562 cipis
264 1499 541 1545 tenebrarum
563 1536 573 1556 ,
612 1499 658 1545 id
684 1510 745 1544 est
763 1536 774 1555 ,
813 1499 978 1544 diaboli
1013 1515 1125 1562 opus
1148 1515 1234 1543 esse
1255 1496 1478 1543 hominem
1494 1531 1505 1551 ‚

125 1585 255 1631 quem
272 1569 526 1615 naturaliter
550 1571 716 1615 malum
743 1569 872 1614 ambo
893 1568 1106 1615 fatemini.
1130 1590 1150 1610 »

193 1641 314 1688 AUG.
344 1641 553 1686 Naturam
589 1640 830 1686 humanam
852 1658 875 1686 a
907 1641 997 1685 Deo
1023 1640 1143 1684 bono
1164 1637 1398 1696 *conditam
1426 1636 1513 1681 bo-

126 1727 247 1767 nam,
269 1727 427 1770 magno
450 1711 762 1757 inobedientiae
783 1721 966 1774 peccato
991 1710 1051 1756 ita
1075 1709 1204 1755 fuisse
1227 1709 1448 1764 vitiatam3
1469 1716 1516 1751 ut

127 1781 255 1826 etiam
282 1782 513 1844 posteritas
529 1781 631 1827 inde
660 1782 850 1827 traheret
869 1781 1022 1827 mortis
1042 1781 1244 1826 meritum
1268 1789 1396 1842 atque
1413 1793 1514 1840 sup-

128 1851 314 1915 plicium
335 1889 346 1909 ‚
382 1853 456 1898 cui
493 1863 636 1898 tamen
673 1853 918 1916 posteritati
955 1870 1042 1898 non
1077 1862 1203 1911 negat
1235 1852 1351 1895 Deus
1374 1850 1515 1894 bonus

129 1921 357 1983 opificium
382 1923 550 1968 bonum
569 1960 580 1978 ‚
616 1934 658 1968 et
689 1934 841 1968 contra
875 1940 951 1969 vos
985 1933 1026 1967 et
1055 1932 1208 1967 contra
1246 1919 1513 1966 Manichaeos

133 1991 355 2037 catholica
386 1992 493 2038 fides
525 1992 646 2039 dicit.
679 1993 763 2038 Sed
787 2010 863 2040 vos
886 1993 964 2055 qui
994 1993 1082 2037 hoc
1118 1991 1278 2051 negatis
1296 2028 1306 2045 ‚
1332 2005 1481 2054 quaeso
1501 2024 1511 2042 ,

131 2060 357 2124 paulisper
375 2062 629 2125 paradisum
650 2064 855 2123 cogitare.
887 2062 1120 2108 Placet-ne
1141 2062 1266 2108 vobis
1282 2097 1292 2117 ‚
1312 2071 1360 2106 ut
1376 2076 1519 2124 pona-

131 2146 229 2176 mus
266 2131 331 2176 ibi
367 2142 505 2179 castos
539 2143 581 2178 et
614 2144 753 2178 castas
779 2144 931 2178 contra
969 2132 1196 2177 libidinem
1237 2131 1517 2185 dimicantes,

134 2201 332 2261 gravidas
355 2213 608 2249 nauseantes
624 2241 634 2260 ‚
661 2203 944 2259 fastidientes,
972 2203 1211 2266 pallentes;
1238 2201 1340 2246 alias
1366 2201 1410 2246 in
1435 2200 1518 2244 ab-

136 2281 236 2316 ortu
256 2273 486 2335 puerperia
502 2273 736 2319 immatura
754 2273 1001 2330 fundentes,
1021 2273 1176 2318 aliasin
1198 2282 1327 2335 partu
1349 2287 1518 2331 gemen-

136 2350 199 2385 tes
222 2351 264 2385 et
299 2341 541 2400 ululantes3
576 2354 787 2407 natosque
811 2344 927 2407 ipsos
964 2360 1111 2389 omnes
1138 2343 1308 2399 flentes,
1343 2358 1433 2387 sero
1456 2341 1518 2385 ri-

139 2409 304 2466 dentes,
331 2413 462 2457 serius
483 2413 707 2477 loquentes
724 2452 734 2470 ‚
755 2425 796 2459 et
812 2414 899 2460 hoc
925 2414 1219 2459 balbutientes
1242 2450 1252 2459 .
1282 2413 1326 2457 in
1351 2409 1522 2456 scholas

140 2490 290 2543 postea
314 2479 419 2526 duci
441 2519 452 2537 ‚
483 2493 530 2527 ut
549 2483 711 2530 litteras
732 2484 930 2541 discant,
957 2484 1040 2530 sub
1066 2483 1169 2528 loris
1185 2520 1195 2539 ‚
1222 2481 1371 2528 ferulis
1389 2517 1400 2536 ,
1428 2481 1522 2525 vir-

141 2550 288 2613 gisque
302 2550 540 2614 plorantes,
574 2572 653 2618 pro
679 2556 963 2603 varietatibus
982 2555 1253 2615 ingeniorum
1285 2552 1519 2598 distributa

191 2633 203 2654 ¹
222 2634 314 2663 Forte
331 2644 410 2675 quos
427 2635 474 2666 rel
491 2646 576 2669 eum.
