1863 3262
359 263 452 310 058
782 277 816 306 ε.
859 274 1102 306 Aueusrim
1138 276 1344 307 EPISCOPI

355 343 489 407 primi
516 341 707 388 hominis
731 350 922 387 nostram
952 340 1060 386 dicit
1079 358 1165 387 esse
1185 341 1381 387 vitiatam
1408 360 1418 387 z
1447 342 1492 388 in
1527 342 1613 389 hac
1638 361 1740 390 vero

356 413 563 459 sententia
582 413 635 458 de
652 429 737 476 qua
758 428 877 456 nunc
903 411 1066 470 agimus
1085 449 1095 467 ,
1127 412 1397 458 nativitatem
1413 413 1554 458 carnis
1574 414 1737 460 Christi

352 501 375 529 a
389 491 648 529 caeterortmi
669 481 838 546 peccati
851 498 980 527 carne
996 481 1241 527 discernens
1252 481 1444 528 defendit
1461 484 1736 542 Ambrosius,

350 569 483 617 quam
516 564 643 613 negat
669 553 841 616 penitus
879 551 1165 599 Manichaeus.
1195 553 1328 609 Quod
1357 571 1455 614 ergo
1477 554 1617 600 credit
1638 557 1741 601 Am-

350 625 521 671 b'ro'sius
541 662 550 673 .
587 625 674 669 hoc
696 634 737 669 et
758 640 836 683 ego
860 641 868 667 ε
894 623 1016 686 quod
1053 633 1195 668 autem
1222 625 1516 680 Manichaeus,
1540 643 1620 672 nec
1642 626 1736 683 ille,

350 712 430 741 nec
450 712 541 755 ego.
570 695 607 751 Q
618 694 689 739 uid
708 693 905 757 estquod
927 705 975 739 tu
1000 694 1149 738 niteris
1170 711 1238 738 nie
1257 711 1453 758 separare
1475 696 1532 741 ab
1555 697 1739 742 Ambro-

349 765 428 822 sio,
446 776 488 811 et
502 768 764 825 conjungere
788 764 1032 810 Manichaeo
1046 768 1064 810 ζ)
1083 765 1194 809 Nam
1213 765 1246 810 si
1266 766 1473 825 originale
1486 777 1736 829 peccatum.

348 852 436 881 non
461 853 508 881 ex
532 836 682 881 alienae
702 835 1028 892 commixtione,
1069 834 1140 880 sed
1161 852 1208 880 ex
1238 846 1398 882 nostrae
1429 836 1740 900 depravatione

346 918 515 953 naturae
535 907 678 953 dicere
694 925 714 952 a
737 907 1013 952 nascentibus
1037 907 1154 952 trahi
1174 945 1184 962 ‚
1210 907 1369 967 dogma
1385 920 1448 954 est
1468 909 1739 955 Manichaeo-

349 995 445 1023 rum
477 996 486 1023 :
517 979 603 1023 hoc
623 994 792 1022 mecum
819 977 928 1023 dicit
952 978 1236 1031 Ambrosius3
1261 995 1340 1023 cur
1364 996 1453 1025 non
1480 980 1632 1025 ambos
1648 984 1739 1025 Ma-

347 1048 531 1093 niclieeis
551 1047 723 1093 conaris
751 1047 1021 1107 adjungere?
1047 1048 1091 1093 Si
1112 1058 1257 1093 autem
1276 1049 1363 1094 hoc
1386 1051 1737 1096 Manichaeorum

347 1117 506 1178 dogma
533 1135 621 1163 non
638 1128 698 1163 est
714 1157 723 1173 ,
754 1119 867 1163 sicut
891 1135 978 1163 non
999 1128 1061 1163 est
1082 1136 1092 1162 :
1120 1119 1207 1163 lioc
1227 1119 1328 1164 dico
1352 1138 1452 1166 cum
1475 1122 1735 1176 Ambrosi03

347 1206 426 1234 cur
462 1205 547 1234 non
580 1189 732 1234 ambos
765 1207 787 1233 a
828 1189 1085 1234 Manichaeis
1121 1189 1312 1249 dignaris
1344 1191 1613 1252 abjungere?
1646 1194 1739 1238 Cur

344 1270 446 1319 ergo
462 1297 473 1314 ‚
509 1270 558 1304 ut
582 1259 691 1304 dicis
708 1297 718 1315 ‚
741 1281 760 1299 «
783 1259 1054 1322 Episcopum
1088 1259 1452 1307 Mediolanensem
1478 1263 1521 1307 in
1554 1279 1737 1307 consor-

346 1329 456 1374 tiuin
483 1345 626 1374 meum
645 1346 781 1374 conor
798 1329 1040 1383 attrahere3
1067 1351 1085 1370 »
1111 1346 1210 1374 cum
1237 1347 1306 1376 me
1327 1331 1383 1375 ab
1407 1335 1498 1391 ejus
1518 1333 1737 1378 co‘nsortio

344 1411 392 1446 tu
430 1399 592 1446 frustra
629 1400 796 1445 coneris
837 1400 1120 1445 abstrahere?
1166 1401 1288 1456 Quid
1337 1412 1399 1446 est
1434 1402 1555 1464 quod
1575 1459 1579 1463 ἱ
1599 1402 1732 1458 dicis,

343 1494 363 1514 «
392 1472 509 1529 Quia
526 1485 615 1517 non
630 1489 807 1536 possum
829 1472 993 1516 habere
1010 1473 1267 1535 praesidium
1288 1511 1298 1529 ‚
1319 1474 1428 1519 velle
1451 1492 1519 1520 me
1542 1476 1736 1521 invenire

340 1543 576 1591 solatium?
600 1565 620 1584 »
646 1543 760 1588 Mihi
798 1560 900 1588 cum
942 1544 1172 1589 Ambrosio
1194 1580 1204 1599 ‚
1243 1544 1346 1590 velis
1385 1545 1495 1591 nolis
1515 1584 1525 1601 ‚
1563 1547 1609 1592 in
1647 1547 1735 1592 fide

344 1613 563 1661 catholica
583 1613 787 1659 Christus
815 1631 1050 1659 commune
1075 1614 1333 1677 praesidium
1366 1626 1442 1663 est.
1472 1616 1575 1662 Ideo
1606 1617 1735 1681 plane

341 1696 403 1731 est
434 1684 692 1730 Ambrosius
728 1684 930 1730 solatium
969 1702 1113 1730 meum
1134 1723 1144 1740 ,
1181 1686 1286 1749 quia
1321 1703 1423 1731 cum
1454 1687 1531 1732 illo
1565 1689 1735 1752 accipio

341 1755 592 1801 convicium
620 1765 743 1800 tuum
770 1771 780 1799 ε
809 1771 889 1800 nec
921 1755 1060 1800 solum
1082 1755 1173 1818 ipse
1204 1773 1272 1801 me
1299 1756 1343 1801 in
1372 1756 1456 1802 hac
1481 1774 1610 1803 causa
1628 1758 1734 1821 plu-

340 1828 503 1873 rimum
522 1825 790 1881 consolatur,
814 1825 887 1870 sed
903 1836 945 1870 et
966 1826 1220 1889 Cyprianus
1236 1863 1246 1881 ‚
1270 1838 1312 1872 et
1336 1827 1552 1884 Hilarius,
1574 1828 1734 1892 aliique

341 1895 586 1943 consimiles
603 1932 614 1951 ,
644 1912 833 1959 quorum
874 1897 921 1940 in
961 1914 1030 1942 me
1072 1896 1234 1942 laceras
1270 1898 1537 1944 catholicam
1578 1900 1726 1947 fidem.

343 1968 444 2014 Noli
460 1983 560 2028 ergo
582 1966 802 2021 invidere,
826 1967 949 2030 quod
978 1968 1234 2013 Ambrosius
1251 2006 1262 2024 ‚
1297 1969 1568 2032 Cyprianus,
1592 1982 1634 2015 et
1655 1971 1733 2016 Hi-

339 2039 474 2086 larius
494 2037 642 2085 solatia
661 2049 763 2083 sunt
781 2038 954 2097 injuriae
969 2055 1075 2084 meae
1098 2055 1109 2083 :
1134 2039 1297 2084 invitus
1318 2040 1430 2085 enim
1454 2039 1599 2085 videre
1617 2058 1732 2086 com-

340 2109 537 2173 pelleris,
556 2118 772 2171 quantum
804 2108 999 2163 intersit,
1028 2108 1148 2170 quod
1184 2108 1385 2168 Pelagius
1404 2120 1445 2154 et
1470 2109 1726 2167 coelestius,

341 2193 383 2229 et
406 2180 441 2226 si
456 2179 555 2244 quis
576 2189 636 2224 est
652 2178 759 2224 alius
775 2215 785 2234 ‚
806 2178 955 2223 solatia
969 2189 1068 2223 sunt
1084 2178 1376 2224 damnationis
1393 2190 1495 2226 tuae.

409 2250 531 2308 Quid
562 2249 684 2313 quod
714 2249 895 2295 ostendo
926 2248 1218 2295 debellantem
1252 2250 1518 2296 Manichaeos
1543 2268 1625 2314 pro
1651 2269 1730 2297 ca-

342 2324 509 2372 tholica
532 2320 618 2366 fide
639 2320 944 2371 Ambrosium,
983 2330 1024 2365 et
1051 2330 1091 2364 te
1122 2320 1167 2365 in
1199 2320 1285 2365 hoc
1318 2321 1554 2367 certamine
1577 2334 1730 2368 contra

343 2393 627 2445 Ambrosium
658 2392 856 2456 praebere
879 2392 1136 2438 Manichaeis
1170 2392 1237 2437 vel
1258 2393 1383 2438 victis
1406 2393 1608 2439 solatium
1624 2431 1635 2450 ‚
1661 2394 1729 2440 vel

339 2468 469 2515 etiarn
492 2462 798 2510 resistentibus
812 2499 824 2519 ,
847 2461 968 2526 quod
989 2473 1050 2507 est
1067 2466 1190 2526 pejus
1210 2500 1220 2518 ,
1245 2463 1464 2510 auxilium.
1494 2464 1731 2510 Manichaei

335 2538 451 2586 en'im
474 2534 631 2580 dicunt
646 2533 872 2597 propriam
896 2532 999 2578 mali
1022 2550 1108 2579 esse
1130 2534 1422 2580 substantiam
1444 2544 1578 2598 atque
1597 2546 1730 2581 natu-

328 2626 427 2658 ram
447 2644 459 2664 ,
485 2605 617 2652 bonae
643 2603 722 2650 Dei
747 2603 1003 2650 substantiae
1030 2615 1287 2668 natur-teque
1315 2616 1580 2652 coaeternam
1601 2624 1612 2659 3
1639 2605 1729 2651 im-
