1824 3236
285 271 380 326 454
710 283 745 313 s.
794 280 1034 311 AUGUSTINI
1073 278 1277 310 EPISCOPI

283 368 362 401 nec
382 349 529 396 volens
552 348 686 394 horno
707 347 879 393 vincere
898 385 908 403 ‚
932 363 1141 410 suamque
1161 345 1405 392 libertatem
1430 347 1485 394 ad
1505 348 1674 395 bonum

283 420 600 485 perficiendum
639 420 848 479 integram
884 436 970 465 non
994 418 1238 475 inveniens,
1263 418 1406 465 dicere
1438 419 1518 466 ista
1549 437 1674 466 com—

285 492 481 556 pellitur3
495 491 616 554 qnasi
633 506 732 535 vero
747 490 833 535 vim
852 488 1177 535 consuetudinis
1195 489 1320 535 malae
1335 490 1672 553 insuperabilem

287 563 481 625 patiatur
502 599 511 609 .
541 572 587 606 nt
613 561 668 605 ab
694 578 739 606 ea
765 578 806 605 se
834 571 984 623 poscat
1011 559 1088 604 Dei
1113 561 1249 618 gratia
1274 560 1476 616 liberari,
1504 561 1583 606 nisi
1610 561 1675 606 in-

294 634 466 678 firmata
485 631 655 677 natura.
683 633 793 676 Nam
815 631 891 694 qni
913 631 991 676 ista
1015 629 1214 684 dicebat,
1233 647 1333 676 cum
1357 631 1408 676 ad
1430 632 1506 677 ista
1526 649 1676 695 perve-

289 703 420 748 nisset
440 738 448 757 ‚
477 703 553 747 ubi
579 703 635 747 ait
654 739 660 751 ,
683 724 702 742 «
723 701 857 747 Video
886 701 1014 745 aliam
1035 700 1168 758 legem
1192 699 1237 744 in
1255 702 1463 746 membris
1482 703 1584 748 meis
1604 719 1668 748 re·

287 784 593 836 »pugnantem
632 772 712 832 legi
752 772 906 818 mentis
938 788 1071 826 meae,
1107 781 1148 816 et
1171 771 1466 834 captivantem
1497 791 1564 818 me
1593 774 1675 820 sub

289 844 416 904 »lege
444 843 610 907 peccati
635 860 736 907 ‹111ae
767 852 829 887 est
857 843 901 886 in
928 841 1133 887 membris
1154 841 1286 887 meis:
1309 842 1436 888 miser
1466 860 1570 903 ego,
1606 843 1677 889 in-

287 937 307 956 »
325 916 439 978 quit,
459 914 612 969 homo,
639 914 735 976 quis
751 930 817 958 me
834 913 1039 958 liberabit
1059 912 1113 958 de
1133 929 1316 976 corpore
1342 914 1493 960 mortis
1511 915 1676 974 hujus?

285 1006 305 1027 ›>
326 985 475 1030 Gratia
491 984 570 1029 Dei
592 1001 669 1046 per
693 985 840 1028 «lesum
861 984 1087 1029 Christum
1111 984 1351 1029 Dominum
1379 995 1574 1032 nostrum
1590 984 1623 1032 4.
1657 1008 1677 1027 »

286 1055 623 1117 Corpusmortis
647 1053 871 1117 quomodo
891 1054 1022 1099 vultis
1040 1054 1416 1117 interpretamini:
1442 1065 1584 1101 tamen
1604 1055 1677 1102 in-

286 1126 458 1171 firmato
484 1125 621 1170 libero
661 1125 840 1170 arbitrio
858 1163 867 1181 ‚
892 1125 1111 1172 infirmata
1130 1135 1285 1172 natura
1304 1126 1384 1172 ista
1408 1125 1608 1183 dicebat,
1636 1138 1678 1174 et

286 1196 563 1242 desiderabat
594 1213 672 1259 per
694 1196 769 1241 Dei
797 1197 981 1255 gratiam
1012 1196 1065 1242 de
1089 1196 1239 1242 mortis
1266 1215 1450 1261 corpore
1471 1198 1673 1255 liberari,

293 1268 370 1314 nbi
393 1286 480 1313 non
508 1267 628 1331 quod
659 1267 835 1313 volebat
866 1268 1023 1328 agebat
1046 1270 1240 1325 bonum,
1272 1269 1343 1315 sed
1372 1269 1532 1315 malum
1557 1270 1676 1334 quod

286 1338 437 1384 oderat
461 1337 665 1384 iaciebat.

355 1410 512 1453 Verum
540 1409 806 1453 documento
830 1408 1098 1454 evidentiore
1120 1409 1375 1464 vincimini,
1402 1421 1487 1454 tam
1515 1410 1677 1469 grande

285 1491 514 1544 peccatum
548 1479 657 1525 illud
682 1479 811 1524 fuisse
843 1480 976 1542 primi
1010 1480 1225 1535 hominis,
1249 1490 1297 1525 ut
1330 1481 1447 1525 omni
1475 1480 1678 1527 violentia

283 1550 609 1597 consuetudinis
627 1561 731 1595 esset
755 1554 894 1609 majus
913 1561 954 1595 et
976 1554 1116 1613 pejt1S,
1136 1568 1236 1596 cum
1251 1551 1376 1597 vobis
1394 1551 1678 1614 proferuntur

286 1622 399 1668 mala
419 1638 654 1685 puerorum
676 1656 684 1675 ‚
706 1637 806 1682 qnze
829 1621 979 1683 utique
998 1621 1042 1665 in
1062 1621 1268 1684 paradiso
1294 1621 1441 1667 sutura
1466 1639 1552 1667 non
1571 1622 1676 1668 fuis-

286 1705 379 1741 sent
401 1732 411 1749 ‚
436 1695 468 1739 si
498 1705 544 1739 ut
572 1693 671 1739 inde
698 1711 784 1738 non
810 1693 1072 1756 pelleretur,
1097 1695 1138 1739 in
1168 1712 1215 1740 ea
1239 1693 1513 1740 rectitudinis
1535 1694 1677 1740 felici-

288 1778 372 1814 tate
390 1804 400 1823 ,
423 1767 569 1830 inqua
589 1766 705 1811 facta
731 1777 792 1810 est
814 1777 967 1812 natura
990 1767 1208 1823 humana,
1234 1769 1467 1814 mansisset.
1495 1769 1606 1813 Nam
1629 1779 1677 1815 ut

287 1839 390 1884 talia
417 1849 632 1883 taceamus
648 1874 657 1891 ‚
677 1854 777 1900 qnae
797 1838 964 1901 aliquot
988 1838 1094 1884 locis
1111 1842 1201 1898 jam
1222 1838 1408 1884 diximus
1428 1877 1438 1893 ,
1460 1849 1502 1883 et
1523 1849 1569 1884 ut
1589 1856 1676 1885 non

285 1910 424 1955 solum
463 1908 686 1954 indoctam
711 1945 720 1963 ‚
749 1925 897 1954 rerum
934 1910 1062 1955 etiam
1100 1909 1335 1956 indocilem
1370 1919 1677 1973 praetereamus

287 1980 513 2026 infantiam
534 1997 544 2024 :
568 1995 711 2024 nonne.
733 1979 889 2043 aliquis
906 1997 1016 2043 puer
1036 1980 1255 2044 accipiens
1274 1997 1297 2026 a
1324 1980 1528 2040 magistro
1555 1980 1677 2044 quod

288 2051 494 2098 memoria
527 2051 756 2103 retineret,
782 2051 929 2097 volens
973 2062 1113 2098 tenere
1144 2069 1223 2098 nec
1261 2050 1433 2107 valenS‚
1464 2051 1497 2097 si
1533 2062 1676 2115 posset

286 2123 428 2170 dicere
448 2160 458 2178 ‚
482 2122 699 2169 verissime
734 2122 898 2168 diceret
921 2160 930 2178 ‚
954 2124 1091 2169 Video
1126 2123 1254 2169 aliam
1288 2123 1425 2183 legem
1459 2122 1504 2168 in
1531 2122 1675 2168 anima

285 2211 379 2241 mea
416 2203 730 2256 repugnantem
769 2191 851 2252 legi
890 2193 1127 2239 voluntatis
1150 2210 1278 2248 meae,
1312 2203 1355 2238 et
1379 2190 1672 2256 captivantem

285 2283 354 2311 me
394 2264 476 2310 sub
517 2263 609 2322 lege
647 2262 882 2308 ferularum
923 2280 1023 2328 quae
1059 2263 1258 2310 imminet
1295 2263 1502 2309 membris
1537 2263 1670 2310 meis:

285 2336 415 2381 Miser
448 2351 526 2394 ego
566 2333 724 2389 bomo,
761 2335 858 2397 quis
890 2352 956 2380 me
979 2334 1186 2380 liberabit
1222 2334 1275 2380 de
1314 2348 1497 2397 corpore
1522 2333 1673 2379 mortis

283 2406 447 2466 hujus?
478 2407 653 2468 Corpus
684 2405 797 2450 enim
827 2406 1117 2469 corruptibile
1142 2416 1347 2466 aggravat
1378 2405 1565 2450 animam
1584 2443 1594 2463 ‚
1625 2415 1672 2450 ut

281 2476 402 2542 quod
424 2475 519 2521 vult
543 2475 752 2520 memoria
789 2487 930 2521 tenere
946 2513 956 2531 ‚
995 2494 1083 2521 non
1118 2477 1268 2540 possit.
1304 2477 1359 2521 Et
1382 2475 1435 2521 de
1459 2475 1546 2521 hoc
1575 2492 1669 2521 cor-

284 2546 486 2611 ruptibili
517 2563 700 2609 corpore
735 2546 832 2610 quis
866 2546 1022 2593 liberat
1047 2548 1128 2593 nisi
1152 2547 1286 2608 gratia
1317 2547 1391 2593 Dei
1427 2563 1505 2609 per
1522 2549 1667 2594 Jesum

332 2630 340 2652 ¹
363 2633 459 2662 Rom.
483 2639 542 2665 vn,
560 2631 615 2660 23,
