1863 3262
188 292 344 322 oPEms
379 286 639 322 IMPERFECTI
676 286 850 318 CONTRA
888 287 1134 330 summum,
1173 289 1258 320 ΜΒ.
1302 290 1368 320 111.
1445 273 1506 337 [⁸9

133 359 264 423 plane
288 357 535 418 longissimo
559 366 601 401 et
622 354 931 418 loquacissimo
955 353 1069 400 libro
1085 392 1096 411 ,
1127 354 1285 401 frustra
1309 373 1357 401 ea
1377 354 1509 400 fueris

132 430 179 476 in
210 429 462 475 haereticam
485 436 669 472 vestram
695 424 949 470 sententiam
972 441 1059 470 non
1090 437 1255 472 vertere
1271 464 1282 484 ,
1309 425 1382 472 sed
1402 443 1508 490 per-

133 511 324 554 vertere3
346 515 437 544 non
456 513 667 560 exponere
681 534 692 553 ,
717 495 790 541 sed
815 496 1047 541 obscurare
1064 507 1258 544 conatus,

198 570 316 616 LIX.
357 570 456 615 JUL.
500 589 521 609 «
546 567 593 613 Si
617 577 761 612 autem
795 565 949 612 dixeris
971 604 982 623 ‚
1021 567 1126 630 quia
1161 584 1248 614 una
1284 580 1346 614 est
1371 568 1512 615 forma

132 639 408 703 baptismatis
423 676 434 695 ,
460 654 549 702 qua
571 636 751 683 diversae
770 637 910 682 aetatis
932 637 1131 683 homines
1163 651 1473 686 consecrantur
1496 658 1507 685 :

133 709 358 767 fateberis,
391 710 519 756 etiam
552 726 620 754 me
642 718 834 764 tacente,
863 709 1320 756 commemorationem
1347 712 1410 757 ibi
1434 728 1513 757 nec

135 781 420 841 generationis
443 780 614 826 infectae
632 817 643 836 ,
667 797 746 825 nec
766 781 908 825 carnis
932 778 1166 826 diabolicae
1183 818 1194 838 ,
1213 797 1293 826 nec
1311 781 1419 827 Adae
1439 781 1515 827 ali-

133 867 268 914 quam
288 851 499 896 contineri
525 868 535 895 z
561 849 615 895 ad
643 849 762 914 quod
790 860 933 895 tamen
959 866 1035 895 suo
1067 850 1194 908 loco,
1225 852 1425 915 quamvis
1458 852 1514 898 ad

134 921 360 967 traducem
380 937 470 966 non
496 919 704 983 spectetffl,
730 920 858 984 plene
876 921 1126 984 responsuri
1144 938 1307 969 sumus.
1331 943 1352 964 ›>

201 993 317 1038 Aue.
360 991 449 1037 Ubi
468 990 729 1054 respondere
747 990 933 1055 coeperis
948 1028 960 1048 ,
983 992 1090 1055 quid
1104 992 1167 1039 ibi
1189 993 1295 1051 nisi,
1316 1004 1364 1040 ut
1383 993 1513 1053 soles,

135 1062 369 1109 haereticus
394 1062 657 1126 apparebis?

200 1134 294 1181 LX.
336 1137 359 1179 J
365 1150 433 1180 οι.
475 1154 496 1175 «
525 1133 665 1178 Unam
689 1149 789 1193 ergo
809 1132 961 1179 saltem
983 1144 1135 1179 contra
1160 1144 1325 1181 tantam
1352 1154 1375 1182 a
1392 1136 1520 1182 nobis

136 1203 459 1268 productorum
483 1203 652 1249 testium
674 1203 929 1263 dignitatem
944 1241 954 1257 ,
977 1215 1127 1250 contra
1135 1206 1351 1263 justitiam
1372 1207 1516 1252 mani-

135 1276 310 1332 festam,
335 1284 487 1320 contra
518 1273 797 1337 perspicuam
832 1274 1066 1331 rationem,
1091 1275 1197 1337 legis
1228 1275 1307 1321 ede
1346 1287 1521 1323 senten-

135 1344 241 1390 tiam
261 1381 272 1401 ,
302 1360 382 1408 per
402 1359 536 1406 quam
554 1353 595 1388 te
620 1342 819 1388 ostendas
836 1342 965 1388 fuisse
983 1343 1217 1407 deceptum
1242 1363 1252 1390 :
1278 1346 1397 1409 quod
1422 1346 1522 1393 ideo

138 1413 312 1470 addidi,
346 1413 449 1476 quia
483 1411 648 1458 etiamsi
677 1422 784 1458 esset
810 1428 911 1475 quae
934 1413 1020 1458 tale
1048 1412 1215 1477 aliquid
1237 1416 1521 1477 ambiguitate

135 1484 376 1531 verborum
397 1493 629 1548 putaretur
646 1483 893 1539 ostendere,
913 1483 1096 1529 aliarum
1118 1495 1260 1531 tamen
1287 1488 1523 1534 sententia·-

136 1571 234 1600 rum
261 1553 491 1618 splendore
508 1563 551 1599 et
579 1553 824 1614 magisterio
838 1589 850 1610 ,
879 1553 940 1599 ita
962 1564 1011 1599 ut
1022 1555 1207 1614 justitiae
1229 1557 1518 1618 congruebat,

138 1624 377 1685 cogebatur
400 1623 571 1688 exponi.
597 1645 619 1666 »

206 1696 320 1742 Aue.
362 1695 492 1740 Certa
510 1731 522 1751 ,
549 1711 638 1740 non
671 1693 904 1755 ambigua,
937 1705 1090 1741 contra
1116 1712 1194 1742 vos
1223 1696 1372 1744 divina
1396 1699 1519 1745 testi-

137 1767 284 1814 monia
305 1764 613 1830 proferuntur3
633 1764 743 1811 sicut
755 1767 847 1824 jam
863 1782 885 1810 a
898 1765 1026 1811 nobis
1044 1765 1179 1812 multa
1196 1767 1370 1830 prolata
1389 1779 1515 1814 sunt:

138 1837 212 1884 sed
239 1837 342 1901 quia
362 1836 564 1882 tenebras
585 1846 748 1883 vestras
771 1834 1063 1896 redarguunt,
1101 1836 1225 1884 vobis
1258 1837 1407 1884 lucida
1430 1857 1520 1886 non

136 1907 370 1962 videntur3
396 1917 439 1952 et
470 1922 764 1970 quaecumque
800 1906 925 1952 vobis
960 1923 1036 1952 sua
1069 1907 1267 1953 radiante
1301 1909 1398 1955 luce
1424 1927 1520 1956 mo-

138 1979 244 2026 lesta
269 1988 393 2035 sunt,
418 1987 570 2023 contra
595 1977 669 2022 illa
699 1993 774 2022 cor
795 1976 1020 2034 clauditis,
1045 1994 1098 2023 ne
1117 1978 1218 2023 inde
1244 1997 1326 2025 nox
1345 1981 1519 2042 fugetur

138 2065 307 2096 erroris,

204 2120 322 2167 LXI.
363 2117 389 2162 J
396 2133 464 2164 uL.
505 2138 527 2159 c<
550 2116 679 2162 Nunc
704 2126 850 2162 autem
874 2133 975 2163 cum
1002 2134 1081 2163 nec
1115 2119 1267 2180 exigua
1298 2121 1518 2185 opinionis

139 2197 273 2254 hujus
307 2189 354 2236 in
379 2187 617 2251 Scripturis
653 2187 810 2233 sanctis
835 2187 1082 2234 inveniatur
1103 2191 1298 2248 occasio,
1327 2203 1369 2238 et
1395 2209 1417 2238 e
1443 2210 1515 2239 re—

141 2266 266 2326 gione
278 2259 386 2306 fides
403 2275 536 2322 quam
550 2268 741 2314 tuemur,
757 2274 845 2302 non
862 2257 1006 2304 minus
1018 2259 1104 2305 suis
1123 2260 1365 2308 rationibus
1382 2280 1517 2327 quam

141 2330 344 2396 exemplis
364 2340 407 2375 et
426 2328 680 2374 testimoniis
699 2327 919 2373 munietur
942 2345 953 2373 t
980 2329 1146 2376 funesta
1169 2347 1211 2376 es
1233 2348 1411 2395 prorsus
1430 2333 1517 2379 ob-

141 2403 370 2454 stinatione
391 2415 621 2463 pervasus,
648 2399 726 2462 qui
752 2409 882 2461 putas
905 2398 1066 2445 damno
1099 2400 1228 2461 legiS,
1256 2402 1416 2450 damno
1442 2422 1517 2451 ra-

141 2474 294 2529 tionis,
333 2470 493 2516 damno
521 2468 769 2532 prudentiae
787 2506 798 2525 ‚
837 2469 1086 2533 damnoque
1119 2472 1326 2532 justitiae,
1370 2476 1518 2523 Mani-

142 2546 370 2593 chaeorum
396 2539 572 2586 somniis
593 2538 887 2587 annuendum.
914 2561 935 2583 »

192 2629 203 2653 ι
224 2629 319 2659 Rom.
336 2635 366 2663 v,
384 2634 438 2655 12.

307 2693 451 2725 CXLIV.

1389 2684 1419 2739 ⁴>
