1824 3236
241 241 395 272 OPERIS
433 240 685 271 lMPERFECTt
727 239 896 269 CONTRA
936 241 1181 275 Ji‘litht‘M.
1223 243 1310 272 Lm.
1354 244 1410 274 tv.
1463 231 1553 292 203

174 308 418 369 jaculatus,
447 306 567 363 Quid
590 323 690 366 ergo
718 305 907 361 mirum,
936 306 969 351 si
1004 309 1179 367 majoris
1202 325 1352 354 eorum
1380 321 1555 373 proter·

183 379 266 425 viae
289 377 490 433 merit01‚
516 376 738 422 sententiae
761 386 850 421 erat
876 378 1122 423 austeritate
1139 379 1383 442 perculsus,
1409 398 1556 427 recor-

178 448 305 496 datus
327 459 387 495 est
412 447 600 510 scriptor
623 447 668 492 in
694 446 912 493 maculam
930 458 1204 510 posterorum
1233 467 1322 495 non
1346 450 1558 498 desisten-

179 520 287 566 tium
310 520 366 566 ab
396 517 698 568 aemulatione,
727 534 827 563 cum
864 517 1113 581 frequenter
1142 519 1186 565 in
1217 518 1308 580 lege
1331 520 1518 568 imitatio
1540 560 1552 579 ‚

175 602 448 655 posterorum
481 588 810 635 necessitudinis
847 605 1024 652 quoque
1063 590 1290 636 vocabulis
1327 603 1548 652 arguatur.

177 662 250 707 Sic
272 661 438 724 quippe
464 659 672 705 Dominus
687 659 734 705 in
756 659 990 720 Evangelio
1011 660 1064 706 ad
1090 660 1268 707 Judaeos
1285 679 1295 706 :
1315 682 1334 702 c<
1354 662 1457 720 Vos,
1483 664 1558 709 in-

176 752 196 773 »
220 731 334 794 quit,
355 748 401 776 ex
413 740 537 794 patre
555 729 735 776 diabolo
758 730 936 777 estis2.»
950 731 1005 776 Et
1022 730 1176 776 Daniel
1198 742 1349 777 contra
1375 749 1558 796 spurcos

172 803 474 866 presbyteros,
517 801 571 846 de
610 801 746 847 lsrael
774 811 920 847 tamen
943 802 1077 866 stirpe
1116 801 1335 849 venientes
1355 839 1366 858 ‚
1404 803 1557 850 eodem

173 891 324 933 genere
343 874 501 934 legitur
525 874 722 919 invectus
746 891 756 918 :
785 895 804 915 «
825 874 980 919 Semen
1000 912 1010 930 ‚
1033 875 1179 939 inquit
1195 911 1206 931 ,
1234 874 1448 920 chanaan
1464 912 1475 931 ‚
1516 886 1558 922 et

171 965 193 986 >³
212 962 300 990 non
317 945 341 989 J
348 945 432 990 uda
450 943 482 991 3.
495 966 513 986 n
536 943 730 989 Ezechiel
748 961 924 1008 quoque
940 945 1159 1008 propheta
1173 945 1409 1009 exprobrat
1426 945 1552 1009 plebi

170 1015 420 1062 Jerusalem.
452 1036 473 1057 (ε
501 1015 641 1060 Mater
664 1025 736 1060 tua
756 1051 767 1070 ‚
795 1015 967 1078 inquit,
997 1016 1223 1071 Cetthaea‚
1247 1026 1290 1061 et
1312 1025 1436 1079 pater
1456 1027 1558 1063 tuus

171 1108 192 1128 ›>
213 1087 496 1133 Amorrhaeus
509 1085 542 1133 4.
565 1108 584 1128 ›>
612 1087 686 1132 Est
709 1103 808 1146 ergo
837 1086 912 1132 hic
935 1103 1034 1133 usus
1064 1097 1113 1133 ut
1143 1086 1197 1132 ad
1218 1086 1456 1132 voluntatis
1481 1087 1555 1133 in-

169 1157 332 1203 vidiam
352 1157 577 1203 infamatio
605 1157 751 1220 stirpis
770 1156 973 1214 accedat,
1001 1157 1274 1221 nimiumque
1299 1157 1473 1203 crimini
1491 1157 1555 1205 vi-

169 1228 324 1274 deatur
346 1228 570 1274 adhaerere
588 1264 598 1282 ‚
626 1244 704 1291 per
725 1232 850 1287 qu'us
875 1228 1075 1274 meritum
1102 1227 1345 1274 convitium
1373 1228 1555 1291 patiun-

168 1308 241 1344 tur
274 1308 316 1343 et
347 1298 524 1344 semina.
566 1297 775 1343 Servatur
811 1307 957 1343 autem
990 1298 1065 1344 hic
1093 1298 1210 1344 idem
1242 1315 1335 1343 mos
1354 1298 1482 1344 etiam
1509 1298 1557 1344 in

166 1370 384 1416 bonorum
417 1380 541 1433 parte
560 1405 571 1424 ,
604 1370 654 1414 utv
675 1385 776 1414 cum
803 1368 976 1414 videtur
1006 1369 1142 1415 homo
1166 1386 1246 1433 per
1270 1369 1416 1415 omnia
1444 1386 1556 1432 pro-

166 1440 272 1497 bus,
290 1440 527 1500 congenitis
547 1439 721 1485 dicatur
740 1439 894 1485 florere
914 1439 1163 1487 virtutibus.
1191 1439 1318 1486 Unde
1338 1450 1378 1485 et
1399 1440 1554 1486 beatus

165 1511 251 1557 Job
266 1510 576 1557 misericordiae
597 1511 797 1556 affectum
821 1527 911 1574 quo
925 1511 1215 1557 subveniebat
1230 1510 1549 1571 indigentibus,

167 1581 221 1628 de
239 1582 450 1628 uberibus
474 1599 516 1627 se
543 1581 758 1637 traxisse5,
788 1581 876 1627 imo
901 1581 955 1627 de
981 1592 1105 1628 utero
1123 1582 1273 1627 matris
1299 1598 1389 1627 suae
1406 1598 1553 1628 secum

166 1655 397 1699 confirmat
411 1670 639 1714 egressum.
672 1653 796 1700 Nihil
817 1670 917 1713 ergo
942 1654 1074 1700 rebus
1087 1653 1354 1718 perspicuis,
1390 1664 1466 1699 aut
1493 1653 1555 1700 si-

165 1724 369 1771 militudo
393 1762 405 1778 ,
441 1735 516 1771 aut
538 1725 805 1785 exaggeratio
822 1761 834 1780 ‚
870 1735 945 1770 aut
970 1725 1233 1785 ambiguitas
1259 1724 1553 1790 praejudicare

164 1806 335 1859 potest:
362 1795 572 1860 quoniam
611 1812 712 1841 cum
737 1805 906 1841 certum
934 1795 989 1841 sit
1025 1812 1253 1859 nunquam
1283 1795 1551 1841 naturalium

164 1883 309 1912 rerum
336 1866 646 1913 correctionem
672 1884 695 1912 a
723 1865 981 1912 mortalibus
1005 1867 1202 1929 reposci,
1224 1866 1459 1929 praecipiat
1479 1882 1553 1912 au-

164 1947 250 1982 tem
281 1940 398 1983 Deus
421 1947 469 1982 ut
499 1935 708 1982 desistant
740 1936 939 1982 homines
971 1954 994 1982 a
1018 1937 1162 1990 malo;
1196 1937 1316 1982 omni
1342 1954 1443 1982 vero
1472 1953 1550 1983 ve-

163 2007 253 2055 rius
274 2008 572 2071 approbatur,
602 2007 798 2052 naturale
823 2018 1058 2071 peccatum
1081 2024 1169 2053 non
1192 2024 1279 2052 esse
1303 2023 1442 2070 posse.
1464 2027 1484 2048 ²>

228 2079 343 2126 ΑΗΘ.
369 2077 537 2123 Putasti
554 2077 732 2141 quidem
755 2087 796 2123 te
814 2078 1057 2141 exposuisse
1081 2077 1218 2124 verbo
1241 2076 1343 2122 libri
1365 2077 1549 2140 Sapien-

162 2151 234 2197 tiae
254 2168 265 2196 ε
292 2149 366 2196 sed
389 2166 478 2195 non
501 2166 549 2195 ea
572 2148 722 2194 sineris
744 2147 917 2195 eludere
944 2149 1089 2196 verbis
1128 2149 1403 2212 insipientiae.
1433 2149 1547 2196 Satis

161 2222 277 2267 enim
291 2230 502 2285 apparet,
526 2230 568 2266 et
591 2219 758 2265 clarum
783 2230 846 2266 est
861 2257 872 2275 ‚
900 2219 1126 2284 quomodo
1148 2219 1222 2266 illa
1239 2220 1357 2264 natio
1376 2220 1549 2284 nequis-

161 2293 268 2338 sima
280 2291 399 2338 dicta
421 2291 500 2347 sit,
528 2294 706 2354 ejusque
725 2290 890 2337 malitia
910 2291 1146 2344 naturalis3
1170 2289 1394 2354 quomodo
1415 2291 1547 2336 etiam

162 2363 218 2410 sit
241 2363 457 2427 appellata
474 2399 484 2418 ‚
508 2379 652 2408 semen
674 2362 956 2408 maledictum
984 2363 1040 2408 ab
1064 2362 1188 2408 initio
1203 2362 1237 2409 ⁶.
1270 2360 1466 2418 sienim,
1496 2372 1547 2408 ut

162 2445 212 2482 tu
244 2445 374 2499 putas
396 2470 407 2490 ,
447 2443 629 2497 propter
659 2432 1006 2492 aemulationem,
1046 2433 1093 2479 id
1125 2443 1219 2489 est,
1257 2431 1545 2478 imitationem

211 2535 221 2557 ¹
243 2537 338 2566 Forte
354 2534 463 2571 deest,
485 2544 545 2576 ins.
566 2550 612 2557 —
636 2530 652 2554 ²
670 2535 766 2565 Joan.
795 2544 869 2574 vm,
892 2539 946 2569 44.
965 2550 1008 2556 —-
1033 2530 1047 2554 3
1067 2534 1145 2564 Dan.
1166 2543 1239 2571 xm,
1257 2532 1315 2567 56.
1331 2549 1374 2554 —
1390 2528 1404 2553 ⁴
1425 2530 1542 2566 Ezech.

161 2601 229 2629 xvx‚
249 2592 266 2623 3
286 2596 318 2624 et
338 2591 394 2629 45.
409 2607 456 2614 -
471 2587 486 2612 ⁵
504 2590 582 2623 Job.
603 2600 689 2629 xxxi,
709 2590 762 2622 18.
778 2606 823 2613 --
841 2587 856 2610 ⁶
871 2593 944 2633 Sap.
965 2600 1020 2629 ιιι,
1046 2599 1099 2623 11,
