1824 3236
316 220 409 267 326
723 238 758 267 s.
804 237 1047 270 Aucus'rlut
1084 240 1287 271 Eriscori

311 301 433 348 dicit.
455 300 538 348 Sed
564 301 675 349 illud
698 303 815 351 aliud
843 306 921 351 nisi
944 306 1160 353 laetissime
1184 307 1265 366 logi
1290 323 1378 352 11011
1396 317 1564 370 potest:
1590 324 1696 370 quo-

310 372 427 418 niam
450 373 484 418 si
509 390 593 418 non
618 386 838 437 peccasset
860 376 1015 434 Adam,
1042 378 1103 423 sic
1128 377 1274 441 potuit
1302 376 1474 433 mulier,
1500 377 1611 422 sicut
1630 395 1694 422 se-

310 459 397 503 ges,
426 443 479 490 ad
496 443 827 491 foecunditatem
844 448 988 510 parari
1007 466 1017 493 :
1041 447 1152 493 forte
1174 459 1220 493 ut
1240 465 1318 511 per
1335 465 1483 493 omnes
1496 448 1697 493 articulos

311 530 362 558 ac
387 531 467 577 per
482 515 671 561 minutas
696 533 932 581 corporum
952 518 1134 573 fistulas,
1152 535 1258 582 quas
1289 517 1447 563 medici
1469 520 1605 581 πόρους
1625 534 1697 562 vo-

309 595 429 641 cant,
454 586 588 650 spicae
608 600 883 652 erumperent
910 589 1123 645 filiorum3
1150 601 1278 653 atque
1295 589 1354 635 ita
1377 589 1582 634 omnibus
1598 588 1698 633 laeta

312 656 533 719 partibus,
564 669 716 721 partus
739 677 820 723 pro
841 660 1055 724 pediculis
1082 660 1309 706 exsudaret
1333 660 1417 724 (3).
1458 659 1540 705 Sed
1564 660 1595 704 si
1614 659 1698 704 ali—

312 727 389 790 qui
405 738 446 773 et
460 745 540 791 per
558 729 695 775 oculis
711 742 1003 795 erumperent,
1024 731 1295 777 auferrentur
1308 731 1473 776 lumina
1493 731 1691 794 parienti.

312 798 404 844 etsi
432 800 704 863 pupularum
730 803 919 862 globulis
944 803 1136 848 examina
1157 802 1323 862 galeata
1342 801 1587 865 prodirent,
1612 802 1699 846 im-

311 881 567 932 precaretur
585 873 676 918 sine
700 873 838 920 dubio
867 875 1039 920 czecitas
1065 875 1311 921 orbitatem.
1351 874 1438 919 Noc
1467 872 1701 918 difficulter

309 957 428 995 sane,
450 959 537 988 non
562 954 706 1006 parta,
731 944 804 990 sed
825 945 977 991 sudata
1002 945 1170 991 soboles
1197 955 1440 997 necaretur,
1471 955 1598 1007 atque
1623 944 1700 989 ha-

313 1010 490 1057 beretur
525 1031 645 1074 gens,
692 1025 740 1060 ut
770 1016 886 1079 apud
913 1016 1084 1062 fabulas
1121 1016 1455 1071 Mirmidonum,
1498 1015 1556 1060 ita
1580 1014 1699 1078 apud

312 1082 553 1130 Mauichaei
593 1085 814 1146 dogmata,
844 1087 912 1133 vel
937 1087 1205 1151 pedicularia
1222 1125 1232 1144 ‚
1259 1087 1326 1134 vel
1351 1086 1581 1150 pulicaria.
1615 1085 1700 1131 Sed

314 1153 414 1199 haec
427 1165 532 1200 esset
548 1154 711 1202 foetura
731 1157 921 1203 mulieris
944 1176 953 1203 ε
972 1159 1039 1205 vir
1064 1170 1206 1204 autem
1220 1157 1328 1222 quid
1346 1167 1490 1221 posset
1506 1156 1702 1202 efficere?

314 1223 578 1272 Admoveret
602 1227 811 1274 nimirum
853 1246 941 1274 non
978 1230 1193 1285 membra,
1223 1228 1295 1274 sed
1322 1228 1580 1274 ferramenta
1605 1264 1615 1282 ,
1661 1237 1703 1272 et

315 1296 571 1355 genitalium
594 1315 757 1345 vacuus
783 1300 1053 1363 imprimeret
1090 1317 1281 1345 vomeres
1306 1317 1356 1344 ac
1381 1298 1558 1359 ligones.
1595 1300 1701 1342 Gra-

314 1376 376 1412 tes
392 1384 492 1426 ergo
513 1369 1045 1433 amplissimaeprimorum
1068 1371 1299 1416 hominum
1321 1370 1536 1415 debentur
1551 1367 1701 1425 errori,

314 1455 403 1502 quo
432 1448 518 1485 tam
544 1440 686 1487 beatae
703 1453 872 1488 naturae
897 1453 1110 1487 tormenta
1134 1443 1268 1487 vitata
1287 1452 1401 1486 511111.
1439 1439 1583 1484 Mitius
1605 1456 1704 1502 par·

316 1521 387 1556 tus
413 1511 501 1572 agit
520 1528 622 1558 cum
642 1511 852 1568 foeminis,
881 1513 1132 1568 etmaritus,
1164 1512 1340 1576 quamsi
1358 1522 1430 1557 aut
1456 1521 1595 1556 aratra
1612 1527 1704 1555 sen-

318 1582 466 1637 tirent,
517 1593 589 1629 aut
635 1583 888 1648 importuna
928 1602 1009 1648 per
1035 1596 1175 1631 totum
1214 1600 1375 1647 corpus
1416 1581 1704 1628 foecunditate

319 1652 620 1716 sylvescerent.
642 1656 915 1720 Impleantur
929 1657 1277 1702 Manichaeorum
1297 1654 1425 1701 facies
1444 1653 1700 1713 ignominia,

318 1735 360 1769 et
386 1736 585 1787 quaerant
626 1744 784 1772 nomen
815 1735 939 1773 tuum
963 1764 973 1782 ‚
1008 1726 1204 1773 Domine.
1240 1727 1279 1772 Ο
1321 1734 1526 1789 portenta
1551 1722 1704 1768 crimi-

318 1796 519 1841 nantium
557 1797 807 1844 innocentes
833 1810 875 1844 et
916 1799 1055 1844 Deum
1079 1835 1089 1855 ,
1117 1797 1319 1857 suffragia
1349 1805 1705 1857 argumentorum

319 1878 361 1912 et
384 1868 729 1915 testimoniorum
758 1871 767 1916 1

388 1940 509 1997 Cur,
545 1940 712 2004 inquit,
762 1957 850 1986 non
887 1940 1115 1987 credamus
1148 1941 1251 2004 quia
1282 1938 1425 2003 potuit
1460 1937 1583 1983 aliter
1614 1936 1708 1982 fieri

321 2021 477 2057 natura
495 2049 506 2067 ,
536 2029 670 2076 quam
705 2011 817 2058 facta
843 2011 1152 2074 conspicitur?
1180 2011 1315 2068 Quasi
1341 2019 1563 2073 quaeratur
1598 2007 1707 2070 quid

321 2082 532 2146 potuerit,
559 2093 601 2128 et
629 2100 718 2129 11011
741 2083 848 2146 quid
868 2082 1099 2128 instituerit
1120 2083 1247 2129 Deus.
1275 2081 1320 2126 Si
1334 2081 1442 2126 libet
1459 2096 1505 2124 ea
1524 2078 1707 2123 libidine

323 2152 649 2218 opinandiquae
668 2164 769 2199 sunt
787 2153 900 2199 facta
921 2152 1239 2217 reprehendere
1257 2188 1267 2208 ,
1296 2162 1344 2196 ut
1366 2150 1582 2206 dicamus,
1605 2148 1708 2211 quia

322 2224 417 2269 sieri
443 2223 568 2270 aliter
590 2235 859 2288 potuerunt,
885 2224 983 2270 ideo
1015 2241 1115 2288 quae
1138 2234 1238 2270 511111
1264 2221 1462 2268 instituta
1487 2238 1574 2266 non
1603 2219 1707 2265 red-

321 2294 435 2341 dunt
458 2307 625 2342 naturae
640 2296 772 2342 bonae
796 2296 1091 2342 testimonium
1110 2316 1121 2350 3
1145 2294 1482 2360 pronuntiemus
1505 2292 1608 2357 quia
1629 2309 1707 2356 po—

320 2367 405 2412 tuit
428 2369 545 2413 Deus
573 2367 777 2432 bicipites
800 2368 940 2414 facere
974 2367 1179 2413 mortales
1202 2405 1212 2423 ,
1240 2366 1340 2412 ideo
1377 2364 1609 2428 unicipites
1628 2401 1639 2420 ,
1666 2374 1708 2409 et

319 2438 396 2501 qui
417 2438 605 2502 pedibus
625 2439 867 2486 insisterent
891 2439 1002 2485 male
1031 2450 1130 2485 sunt
1162 2438 1292 2494 facti,
1321 2437 1412 2483 fieri
1439 2436 1554 2482 enim
1578 2434 1703 2498 capi-

316 2510 394 2556 tati
419 2511 474 2556 ab
505 2522 689 2576 utraque
717 2523 841 2576 parte
864 2523 1103 2577 potuerunt
1122 2550 1132 2570 ,
1165 2529 1267 2577 quae
1290 2510 1431 2557 forma
1453 2509 1499 2555 in
1516 2508 1703 2574 quibus-

317 2581 421 2628 dam
458 2581 565 2630 solet
600 2600 811 2648 apparere
849 2584 1131 2642 vermiculis,
1156 2600 1345 2649 quorum
1381 2582 1529 2633 alvum
1563 2590 1707 2630 vertex
