1863 3262
153 297 308 330 OPERIS
346 292 606 327 IMPERFECTI
643 292 819 326 CONTRA
853 295 1097 339 JULIANUM,
1138 298 1225 329 LIB.
1268 299 1336 330 111.
1411 282 1470 347 57

105 374 247 427 potest
266 379 350 408 esse
367 361 481 406 Deus
499 359 594 406 talis
612 396 624 417 ,
645 360 818 424 qualem
844 361 1118 408 Manichaeus
1152 364 1364 418 somniat3
1398 363 1472 410 sed

105 445 166 480 est
191 435 312 498 pius,
342 437 486 494 justus
504 469 514 487 ‚
543 442 584 477 et
617 449 741 479 verus
764 436 881 479 Deus
899 470 910 489 ,
953 433 1127 497 qualem
1156 435 1294 480 omnis
1327 446 1477 481 sancta

107 506 359 569 Scriptura,
386 503 523 549 omnis
555 503 621 549 lex
653 514 694 549 et
725 504 831 550 fides
855 515 1000 551 nostra
1031 515 1274 552 veneratur.
1313 508 1376 552 Ac
1397 523 1475 570 per

105 575 209 632 hoc,
236 575 321 621 hoc
345 585 407 620 est
431 584 554 619 tuum
575 574 751 634 dogma,
774 575 893 638 quod
915 586 1076 622 etcum
1104 576 1184 621 Dei
1206 576 1365 635 injuria
1381 594 1478 623 sus-

105 647 288 710 cipitur,
307 647 367 692 ita
393 662 495 691 cum
520 649 610 705 ejus
629 645 795 692 honore
819 647 1105 694 destruitur.»

170 720 285 763 AUG.
319 716 365 762 Si
387 717 511 779 pium
533 717 674 761 Deum
699 718 861 763 sentitis
879 754 890 773 ,
912 735 1047 782 quare
1068 717 1339 764 Salvatorem
1353 755 1364 774 ,
1390 718 1476 764 hoc

105 797 183 844 est,
213 791 235 832 J
238 803 357 832 esum
376 804 398 832 a
414 786 608 851 parvulis
625 787 758 850 impie
784 789 1058 851 prohibetis?
1080 788 1125 833 Si
1140 792 1327 848 justum,
1342 805 1476 852 quare

105 875 232 918 grave
263 875 393 921 super
429 858 635 922 parvulos
663 862 820 918 jugum
852 859 940 905 sine
965 859 1094 904 ullius
1118 859 1289 921 peccati
1317 859 1478 904 meritis

105 928 315 974 creditis?
341 929 386 974 Si
397 945 565 985 verum,
584 946 718 992 quare
736 929 898 975 dicenti
918 967 929 987 ,
953 951 973 971 ε(
992 929 1193 976 Reddam
1211 930 1258 976 in
1276 929 1387 976 filios
1403 947 1480 993 pa-

83 1050 87 1053 ,
105 1019 126 1041 >2
146 1009 262 1044 trum
280 998 509 1062 peecata1‚
532 1020 553 1040 ›>
572 1017 659 1044 non
677 1000 852 1046 creditis
868 1004 886 1046 9

169 1070 414 1117 LXXXIV.
440 1074 541 1117 JUL.
573 1091 594 1111 «
625 1072 818 1134 Tempus
841 1082 903 1117 est
925 1083 974 1118 ut
998 1072 1053 1118 ad
1075 1072 1156 1117 alia
1183 1083 1444 1118 transeamus
1467 1089 1478 1116 ε

105 1139 178 1186 sed
204 1141 393 1204 reposcit
411 1159 432 1187 a
452 1141 579 1186 nohis
601 1157 743 1186 causae
764 1142 969 1201 dignitas,
996 1153 1043 1188 ut
1067 1143 1197 1188 etiam
1216 1159 1264 1187 ea
1287 1158 1387 1205 quae
1404 1157 1482 1187 su-

103 1210 266 1273 periori
303 1211 419 1257 libro
457 1222 666 1274 putamus
701 1212 990 1274 praetermissa
1012 1249 1021 1265 ,
1062 1212 1310 1258 reddamus.
1351 1211 1486 1268 Quod

104 1280 283 1343 quidem
294 1282 488 1344 prudens
506 1281 641 1326 lector
651 1298 1022 1343 supervacaneum
1036 1281 1218 1327 forsitan
1233 1281 1455 1342 judicabit
1470 1298 1480 1325 :

105 1360 251 1396 tamen
275 1351 484 1414 quoniam
510 1362 782 1414 compertum
815 1363 903 1408 est,
936 1369 1083 1398 rerum
1109 1352 1315 1416 periculis
1344 1351 1484 1415 depo-

106 1419 231 1466 sitam
257 1439 430 1468 causam
450 1422 579 1467 etiam
604 1421 774 1468 levibus
794 1422 1040 1477 inhaerere3
1066 1440 1197 1486 opera
1215 1433 1301 1480 est,
1324 1421 1488 1486 quibus

108 1492 316 1555 praesidia
334 1493 571 1547 sustuleris,
596 1492 763 1539 auferre
781 1494 946 1540 solatia.
966 1515 986 1535 ))

172 1567 292 1611 AUG.
321 1565 541 1621 Quoniam
565 1564 610 1609 in
638 1564 719 1610 alia
737 1565 918 1610 transire
943 1564 1093 1628 cepisti
1118 1601 1129 1620 ,
1151 1566 1243 1623 jam
1266 1562 1387 1626 quod
1411 1579 1488 1608 su-

107 1633 254 1696 perius
277 1634 577 1697 promisimus,
605 1633 814 1680 debemus
842 1634 1081 1691 ostendere,
1103 1634 1387 1698 prophetiam
1401 1632 1490 1678 sci-

110 1703 211 1749 licet
233 1704 471 1750 Ezechielis
489 1741 500 1760 ,
525 1721 611 1767 qua
635 1705 797 1751 dicitur
809 1717 987 1768 patrum
1006 1706 1050 1751 in
1069 1706 1181 1751 filios
1203 1715 1383 1768 peccata
1400 1720 1491 1749 non

111 1774 255 1831 reddi,
283 1776 395 1821 sicut
414 1775 605 1821 filiorum
626 1793 714 1821 non
740 1777 987 1822 redduntur
1010 1777 1054 1822 in
1076 1787 1219 1840 patres
1240 1813 1251 1832 ,
1284 1775 1338 1821 ad
1372 1791 1492 1838 prae-

108 1846 430 1892 nuntiationem
470 1847 688 1910 pertinere
729 1847 1004 1893 revelationis
1048 1847 1313 1893 Testamenti
1356 1847 1486 1892 Novi.

111 1917 231 1963 Dicit
250 1918 366 1963 enim
393 1917 479 1963 tale
504 1918 671 1980 aliquid
694 1918 824 1964 etiam
856 1918 1078 1981 propheta
1104 1917 1335 1973 Jeremias,
1362 1927 1404 1962 et
1428 1916 1493 1961 ibi

111 1987 229 2033 unde
246 1988 334 2033 hoc
360 1987 535 2033 dicatur
568 1989 773 2035 illustrat.
820 1991 932 2034 Nam
961 1990 1076 2034 inter
1106 1999 1287 2043 caetera,
1324 2009 1345 2029 «
1369 1992 1492 2032 Con-

112 2078 134 2099 »
154 2069 335 2114 Vertere,
357 2058 528 2121 inquit,
552 2059 673 2118 virgo
696 2059 830 2105 Israel
851 2096 861 2114 ,
886 2070 1095 2105 revertere
1113 2060 1159 2104 in
1186 2058 1380 2104 civitates
1398 2068 1494 2103 tuas

113 2149 134 2170 ›>
154 2128 337 2188 lugens:
367 2145 593 2192 usquequo
624 2130 826 2175 averteris
854 2130 943 2175 filia
959 2130 1250 2174 inhonorata?
1273 2128 1494 2184 Quoniam

113 2220 135 2241 »
158 2199 319 2245 creavit
352 2200 564 2245 Dominus
593 2200 776 2246 salutem
804 2202 850 2246 in
872 2201 1191 2264 plantationem
1220 2217 1380 2246 novam
1401 2236 1411 2255 ,
1447 2200 1495 2244 in

113 2291 135 2312 >2
160 2287 248 2334 qua
279 2270 415 2316 salute
455 2271 711 2317 circuibunt
747 2272 960 2318 homines.
1000 2271 1071 2317 Sic
1106 2271 1215 2317 dixit
1255 2270 1493 2327 Dominus,

114 2362 136 2383 ³>
157 2341 319 2387 Adhuc
345 2342 492 2388 dicent
525 2343 710 2389 verbum
743 2343 830 2388 hoc
867 2343 912 2388 in
944 2353 1056 2388 terra
1086 2342 1199 2388 Juda
1217 2379 1228 2398 ,
1267 2351 1309 2386 et
1334 2341 1380 2386 in
1403 2344 1494 2400 ejus

115 2431 137 2453 >³
157 2411 435 2467 civitatibus,
458 2429 558 2458 cmn
582 2413 798 2459 revocabo
817 2413 1117 2476 captivitatem
1141 2416 1178 2472 ej
1190 2429 1256 2467 us,
1282 2410 1494 2456 Benedic-

116 2492 230 2527 »tus
268 2482 481 2529 Dominus
519 2499 649 2547 super
680 2489 848 2544 justum
883 2494 1076 2529 montem
1112 2493 1313 2529 sanctum
1345 2496 1487 2527 suum.

115 2573 137 2594 ³>
157 2553 214 2598 Et
232 2553 309 2616 qui
333 2553 587 2601 inhabitant
600 2554 646 2601 in
675 2555 828 2602 Judaea
846 2565 888 2601 et
904 2555 950 2601 in
973 2553 1091 2604 omni
1124 2553 1299 2601 civitate
1324 2555 1417 2612 ejus
1433 2551 1493 2598 si-

165 2637 176 2660 1
194 2639 291 2671 Dent.
313 2645 343 2676 v,
360 2648 393 2678 9.
