1824 3236
148 272 304 304 OPERIS
339 267 604 302 IMPERFECTI
638 269 814 300 CONTRA
847 269 1091 311 JULIANL‘M>
1130 272 1217 302 Lm.
1259 273 1319 303 VI.
1370 257 1462 320 529

96 338 226 386 fuisse
247 337 500 402 promissam
516 373 526 392 ‚
552 335 620 382 vel
641 335 788 398 potius
811 335 1070 393 indicatam,
1094 337 1170 383 ubi
1192 338 1307 383 Deus
1325 337 1431 384 dixit
1452 376 1465 395 ,

100 410 268 455 «Terra
285 425 344 465 es,
364 418 405 454 et
427 408 473 454 in
490 418 643 452 terram
667 406 751 452 ibis
775 424 785 451 ι
803 428 820 448 >>
842 418 1043 472 tanquam
1062 409 1242 454 nesciret
1259 409 1392 455 homo
1409 409 1471 455 sic

101 496 143 527 se
163 478 293 526 fuisse
321 478 566 525 institutum
583 514 594 531 ,
622 487 671 522 ut
691 477 777 524 sive
795 489 1020 540 peccaret,
1041 478 1127 525 sive
1151 496 1239 524 non
1255 490 1473 543 peccaret,

101 549 341 597 moriturus
358 559 488 606 esset3
505 558 547 595 et
568 548 687 594 hanc
705 546 767 594 illi
781 549 1002 595 scientiam
1027 560 1134 600 ‚tune
1155 550 1269 595 Deus
1289 549 1482 596 donave—

102 621 161 672 rit
178 657 190 680 ,
207 619 384 685 quando
404 637 501 667 eum
521 637 602 684 pro
622 619 848 666 commissa
867 620 1095 684 iniquitate
1115 620 1367 668 damnavit?
1388 623 1487 667 Dis-

104 701 268 756 putans
289 690 458 755 quippe
482 690 536 737 de
554 690 623 736 his
639 690 717 738 Dei
737 690 897 748 verbis,
924 691 1004 737 ubi
1021 691 1080 736 ait
1100 709 1110 736 :
1143 711 1163 732 <‹
1176 692 1229 737 In
1247 691 1402 738 sudore
1417 691 1487 738 fa-

111 783 132 810 »
146 761 225 809 ciei
242 772 328 808 tuae
342 762 440 808 edes
457 778 616 826 panem
634 772 776 819 tuum,
797 761 935 808 donec
952 761 1174 808 revertaris
1196 762 1241 808 in
1260 773 1415 809 terram
1435 762 1490 808 de

107 855 130 877 »
145 849 235 898 qua
258 843 458 897 sumptus
476 850 543 890 eS,
565 833 668 897 quia
696 844 809 880 terra
830 850 895 889 es,
919 834 1018 879 etin
1042 844 1198 878 terram
1223 833 1320 878 ibis.
1346 855 1366 875 >2
1384 833 1494 879 Haec

108 921 209 950 sane
227 940 238 961 ‚
268 903 412 967 inquis
427 940 439 961 ,
462 921 562 967 pars
581 915 768 950 extrema
787 904 1010 950 sententiae
1029 941 1040 960 ,
1062 903 1175 949 sicut
1190 902 1264 949 illa
1283 903 1492 958 maliem,

114 974 169 1022 ad
184 973 421 1031 indicium,
449 992 537 1021 non
558 974 613 1020 ad
636 974 903 1039 supplicium
935 975 1124 1039 pertinet
1151 992 1161 1019 ε
1195 973 1302 1038 quin
1319 974 1427 1030 imo,
1450 982 1499 1018 ut

116 1062 182 1091 res
200 1044 390 1102 indicat,
421 1045 929 1093 consolaturhominem.
964 1046 1080 1103 Quia
1102 1046 1216 1091 enim
1238 1062 1368 1108 supra
1390 1080 1402 1101 ,
1427 1043 1501 1089 in-

117 1115 240 1180 quiS‚
267 1128 680 1166 commemoraverat
703 1117 872 1164 dolores
891 1155 902 1175 ‚
929 1116 1098 1164 labores
1116 1154 1127 1174 ,
1161 1115 1356 1172 sudores,
1382 1131 1498 1179 quo-

120 1202 221 1234 rum
238 1204 408 1234 sensum
428 1199 607 1245 natura,
639 1189 906 1236 nimietatem
930 1205 1114 1252 persona
1140 1197 1386 1252 susceperat
1406 1205 1417 1239 ;
1446 1202 1501 1230 nc

123 1257 274 1305 hocin
288 1269 499 1305 aeternum
519 1259 738 1306 videretur
754 1259 923 1305 extendi
940 1297 951 1316 ,
973 1259 1175 1304 mitificat
1192 1256 1498 1318 aegritudinem

126 1329 337 1377 terminus
359 1329 579 1377 indicatus
610 1349 621 1376 :
650 1348 700 1377 ac
724 1332 758 1377 si
782 1330 972 1386 diceret,
1008 1330 1168 1376 Verum
1205 1345 1294 1374 non
1334 1342 1503 1390 semper

126 1400 210 1448 ista
225 1399 420 1464 patieri8‚
439 1400 513 1447 sed
533 1400 672 1448 donec
686 1401 950 1449 convertaris
963 1401 1006 1447 in
1023 1411 1178 1447 terram
1190 1399 1243 1445 de
1255 1415 1340 1462 qua
1359 1415 1508 1460 sump-

136 1476 204 1518 tus
224 1487 268 1516 es
282 1507 294 1527 ‚
317 1471 420 1534 quia
439 1481 552 1518 terra
569 1489 612 1517 es
625 1509 637 1529 ,
656 1483 697 1518 et
715 1473 760 1518 in
783 1482 938 1518 terram
963 1471 1061 1518 ibis,
1081 1492 1101 1513 ›>
1118 1471 1227 1516 Haec
1245 1469 1393 1515 dicens
1406 1485 1508 1532 per·

116 1539 311 1590 *suadere
328 1541 519 1599 conaris,
536 1542 595 1588 ita
607 1543 784 1607 quidem
805 1554 998 1589 creatum
1019 1541 1261 1596 hominem,
1278 1551 1326 1586 ut
1340 1538 1506 1585 etiamsi

127 1611 391 1658 rectitudine
417 1611 546 1669 vitae,
566 1612 612 1658 in
631 1630 718 1686 qua
734 1624 901 1659 creatus
923 1624 1009 1668 est,
1038 1621 1337 1675 permaneret,
1368 1620 1509 1654 tamen

126 1681 320 1731 mortalis
332 1682 580 1729 necessitate
598 1692 766 1730 naturae
780 1683 1044 1747 quandoque
1061 1691 1298 1727 moreretur
1307 1698 1318 1737 ;
1333 1679 1404 1726 sed
1423 1679 1510 1724 hoc

132 1752 171 1799 ei
191 1769 280 1799 non
296 1769 382 1799 esse
403 1752 669 1810 indicatum,
693 1754 775 1800 nisi
795 1765 988 1817 tempore
1004 1751 1297 1798 damnationis
1321 1767 1410 1796 suae
1429 1787 1438 1805 ‚
1461 1759 1510 1795 ut

128 1840 326 1869 aerumna
345 1825 453 1883 ejus,
481 1840 536 1869 ne
560 1833 789 1886 putaretur
816 1834 1000 1879 aeterna,
1028 1823 1081 1868 de
1100 1822 1312 1886 promisso
1332 1821 1508 1884 accipe-

126 1905 193 1941 ret
212 1896 298 1940 fine
317 1894 534 1942 solatium.
564 1896 746 1941 Putaret
763 1912 861 1955 ergo
884 1895 1022 1941 Adam
1042 1911 1130 1939 non
1153 1911 1194 1939 se
1212 1893 1473 1938 moriturum
1492 1929 1503 1948 ,

127 1967 162 2012 si
183 1965 272 2012 hoc
291 1965 357 2012 illi
378 1982 466 2011 non
490 1965 723 2012 indicasset
750 1967 866 2012 Deus
891 1983 901 2010 :
931 1965 1018 2012 hoc
1036 1975 1179 2010 autem
1196 1981 1281 2009 non
1300 1963 1362 2009 illi
1389 1962 1508 2008 indi-

129 2046 266 2083 casset
282 2036 400 2082 Deus
419 2073 430 2092 ‚
449 2036 532 2082 nisi
555 2048 828 2101 peccatorem
847 2035 1045 2082 damnari
1067 2044 1286 2098 oporteret
1320 2051 1330 2078 :
1362 2050 1506 2078 rema-

130 2116 252 2153 neret
269 2123 370 2167 ergo
386 2106 431 2152 in
446 2107 533 2152 hoc
550 2123 692 2153 errore
711 2145 721 2164 ,
747 2124 836 2171 quo
854 2117 1065 2152 aeternum
1093 2122 1157 2161 se,
1187 2115 1260 2150 aut
1281 2119 1508 2166 nunquam

129 2175 394 2224 moriturum
411 2193 497 2222 esse
517 2176 740 2234 credebat,
756 2177 838 2222 nisi
855 2176 908 2222 ad
924 2175 1200 2239 sapientiam,
1221 2191 1358 2238 quase
1376 2173 1509 2218 homo

135 2247 389 2308 cognoscit,
416 2248 588 2311 peccati
604 2249 756 2294 merito
782 2247 1043 2311 perveniret.
1072 2246 1291 2291 Sentis-ne
1310 2243 1418 2308 quid
1437 2242 1509 2287 di-

136 2320 240 2365 cas?
261 2318 428 2382 Accipe
453 2318 586 2366 aliud.
618 2319 781 2366 Procul
804 2318 942 2364 dubio
976 2317 1166 2363 nesciens
1191 2315 1330 2362 Adam
1352 2332 1394 2360 se
1424 2330 1510 2359 csse

135 2389 425 2447 moriturum,
447 2389 569 2453 quod
601 2391 681 2436 nisi
714 2400 933 2455 peccasset
962 2389 1112 2452 utique
1134 2387 1338 2443 nesciret,
1369 2396 1511 2430 tamen

137 2460 172 2517 si.
190 2477 374 2524 peccare
397 2460 605 2508 noluisset
626 2462 753 2508 etiam
789 2462 875 2507 hoc
903 2461 1094 2506 nesciens
1126 2459 1279 2504 beatus
1302 2466 1435 2512 esset,
1471 2464 1513 2499 et

140 2531 321 2578 credens
339 2531 554 2578 contraria
574 2532 763 2578 veritatis
781 2532 906 2578 miser
926 2549 1011 2577 non
1031 2541 1148 2576 esset.
1171 2528 1389 2574 Audis-ne
1407 2524 1515 2589 quid

144 2601 298 2649 dicas?
321 2602 484 2666 Accipe
507 2613 549 2649 et
567 2603 755 2649 tertium.
783 2603 826 2648 Si
847 2601 1026 2662 justitia·
1048 2618 1136 2647 stuc
1162 2610 1354 2663 tempore
1377 2597 1513 2642 Adam

306 2690 450 2722 extrv.
1326 2671 1381 2724 δί
