1824 3236
344 307 437 362 404
767 317 801 347 s.
847 316 1089 346 aunos'nm
1127 315 1328 345 EP1sc01‘1

340 386 420 440 vit,
439 384 542 448 quia
562 382 727 436 voluit3
751 382 795 428 id
818 392 895 437 est,
925 381 1023 427 ideo
1050 381 1210 427 habuit
1243 381 1515 428 voluntatem
1540 383 1721 441 malum,

340 457 443 521 quia
461 455 614 502 voluit.
644 475 664 495 ›>

407 528 520 572 Aua.
546 526 652 580 Nos,
678 523 743 569 vel
768 525 911 587 potius
938 525 1032 587 ipsa
1052 524 1207 570 veritas
1225 523 1345 580 dicit,
1365 523 1569 587 perfectae
1589 524 1727 570 aetatis

341 596 540 643 homines
572 594 786 659 quosdam
828 595 1068 651 voluntate,
1110 594 1322 657 quosdam
1360 596 1626 652 necessitate,
1658 595 1726 641 vel

341 667 511 713 eosdem
530 667 647 730 ipsos
670 667 716 712 in
737 665 1003 729 quibusdam
1023 665 1263 719 voluntate,
1292 665 1336 710 in
1366 665 1631 729 quibusdam
1655 683 1728 711 ne-

341 739 534 784 cessitate
550 755 671 798 agere
687 737 866 783 malum.
894 738 932 793 Q
941 736 1026 782 uod
1041 736 1074 781 si
1092 736 1246 781 falsum
1262 747 1390 798 putas
1408 757 1419 790 3
1441 737 1564 782 illum
1585 737 1728 801 aspice

341 810 620 865 clamantem,
647 831 666 850 α
689 809 784 854 Non
798 807 919 871 quod
937 808 1035 853 volo
1055 807 1167 853 facio
1187 807 1372 863 bonum,
1395 807 1467 853 sed
1486 808 1604 871 quod
1626 808 1727 853 nolo

343 881 553 927 »malum
593 881 680 926 hoc
714 879 843 940 ago1.
873 902 893 922 »
919 880 1008 936 Qui
1043 879 1124 925 tibi
1165 879 1290 925 toties
1324 880 1368 924 in
1403 877 1554 924 faciem
1587 889 1730 924 retor-

340 952 541 1017 quendus
569 963 631 997 est
647 989 656 1007 ‚
692 950 860 1015 quoties
883 951 1030 997 dicens
1057 950 1157 1006 ista,
1183 950 1251 995 vel
1270 967 1357 995 non
1377 949 1523 995 videre
1547 960 1586 995 te
1605 949 1731 1009 fingis

340 1023 490 1078 istum,
511 1023 579 1068 vel
602 1022 781 1067 fortasse
804 1038 892 1067 non
910 1021 1043 1068 vides.
1077 1019 1199 1078 Quid
1221 1031 1259 1066 te
1288 1019 1572 1066 anfractuosis
1594 1019 1729 1065 invol-

342 1093 404 1138 vis
425 1093 709 1154 ambagibus'?
741 1093 839 1138 Non
858 1092 941 1138 tibi
962 1091 1143 1148 dicitur,
1180 1091 1485 1137 Necessitatem
1517 1091 1732 1156 peccandi

341 1165 502 1211 habuit
525 1165 678 1220 homo,
705 1164 809 1227 quia
829 1163 883 1209 de
907 1163 1047 1209 nihilo
1080 1163 1220 1209 factus
1237 1174 1299 1209 est
1326 1181 1336 1208 :
1365 1163 1440 1208 sed
1472 1174 1517 1208 tu
1545 1163 1627 1209 tibi
1645 1163 1731 1209 hoc

341 1237 464 1283 dicis.
496 1237 679 1282 Prorsus
708 1237 768 1281 ita
793 1234 934 1281 factus
973 1245 1053 1290 est,
1091 1245 1140 1280 ut
1166 1234 1730 1298 peccandipossibilitatem

342 1308 525 1354 haberet
551 1326 573 1353 a
590 1308 847 1363 necessario,
871 1317 1103 1370 peccatum
1129 1323 1231 1351 vero
1255 1323 1276 1352 a
1300 1306 1514 1369 possibili.
1543 1307 1732 1352 Verum-

342 1392 488 1426 tamen
513 1396 594 1425 nee
611 1379 752 1442 ipsam
780 1377 995 1442 peccandi
1021 1377 1357 1440 possibilitatem
1378 1378 1582 1435 haberet,
1605 1378 1637 1424 si
1655 1376 1732 1423 Dei

341 1462 499 1497 natura
533 1460 668 1495 esset:
709 1449 1011 1511 immutabilis»
1035 1449 1150 1493 enim
1175 1448 1373 1511 profecto
1399 1460 1521 1503 esset,
1549 1460 1591 1495 et
1624 1467 1735 1513 pec-

342 1540 440 1569 care
464 1539 550 1567 non
573 1531 729 1584 posset.
765 1520 863 1565 Non
893 1515 1025 1579 igitur
1049 1518 1147 1565 ideo
1171 1521 1390 1582 peccavit,
1420 1521 1492 1566 sed
1510 1521 1607 1566 ideo
1627 1537 1736 1585 pec-

343 1610 442 1639 care
468 1593 632 1656 potuit,
661 1591 764 1655 quia
786 1590 840 1636 (10
865 1589 1006 1635 nihilo
1040 1589 1181 1635 faetus
1205 1600 1279 1634 est.
1308 1591 1426 1636 luter
1447 1592 1667 1655 peccavit,
1695 1601 1736 1637 et

344 1681 527 1728 peccare
554 1663 702 1726 potuit
733 1661 975 1725 plurimum
997 1660 1128 1706 distat
1158 1679 1167 1705 :
1191 1661 1262 1706 illa
1288 1661 1421 1725 culpa
1445 1673 1524 1718 est,
1552 1663 1630 1708 ista
1651 1679 1733 1707 na-

344 1747 456 1781 tura.
480 1735 567 1779 Nec
585 1749 712 1778 omne
729 1731 848 1795 quod
866 1731 919 1777 de
936 1731 1076 1776 nihilo
1090 1731 1257 1777 factum
1273 1743 1353 1787 est,
1371 1750 1553 1796 peccare
1566 1733 1712 1797 potuit
1727 1754 1736 1790 3

343 1824 432 1853 non
460 1805 576 1851 enim
616 1804 732 1864 ligna
756 1814 797 1848 et
830 1803 999 1867 lapides
1023 1820 1205 1866 peceare
1227 1815 1410 1866 possunt
1437 1822 1447 1849 ε
1483 1804 1556 1850 sed
1596 1815 1737 1850 tamen

345 1888 501 1924 natura
520 1891 812 1939 quaepeccare
838 1875 1001 1938 potuit,
1024 1874 1077 1919 de
1106 1874 1245 1920 nihilo
1266 1873 1378 1920 facta
1396 1886 1471 1922 est.
1497 1877 1587 1922 Nee
1611 1892 1737 1935 mag-

347 1966 453 1995 num
472 1958 533 1993 est
555 1963 737 2010 peccare
754 1964 840 1992 non
861 1963 986 2009 posse
1010 1964 1020 1991 t
1048 1946 1120 1991 sed
1140 1963 1342 2006 magnum
1361 1958 1423 1992 est
1437 1965 1537 1993 eum
1553 1947 1739 1993 beatitu-

348 2020 448 2066 dine
462 2035 644 2083 peceare
665 2035 753 2063 non
770 2035 907 2081 posse.
928 2018 1053 2063 Sicut
1069 2035 1157 2063 non
1181 2028 1243 2063 est
1262 2036 1487 2079 magnum,
1514 2036 1600 2064 esse
1618 2018 1739 2064 mise-

345 2110 442 2137 rum
466 2109 551 2136 non
568 2106 690 2153 posse
706 2110 716 2143 ς
735 2090 835 2152 quia
850 2089 996 2135 omnia
1011 2106 1111 2152 (μιεο
1124 2107 1201 2135 nec
1221 2090 1539 2136 beatitudinem
1556 2090 1739 2153 capiunt

346 2164 499 2208 misera
521 2178 607 2206 esse
628 2178 716 2205 non
746 2172 954 2224 possunt:
983 2160 1056 2206 sed
1081 2178 1285 2219 magnum
1305 2172 1364 2206 est
1386 2162 1443 2206 ita
1460 2162 1632 2206 beatam
1653 2177 1739 2206 esse

346 2245 568 2287 naturam,
598 2242 645 2276 ut
667 2233 819 2277 misera
837 2249 924 2277 csse
943 2249 1027 2276 non
1043 2232 1195 2293 possit.
1221 2231 1353 2287 Quod
1376 2232 1453 2276 etsi
1489 2235 1630 2291 majus
1656 2242 1735 2286 est,

346 2322 425 2350 nec
441 2302 549 2350 illud
572 2320 759 2366 parvum
778 2314 857 2357 est,
880 2304 924 2348 in
950 2319 997 2348 ea
1020 2301 1291 2347 beatitudine
1312 2302 1533 2348 conditam
1550 2301 1741 2347 hominis

346 2393 433 2421 esse
451 2385 672 2429 naturam,
693 2375 788 2420 utsi
815 2373 958 2429 vellet,
986 2383 1130 2436 posset
1154 2390 1240 2418 esse
1257 2390 1345 2418 non
1371 2373 1538 2420 misera.

413 2447 485 2492 Sic
511 2456 654 2491 autem
681 2444 890 2490 dicuntur
919 2445 1064 2489 omnia
1087 2443 1202 2489 faeta
1233 2443 1286 2489 de
1310 2444 1467 2499 nihilo,
1512 2442 1557 2488 id
1581 2453 1661 2497 est,
1693 2458 1740 2486 ex

344 2518 413 2563 his
435 2533 535 2580 quae
549 2515 668 2561 nulla
695 2526 836 2571 erant,
862 2514 1238 2575 utintelligamus‚
1266 2513 1485 2578 quidquid
1505 2531 1552 2559 ex
1573 2530 1623 2559 eo
1645 2512 1740 2558 fac-

342 2599 437 2635 tum
465 2597 528 2633 est
549 2585 669 2651 quod
683 2590 775 2647 jam
794 2597 904 2644 erat,
926 2585 978 2632 ad
1001 2587 1209 2647 originem
1237 2586 1426 2650 primam
1442 2602 1528 2632 esse
1545 2583 1739 2631 referen-

391 2675 401 2695 ²
423 2674 518 2704 Rom.
547 2682 607 2714 vn,
633 2682 685 2714 19.
