1824 3236
192 277 346 305 orssuts
388 277 644 306 turitur³5<rrt
686 276 856 306 (ιοκί-κΑ
897 275 1144 316 numm,
1187 275 1272 305 Lm.
1317 275 1374 305 vt.
1427 260 1517 322 437

142 341 268 387 etiam
288 341 504 404 liiquibus
519 343 679 388 suntin
697 342 916 405 baptismo
945 341 1118 386 dimissa
1138 351 1343 404 peccata3
1365 357 1453 385 non
1482 356 1529 385 ea

143 427 244 474 quae
267 411 419 457 volunt
437 413 625 467 faciant,
656 429 763 475 quos
790 412 1020 474 Apostolus
1043 429 1088 456 ex
1115 411 1270 457 auditu
1297 410 1397 456 fidei
1422 409 1531 456 dicit

145 483 358 545 accepisse
376 484 586 547 Spiritum
605 483 1089 546 sanctum13p0stremo
1103 500 1188 528 non
1202 500 1248 527 ea
1267 499 1365 546 quae
1380 482 1534 527 volunt

143 550 306 598 saciant
339 570 416 616 per
455 554 636 599 liberam
674 554 939 600 voluntatem
961 591 971 608 ‚
998 569 1106 615 quos
1132 553 1191 598 ait
1213 552 1328 597 idem
1366 554 1534 597 Doctor

143 623 336 683 gentium
355 661 366 679 ,
393 636 570 670 vocatos
597 626 640 670 in
666 626 910 671 libertatem
932 625 964 671 ².

212 694 377 739 Deinde
403 705 487 740 tam
518 695 704 742 disertus
722 696 919 742 defensor
942 696 1033 758 ipsc
1058 693 1252 739 libidinis
1272 732 1281 749 ,
1310 694 1384 756 qui
1419 694 1535 739 velut

144 767 353 829 patronus
377 767 570 825 egregius
606 784 687 830 pro
722 777 947 829 susccepta
983 776 1055 810 tua
1095 775 1262 809 tantum
1303 764 1462 820 audes,
1491 774 1540 810 ut

144 836 542 899 concupiscentiam
565 839 703 884 carnis
721 876 730 893 ‚
755 855 840 902 qua
872 836 1146 899 concupiscit
1170 835 1375 880 adversus
1400 835 1535 898 spiri-

148 920 267 964 tum,
298 909 424 954 etiam
459 911 503 955 in
540 912 741 974 paradiso
765 928 853 956 non
880 911 1061 956 dubites
1085 908 1215 954 fuisse
1244 919 1342 953 ante
1374 925 1537 972 pecca-

148 990 270 1032 tum;
300 996 386 1024 non
411 980 529 1026 vides
566 982 618 1027 ad
656 982 739 1027 boc
767 992 805 1026 te
846 980 1076 1043 compelli,
1106 990 1153 1024 ut
1178 979 1298 1024 dicas
1324 995 1402 1024 nec
1431 989 1537 1024 tunc

143 1047 272 1095 fuisse
287 1049 331 1094 in
348 1049 432 1095 illis
455 1052 607 1113 primis
625 1052 881 1097 hominibus
906 1051 1125 1096 efficacem
1159 1050 1341 1094 liberam
1366 1048 1536 1094 volun-

149 1121 367 1166 tatem?Si
393 1122 507 1166 enim
531 1132 571 1167 et
598 1133 701 1168 tunc
729 1140 828 1168 caro
853 1121 1198 1184 concupiscebat
1219 1119 1423 1193 adversus
1443 1119 1538 1182 spi—

148 1190 279 1236 ritum
296 1228 306 1247 ‚
341 1208 428 1236 non
453 1209 499 1237 ea
525 1209 625 1256 quae
663 1194 866 1239 volebant
889 1193 1039 1256 utique
1062 1190 1296 1236 faciebam.
1327 1189 1410 1236 Sed
1434 1206 1542 1305 ([1ὲὶιο-

148 1261 266 1306 niam
301 1278 379 1324 per
413 1262 604 1309 liberum
647 1264 877 1309 arbitrium
899 1301 910 1319 ‚
944 1262 1064 1326 quod
1103 1272 1206 1307 tunc
1247 1261 1446 1320 integerri
1499 1276 1541 1305 as

149 1331 256 1378 vires
280 1331 466 1389 habuit,
494 1351 540 1379 ea
565 1333 786 1380 faciebant
817 1333 974 1397 procul
1009 1333 1147 1378 dubio
1174 1348 1274 1394 qua-3
1302 1331 1538 1385 volebant,
1576 1335 1579 1338 ’

150 1401 192 1447 id
217 1413 303 1457 est‚
333 1402 493 1449 divinae
517 1405 599 1465 legi
622 1423 708 1450 non
733 1405 872 1450 solum
910 1404 1028 1449 nulla
1060 1402 1435 1466 impossibilitate,
1463 1418 1542 1447 ve-

151 1489 247 1518 rum
270 1474 398 1519 etiam
427 1475 547 1520 nulla
572 1475 828 1522 difficultate.
849 1475 1091 1520 serviebant
1113 1491 1122 1518 ε
1150 1484 1222 1518 tua
1250 1473 1312 1518 ibi
1337 1482 1537 1536 suscepta

150 1561 238 1589 non
271 1543 383 1598 fuit,
417 1562 503 1608 qua
527 1563 628 1591 caro
662 1546 937 1609 concupiscit
963 1544 1163 1590 adversus
1196 1543 1428 1606 spiritum,
1464 1558 1544 1605 per

150 1631 284 1678 quam
308 1615 358 1660 fit
382 1627 431 1661 ut
453 1616 650 1662 homines
686 1620 777 1676 jam
825 1617 955 1660 etiam
985 1632 1062 1678 per
1081 1613 1210 1659 fidem
1256 1612 1452 1658 conversi
1487 1611 1540 1657 ad

157 1685 296 1730 Deum
317 1723 327 1732 .
344 1689 435 1745 jam
466 1687 703 1750 baptizati,
727 1686 1014 1739 sanctificati,
1036 1685 1086 1730 in‘
1103 1684 1346 1729 libertatem
1371 1682 1541 1737 vocati,

152 1773 237 1801 non
261 1754 424 1801 faciam
446 1756 491 1801 in
515 1757 802 1817 extinguenda
841 1756 995 1801 vitiosa
1019 1754 1304 1800 delectatione
1333 1769 1434 1816 quae
1459 1769 1543 1798 vo-

153 1826 262 1871 lunt.
296 1827 665 1890 ‘Verissimumque
690 1827 798 1872 illud
820 1836 880 1871 est
897 1864 906 1881 ‚
929 1825 1049 1889 quod
1069 1842 1147 1888 per
1171 1824 1403 1869 antistitem
1432 1823 1542 1868 Am-

153 1897 347 1942 brosium
392 1897 498 1942 fides
537 1898 756 1943 catholica
793 1898 899 1942 dixit
920 1897 937 1923 3
958 1934 968 1952 ‚
1009 1897 1096 1941 boc
1130 1895 1285 1940 vitium
1317 1910 1407 1958 quo
1440 1910 1541 1939 caro

156 1968 430 2030 concupiscit
476 1968 680 2015 adversus
732 1969 932 2032 spiritum
954 2006 963 2023 ,
1007 1984 1087 2030 per
1131 1965 1542 2029 praevaricationem

155 2038 285 2101 primi
314 2038 557 2084 liominisin
576 2050 766 2085 nostram
789 2039 968 2084 vertisse
988 2048 1203 2084 naturam.

223 2113 323 2164 Quo
350 2109 433 2154 telo
457 2109 698 2156 inevitabili
722 2121 763 2155 et
789 2109 1077 2173 insuperabili
1101 2107 1292 2154 veritatis
1308 2143 1318 2160 ,
1338 2116 1381 2151 et
1404 2106 1544 2151 Mani·

157 2182 307 2227 chaeus
330 2180 622 2226 obtruncatur
641 2219 651 2237 ‚
676 2192 718 2227 et
742 2191 804 2227 tu.
842 2181 984 2226 Ambo
1005 2180 1174 2244 quippe
1203 2179 1247 2224 in
1272 2178 1357 2223 bac
1383 2194 1454 2233 re,
1472 2176 1544 2222 vi-

157 2253 257 2299 deto
278 2253 374 2316 quis
389 2263 577 2298 vestrum
604 2257 752 2316 pejus,
778 2264 921 2298 tamen
946 2269 1121 2316 prorsus
1142 2250 1319 2296 erratis:
1345 2260 1388 2294 tu
1410 2265 1544 2312 prop·

159 2335 268 2370 terea
287 2360 297 2378 ,
327 2324 431 2387 quia
466 2325 692 2370 contendis
717 2323 837 2388 quod
875 2324 954 2369 ista
980 2322 1223 2386 pestilentia
1255 2320 1417 2366 malum
1453 2335 1543 2364 non

158 2397 240 2450 sit3
262 2395 334 2441 ille
354 2406 498 2441 autem
516 2433 526 2451 ‚
547 2397 652 2459 quia
671 2397 833 2441 malum
863 2395 1041 2459 quidem
1078 2393 1298 2454 agnoscit,
1329 2391 1403 2436 sed
1429 2389 1544 2435 unde

159 2467 212 2513 sit
238 2467 394 2523 nescit,
417 2476 459 2512 et
475 2466 561 2512 fide
578 2466 794 2512 catholica
815 2465 1044 2512 destitutus
1064 2463 1261 2510 fabulam
1286 2460 1551 2529 mendacio--

162 2555 255 2584 rum
300 2548 341 2583 et
380 2537 706 2601 turpitudinum
753 2537 957 2600 plenam,
981 2536 1035 2582 de
1065 2536 1253 2582 duarum
1291 2543 1545 2580 naturarum

210 2623 328 2651 isus-fn
365 2634 398 2652 w
434 2633 449 2651 2
486 2640 530 2645 —-
546 2620 810 2659 211.x-‚13.-
832 2619 844 2643 3
861 2621 926 2652 Lib,
944 2632 977 2666 7.
996 2621 1026 2652 in
1045 2624 1121 2654 Luc.
1150 2632 1198 2651 12.
