1824 3236
300 274 389 325 ¹>q‘2
721 276 755 305 S.
799 275 1044 306 AUGUSTINI
1079 275 1281 308 EPISCOPI

299 354 347 389 ut
387 354 526 388 tamen
552 340 721 387 eosdem
755 358 928 404 quoque
953 341 1063 386 filios
1094 359 1194 387 cum
1223 342 1290 388 his
1309 344 1483 403 juberet
1512 345 1669 393 occidi.

297 414 448 475 Neque
465 413 576 456 enim
599 411 699 474 quia
724 411 787 456 illi
805 411 1057 474 impiissime
1077 413 1203 457 etiam
1228 413 1337 458 filios
1357 413 1584 461 daemoniis
1598 416 1677 461 im-

297 484 552 539 molabant,
594 482 691 528 ideo
730 499 817 527 non
853 482 1100 528 debuerunt
1137 484 1264 528 etiam
1291 485 1418 530 iidem
1448 486 1548 542 filii,
1589 504 1678 532 non

297 555 495 601 humano
517 554 697 610 scelere,
717 553 789 598 sed
806 553 975 612 judicio
995 554 1144 599 divino
1161 592 1171 609 ‚
1193 555 1343 618 utique
1361 560 1481 616 justo
1497 594 1508 612 ,
1529 574 1680 620 quam·

295 626 358 672 vis
392 625 588 681 occulto,
618 636 825 688 tanquam
860 642 1002 670 semen
1037 625 1342 682 maledictum,
1371 627 1481 672 sicut
1514 628 1679 674 factum

292 708 355 743 est
375 735 384 751 ‚
411 697 574 761 pariter
598 697 773 742 interire
810 696 918 741 Haec
938 713 1027 741 non
1055 696 1238 742 attendis
1261 734 1271 752 ‚
1299 697 1406 743 dum
1435 698 1680 763 eloquentia

292 769 382 814 sinc
405 769 597 832 sapentia
627 767 814 830 raperis,
841 777 881 811 et
907 766 1086 811 flumine
1113 767 1314 813 vanitatis
1341 768 1406 814 vis
1430 787 1516 815 esse
1548 770 1679 816 diser-

293 849 361 884 tus
386 839 577 884 desertus
601 837 764 883 lumine
784 836 991 883 veritatis.

359 909 560 955 CXXIX.
597 909 694 954 Jrc.
738 929 758 949 «
782 909 941 953 Verum
961 918 1001 952 et
1030 907 1127 963 his,
1153 908 1324 971 inquit,
1357 919 1567 973 tanquam
1595 910 1680 957 ho-

292 1004 312 1025 »
336 981 529 1027 minibus
552 980 814 1043 pepercisti,
853 990 894 1024 et
925 979 1075 1024 misisti
1111 980 1408 1042 praecedentes
1445 983 1680 1028 exercitum

290 1075 311 1095 »
332 1049 541 1115 vespas13
564 1071 584 1091 >³
622 1067 710 1094 non
745 1050 848 1112 quia
887 1051 1106 1112 impotens
1132 1067 1224 1096 eras
1266 1051 1311 1096 in
1343 1069 1491 1115 pugna
1523 1053 1681 1116 impios

284 1124 413 1186 justis
433 1121 648 1182 subjicere
667 1158 677 1176 ‚
705 1121 777 1166 sed
797 1121 998 1184 partibus
1020 1120 1226 1180 judicans
1250 1122 1385 1168 dabas
1405 1123 1551 1168 locum
1576 1140 1681 1187 poe-

287 1194 500 1241 nitentiae,
542 1191 778 1247 «Aculeus,
812 1191 979 1255 inquit,
1011 1209 1257 1237 muscarum
1287 1193 1416 1238 etiam
1448 1193 1543 1239 illos
1566 1194 1682 1257 ipsos

288 1265 516 1325 sacrilegos
534 1261 814 1318 stimulabas,
844 1273 892 1308 ut
915 1262 1156 1325 potentiam
1186 1263 1450 1309 vindicantis
1488 1263 1542 1309 de
1561 1263 1682 1310 ludi-

288 1353 362 1382 cro
398 1352 487 1381 suae
529 1333 774 1379 afflictionis
807 1333 1095 1379 adverterent.
1133 1333 1216 1378 Sed
1242 1344 1477 1397 postquam
1503 1351 1550 1379 ex
1572 1351 1681 1380 con-

293 1408 388 1453 silio
406 1407 484 1451 Dei
504 1442 515 1461 ‚
540 1415 581 1450 et
601 1404 779 1450 ultionis
801 1422 952 1463 genere
972 1404 1069 1449 volu
1079 1405 1214 1449 ntaria
1228 1414 1407 1468 peccata
1423 1413 1677 1467 patuerunt,

293 1494 483 1543 quorum
504 1475 678 1536 rejectio
703 1475 1015 1538 expectabatur
1030 1484 1067 1519 et
1088 1475 1345 1537 petebatur3
1378 1485 1483 1520 tunc
1502 1475 1681 1521 demum

292 1551 337 1596 in
364 1548 584 1611 obstipam
616 1546 873 1610 punitorum
913 1545 1219 1609 profanitatem
1249 1546 1472 1609 scriptoris
1502 1546 1684 1606 assurgit

291 1619 503 1675 invectio,
528 1617 723 1681 dicitque
750 1616 845 1662 illos
869 1627 1035 1661 tantam
1061 1615 1186 1661 inisse
1214 1633 1313 1662 cum
1341 1616 1600 1662 criminibus
1622 1616 1683 1662 fa-

295 1690 589 1738 miliaritatem
610 1726 620 1744 ,
651 1698 700 1732 ut
724 1687 870 1732 innata
887 1686 1077 1750 quodam
1103 1686 1234 1732 modo
1260 1685 1556 1733 viderentur.»
1582 1688 1683 1732 Non

292 1763 498 1823 ignorans
517 1796 529 1815 ,
556 1759 722 1822 inquit,
756 1757 963 1821 quoniam
989 1757 1248 1820 nequissima
1279 1756 1408 1802 fuerit
1434 1758 1552 1803 natio
1578 1757 1680 1803 illo-

294 1832 425 1878 Γιιιῃ2
449 1868 460 1886 ,
501 1840 543 1875 et
577 1828 786 1874 naturalis
821 1827 985 1872 malitia
1011 1827 1204 1890 ipsorum
1225 1864 1235 1882 ,
1275 1837 1317 1872 et
1349 1828 1556 1890 quoniam
1595 1846 1682 1874 non

296 1912 472 1967 poterat
504 1899 767 1946 commutari
800 1897 1006 1957 cogitatio
1037 1913 1188 1942 eorum
1219 1897 1262 1942 in
1297 1908 1589 1960 perpetuum3
1615 1916 1683 1944 sc-

297 1991 396 2021 men
412 1973 527 2018 enim
548 1981 639 2016 erat
654 1968 935 2015 maledictum
957 1968 1013 2013 ab
1034 1967 1183 2013 initio:
1209 1985 1287 2014 nec
1301 1969 1452 2014 timens
1474 1969 1680 2034 aliquem,

298 2046 468 2092 veniam
498 2042 633 2088 dabas
657 2040 848 2104 peccatis
876 2039 1069 2086 illorum.
1100 2060 1120 2080 «
1149 2041 1291 2095 Cum,
1318 2040 1463 2101 inquit
1481 2077 1491 2096 ‚
1528 2051 1575 2086 tu
1596 2052 1682 2086 tam

297 2116 488 2175 benigne
512 2123 688 2174 tamque
722 2110 939 2172 patienter
965 2119 1005 2153 et
1035 2109 1308 2172 poenitentiae
1342 2120 1513 2173 tempus
1536 2111 1684 2156 indul-

301 2186 403 2233 seris
422 2223 433 2241 ,
461 2195 504 2230 et
538 2180 761 2246 speculam
778 2179 796 2208 3
827 2179 1135 2225 admonitionis
1159 2180 1368 2235 infixeris,
1395 2191 1444 2226 ut
1466 2182 1684 2241 justitiam

302 2275 353 2303 ac
374 2252 715 2308 misericordiam
741 2251 797 2296 ab
825 2251 944 2295 omni
977 2249 1177 2307 iufamia,
1210 2251 1265 2296 ab
1296 2251 1415 2296 omni
1439 2252 1685 2315 suspicione

303 2326 573 2376 crudelitatis
603 2339 802 2370 assereres
825 2339 835 2366 ι
864 2331 1006 2367 tamen
1026 2321 1087 2367 illi
1107 2323 1364 2385 spreverunt
1383 2324 1685 2370 commonitio-

300 2417 378 2447 nes
401 2409 514 2453 tuas,
539 2395 616 2460 qui
642 2392 854 2440 beneficia
880 2393 1100 2455 praemissa
1128 2391 1438 2456 despexerant,
1467 2394 1586 2440 velut
1609 2396 1684 2458 qui

299 2471 436 2519 velint
461 2467 649 2532 probare
668 2464 721 2510 de
742 2463 857 2509 illius
880 2480 966 2508 esse
983 2463 1142 2508 semine
1169 2465 1312 2509 eham
1332 2501 1342 2520 ‚
1369 2465 1412 2510 in
1438 2482 1566 2528 quem
1588 2467 1682 2512 No'c'·

300 2543 454 2589 beatus
484 2536 684 2584 nuditate
711 2534 848 2581 derisa
864 2571 875 2588 ,
910 2551 1092 2580 censura
1116 2535 1257 2598 patria
1290 2534 1429 2582 fuerat
1451 2535 1684 2584 maledicta

348 2625 449 2668 lsap.
466 2633 523 2660 xil,
544 2621 575 2654 8.
599 2637 644 2644 —
662 2618 676 2642 2
695 2617 777 2653 ibid,
807 2628 856 2661 ιο,
881 2629 931 2650 11.
950 2634 993 2642 ——
1009 2615 1023 2642 3
1041 2618 1142 2651 Forte
1159 2617 1328 2662 spiculum.
