1863 3262
351 257 410 303 60
773 273 810 305 S.
856 272 1099 305 Aucus‘rmr
1134 272 1336 307 131>1s001>1

352 359 373 379 »
399 336 535 383 ne51:
567 359 587 379 »
613 354 667 383 ne
697 338 857 385 horum
897 339 1094 402 aliquid,
1123 340 1191 387 vel
1211 341 1415 389 similium
1439 380 1449 399 ,
1478 344 1512 389 si
1546 344 1733 391 inveniri

351 409 531 471 poterit,
556 408 859 456 Traducianus
883 410 1079 473 arripiat,
1107 421 1234 474 atque
1260 425 1586 472 argumentetur
1607 415 1734 478 quid-

353 495 486 540 quam
519 478 572 524 de
597 481 875 543 responsione
898 492 1041 526 nostra
1070 481 1277 544 ponderis
1299 483 1426 530 fuisse
1459 485 1729 542 discussum,

348 565 434 610 qua
479 548 786 596 affirmavimus
818 551 915 597 ideo
953 551 1120 598 dictum
1157 570 1242 598 esse
1274 571 1445 612 unum,
1486 573 1565 618 per
1602 572 1733 618 quem

351 619 830 682 transieritpeccatum,
852 639 904 667 ne
922 623 1138 681 generatio
1159 623 1369 670 sineretur
1389 626 1573 686 intelligi
1597 643 1608 671 ε
1631 643 1733 672 cum

349 689 576 735 inventum
599 692 652 736 sit
672 693 716 737 in
740 692 824 737 hac
850 693 1046 756 Epistola
1070 694 1244 740 nomine
1268 695 1396 740 unius
1411 695 1733 757 generationem

347 759 617 806 indicatam:
648 763 771 819 ideo,
798 764 1006 827 inquam,
1039 765 1085 811 id
1122 766 1450 811 retractandum
1474 766 1642 829 putavi.
1673 767 1733 812 Ut

348 829 483 888 igitur
500 832 553 877 sit
572 832 765 879 intentus
784 834 943 890 lector,
966 835 1176 881 admoneo
1196 852 1206 879 z
1235 836 1474 899 multiplici
1496 837 1611 883 enim
1633 837 1732 882 baec

351 903 570 963 oppositio
596 921 746 963 genere
766 904 1025 954 destruetur.
1055 907 1125 952 Ibi
1149 907 1296 969 itaque
1314 907 1392 952 ubi
1420 924 1734 953 commemora-

350 971 410 1016 tio
438 972 630 1020 Abrahae
654 976 729 1031 fit,
758 987 799 1021 et
838 977 945 1022 Sara
984 981 1074 1037 ejus
1112 994 1218 1023 uxor
1257 977 1472 1023 inseritur.
1513 978 1629 1024 Talis
1671 988 1734 1024 est

349 1042 516 1105 quippe
540 1044 648 1091 ordo
677 1047 941 1093 verborum:
976 1069 996 1090 «
1022 1047 1125 1093 Fide
1149 1048 1226 1112 qui
1253 1059 1437 1095 vocatur
1470 1049 1698 1095 Abraham
1717 1085 1730 1105 ‚

349 1131 370 1153 »
390 1112 586 1158 obedivit
611 1115 656 1160 in
681 1116 829 1162 locum
852 1118 964 1163 exire
983 1155 993 1173 ‚
1020 1135 1152 1181 quem
1171 1130 1434 1181 accepturus
1455 1130 1545 1165 erat
1567 1120 1614 1166 in
1640 1119 1733 1165 hae-

349 1202 370 1224 ›>
390 1183 641 1241 reditatem;
673 1198 715 1233 et
736 1188 863 1244 exiit,
895 1189 1087 1234 nesciens
1115 1206 1203 1267 quo
1233 1189 1345 1235 iret:
1376 1190 1462 1235 fide
1486 1190 1733 1236 demoratus

349 1274 368 1293 υ
386 1265 448 1299 est
461 1255 626 1304 interra
643 1260 940 1322 promissionis
950 1260 1215 1324 tanquamin
1236 1260 1419 1316 aliena,
1407 1278 1453 1306 1n
1475 1261 1629 1307 casulis
1646 1261 1733 1306 ha-

347 1343 368 1364 »
387 1324 573 1374 bitando
595 1347 697 1376 cum
729 1332 849 1377 lsaac
868 1342 909 1377 et
932 1331 1069 1377 Jacob
1089 1330 1399 1377 cohaeredibus
1426 1332 1731 1395 repromissio·

349 1414 370 1435 ›>
394 1396 459 1442 nis
473 1399 715 1458 eiusdem.
680 1401 698 1430 2
733 1423 754 1443 »
772 1390 1043 1465 Expectabat
1058 1402 1174 1447 enim
1193 1401 1480 1447 fundamenta
1496 1402 1733 1447 habentem

349 1465 756 1531 cixitaten1‚cujus
781 1472 930 1517 aitifex
967 1482 1010 1517 et
1047 1470 1252 1516 conditor
1282 1471 1412 1517 Deus.
1443 1471 1548 1517 Fide
1570 1483 1613 1517 et
1636 1472 1732 1535 ipsa

350 1537 454 1582 Sara
491 1507 643 1586 sterilis
674 1542 882 1589 virtutem
918 1543 965 1588 in
1006 1542 1294 1604 conceptione
1326 1541 1500 1587 seminis
1525 1542 1695 1606 accepit
1717 1579 1728 1598 ,

347 1608 475 1653 etiam
497 1621 658 1673 praeter
682 1623 853 1677 tempus
887 1613 1052 1666 aetatis;
1079 1612 1289 1675 quoniam
1316 1611 1488 1658 fidelem
1520 1630 1607 1658 esse
1632 1630 1731 1658 cre-

347 1677 461 1724 didit
484 1681 560 1744 qui
580 1684 852 1745 promiserat.
891 1685 1080 1747 Propter
1100 1682 1222 1746 quod
1253 1683 1309 1728 ab
1332 1699 1420 1728 uno
1439 1684 1523 1728 orti
1543 1694 1670 1740 sunt,
1690 1694 1732 1729 et

345 1749 434 1796 boc
460 1764 659 1800 emortuo
678 1793 689 1811 ,
726 1766 937 1820 tanquam
974 1755 1112 1802 sidera
1140 1753 1243 1800 coeli
1267 1755 1312 1799 in
1336 1753 1620 1800 multitudine
1640 1789 1651 1809 ‚
1689 1765 1732 1800 et

342 1820 454 1866 sicut
474 1840 619 1881 arena,
637 1842 738 1889 quae
761 1837 822 1871 est
842 1826 896 1872 ad
915 1843 1036 1871 oram
1060 1824 1189 1870 maris
1212 1824 1560 1873 innumerabilis,
1585 1846 1600 1865 <t
1618 1827 1731 1871 Cum

344 1911 443 1952 ergo
469 1905 705 1959 utrumque
729 1907 1132 1954 commemorasset,
1161 1896 1206 1941 id
1236 1905 1298 1941 est
1321 1932 1332 1951 ,
1360 1906 1402 1940 et
1428 1896 1656 1942 Abraham
1689 1907 1731 1942 et

343 1963 513 2022 Saram,
538 1985 720 2031 eamque
744 1968 919 2014 dixisset
945 1968 1036 2027 lege
1069 1966 1302 2012 senectutis
1322 1966 1530 2023 effoetam,
1550 1966 1624 2012 sed
1645 1966 1731 2012 fide

346 2036 553 2083 virtutem
578 2039 858 2102 concipiendi
885 2038 1058 2084 seminis
1084 2037 1322 2099 accepisse3
1356 2053 1502 2082 secure
1529 2037 1731 2083 subdidit

346 2105 404 2152 ab
429 2124 516 2154 uno
541 2120 657 2154 ortos
682 2120 745 2154 tot
768 2109 960 2172 populos
980 2145 990 2164 ,
1025 2108 1099 2171 qui
1124 2106 1399 2152 multitudini
1428 2107 1730 2154 conferrentur

345 2190 576 2226 astrorum.
608 2180 667 2225 Ut
699 2196 799 2239 ergo
832 2178 994 2242 copula
1020 2187 1309 2241 exponeretur
1330 2189 1565 2240 parentum
1590 2215 1601 2234 ,
1639 2189 1729 2224 tam

345 2250 484 2296 fidelis
508 2250 784 2314 praedicatio,
808 2267 942 2314 quam
964 2250 1023 2295 rei
1047 2260 1180 2310 gestae
1206 2249 1360 2295 veritas
1383 2249 1618 2313 imperavit
1640 2267 1650 2295 ε
1679 2260 1730 2295 ut

345 2333 487 2369 autem
526 2322 579 2367 de
616 2323 721 2386 ipsis
758 2322 933 2368 duobus
974 2321 1020 2367 in
1055 2320 1433 2366 commendatione
1472 2331 1728 2384 propagatae

342 2394 639 2439 multitudinis
658 2431 668 2448 ‚
695 2411 781 2438 non
812 2403 1047 2455 utrumque
1069 2429 1079 2448 ‚
1107 2391 1180 2437 sed
1216 2391 1400 2436 alterum
1425 2391 1617 2447 diceret,
1662 2408 1729 2436 ars

342 2464 564 2510 laudantis
588 2464 831 2511 admonuit.
866 2463 1051 2510 Volebat
1071 2463 1240 2527 quippe
1264 2462 1488 2509 ostendere
1504 2500 1515 2520 ,
1542 2472 1657 2508 certa
1670 2462 1728 2507 fi·-

342 2534 416 2580 des
440 2552 574 2598 quam
594 2552 751 2596 magna
775 2534 1003 2581 meruisset
1020 2572 1031 2593 ,
1060 2534 1209 2582 dicens
1228 2533 1389 2582 virtute
1410 2533 1490 2581 Dei
1512 2532 1726 2580 exceden-

390 2619 520 2654 lhebr.
539 2631 583 2662 11,
606 2630 660 2653 ιι.
677 2637 720 2644 -
739 2617 820 2650 21d.
836 2629 883 2660 xx,
901 2619 932 2650 8.
