1863 3262
192 313 349 345 orssms
388 309 650 342 IMPERFECTI
689 307 1141 353 CONTRA-summum
1182 313 1269 344 Lm.
1312 312 1371 343 1v.
1432 295 1519 344 185

144 379 370 442 quentius,
408 378 519 423 sicut
557 375 696 421 omnis
740 374 979 438 prudentia
1020 379 1268 437 cognoscit,
1301 375 1516 438 insurgo1.

145 451 287 495 lta-ne
311 450 354 495 in
373 446 565 494 taxandis
582 456 623 490 et
645 446 934 508 exprimendis
959 447 1165 510 operibus
1190 449 1269 493 Dei
1287 485 1297 504 ,
1327 466 1415 494 non
1440 465 1519 494 au-

144 520 263 566 ditur
280 521 389 566 ratio
405 555 416 574 ,
434 534 521 563 non
538 516 734 562 omnium
760 527 1017 563 naturarum
1038 518 1365 564 considerantur
1384 537 1520 564 exem-

142 590 243 654 pla3
274 590 346 636 sed
385 590 427 635 in
466 599 635 633 tantum
668 588 860 634 hominis
887 590 1061 635 effertur
1098 590 1286 644 insania,
1323 600 1370 634 ut
1393 601 1520 652 putet

141 661 445 707 inconveniens
469 658 554 703 suis
577 675 663 703 esse
696 658 961 715 visceribus,
987 659 1107 723 quod
1138 677 1215 723 per
1233 660 1312 705 Dei
1341 677 1517 723 operam

140 730 185 776 in
199 741 367 776 naturae
383 747 472 775 suae
490 729 627 774 cernit
647 729 787 789 vigere
806 731 1113 776 consortibus?
1135 732 1284 794 Neque
1304 731 1416 775 enim
1439 730 1520 775 alia

141 811 385 846 nostrorum
412 816 645 863 corporum
671 809 754 854 est,
776 799 842 845 vel
863 802 983 861 origo
999 838 1009 857 ,
1033 800 1099 846 vel
1118 803 1227 846 ratio
1242 838 1252 857 ,
1271 817 1401 863 quam
1417 815 1520 844 mu-

142 882 303 918 torum.
325 894 344 913 »

207 944 321 988 AUG.
365 942 446 987 Dic
468 958 569 1001 ergo
599 943 958 988 resurrectionem
993 953 1121 1005 atque
1144 942 1520 1005 incorruptionem

140 1013 446 1076 sempiternam
470 1012 676 1057 humanis
700 1014 960 1077 corporibus
981 1030 1068 1058 non
1088 1013 1264 1067 deberi3
1286 1012 1389 1076 quia
1410 1011 1522 1057 sicut

139 1081 360 1140 belluina,
399 1083 529 1128 etiam
561 1093 725 1128 terrena
762 1084 853 1147 ipsa
882 1094 981 1128 sunt
1009 1101 1019 1128 :
1047 1083 1119 1128 dic
1152 1084 1281 1128 finem
1318 1099 1404 1128 non
1434 1098 1521 1127 esse

139 1169 264 1215 posse
284 1152 502 1199 diversum
519 1189 529 1206 ,
565 1152 642 1198 ubi
665 1170 753 1198 non
776 1164 836 1198 est
860 1154 980 1213 origo
1017 1153 1184 1199 diversa
1205 1171 1215 1198 ε
1241 1152 1311 1198 dic
1344 1153 1422 1198 ista
1439 1188 1449 1207 ,
1485 1151 1520 1196 si

143 1221 315 1285 placet;
342 1233 383 1268 et
410 1232 559 1268 contra
588 1223 868 1283 Evangelicas
886 1223 1072 1280 litteras,
1097 1233 1310 1286 quantum
1336 1220 1521 1267 saecula-

143 1292 265 1338 ribus
292 1292 445 1338 litteris
477 1291 734 1355 profeceris,
772 1293 936 1356 impetu
974 1309 1099 1338 vanae
1138 1292 1413 1356 loquacitatis
1448 1307 1521 1336 os-

141 1373 272 1410 tenta.
297 1363 343 1408 Si
362 1373 502 1408 autem
521 1362 607 1407 hoc
621 1362 764 1408 dicere
787 1380 875 1408 non
899 1363 1105 1416 audebis;
1127 1362 1259 1408 fatere
1281 1359 1520 1408 secundum

140 1434 423 1479 christianam
457 1432 616 1489 fidem,
655 1433 783 1479 etiam
818 1434 944 1480 istam
980 1451 1065 1480 esse
1088 1433 1279 1479 hominis
1308 1448 1517 1496 poenam,

140 1504 260 1568 quod
285 1514 564 1567 comparatus
586 1514 647 1549 est
671 1504 906 1567 pecoribus
922 1505 1142 1551 insensatis
1161 1541 1170 1560 ,
1195 1515 1237 1549 et
1255 1503 1404 1549 similis
1423 1500 1520 1547 fac-

140 1586 208 1621 tus
241 1586 302 1621 est
327 1575 385 1620 eis
396 1575 429 1621 2.
462 1575 578 1620 Huic
602 1591 702 1634 ergo
726 1575 806 1621 ista
831 1576 1001 1622 miseria
1026 1586 1087 1622 est
1103 1613 1113 1631 ,
1140 1593 1241 1621 cum
1263 1574 1414 1620 misera
1433 1587 1520 1617 esse

139 1662 299 1709 pecora
322 1662 408 1690 non
430 1645 598 1708 possint
615 1662 625 1689 ε
643 1644 703 1690 sic
721 1656 762 1691 et
782 1646 923 1693 carnis
940 1645 1295 1709 concupiscentia
1314 1681 1325 1701 ,
1350 1641 1520 1688 homini

139 1725 358 1778 est'poena
376 1752 387 1771 ,
427 1732 514 1760 non
541 1714 714 1771 bestiae,
745 1715 791 1760 in
817 1733 904 1779 qua
927 1733 1154 1779 nunquam
1186 1731 1288 1761 caro
1318 1713 1522 1759 adversus

140 1786 340 1850 spiritum
358 1785 646 1848 concupiscit.
673 1787 741 1831 An
756 1786 902 1849 placet
920 1787 1000 1832 tibi
1014 1824 1025 1843 ,
1050 1788 1110 1832 sic
1123 1802 1298 1850 aequare
1318 1782 1520 1829 mortales

139 1867 315 1902 naturas
331 1892 341 1910 ‚
365 1866 412 1901 ut
435 1856 480 1901 in
499 1856 647 1902 bestiis
675 1874 850 1920 quoque
880 1875 1036 1903 asseras
1057 1874 1230 1903 carnem
1255 1865 1406 1902 contra
1432 1853 1519 1916 spi-

139 1927 273 1972 ritum
294 1928 630 1989 concupiscere?
656 1928 789 1984 Quod
822 1929 856 1973 si
881 1946 967 1973 non
1000 1927 1105 1974 facis
1121 1965 1131 1984 ‚
1158 1944 1211 1972 ne
1246 1927 1358 1972 sicut
1382 1941 1519 1988 equus

140 2009 182 2044 et
214 1997 360 2043 mulus
386 2015 473 2043 non
506 1997 669 2043 habeas
692 1998 990 2045 intellectum³
1013 2017 1023 2044 ε
1053 2015 1233 2059 agnosce
1260 1996 1518 2051 libidinem,

140 2068 310 2132 qualem
327 2067 515 2113 dicimus
531 2104 542 2123 ,
559 2068 604 2113 in
621 2069 824 2131 paradiso
842 2068 1035 2115 futuram
1055 2086 1143 2114 non
1160 2068 1289 2114 fuisse
1305 2105 1315 2124 ,
1337 2067 1371 2112 si
1391 2081 1519 2111 nemo

139 2149 380 2202 peccasset,
404 2155 491 2201 qua
515 2155 618 2184 caro
642 2140 916 2202 concupiscit
935 2140 1140 2185 adversus
1162 2139 1381 2203 spiritum.
1402 2135 1519 2181 Talis

139 2210 306 2274 quippe
331 2209 377 2255 iu
407 2209 642 2271 pecoribus
674 2226 763 2254 non
795 2221 856 2256 est
874 2247 885 2261 ,
924 2228 972 2256 ex
1002 2211 1166 2274 quibus
1195 2220 1281 2254 tuae
1304 2218 1518 2270 susceptae

139 2280 223 2325 tale
241 2279 536 2343 patrocinium
555 2279 785 2343 providisti
803 2318 813 2331 ,
841 2281 920 2326 ubi
939 2280 1071 2326 mutis
1090 2280 1174 2326 illis
1203 2291 1249 2325 tu
1271 2295 1415 2343 posses
1434 2294 1520 2323 esse

139 2349 362 2397 verbosus.
386 2350 497 2395 Nam
519 2350 552 2395 si
569 2349 763 2396 humana
781 2351 965 2397 libidine
989 2368 1090 2397 caro
1115 2368 1203 2396 non
1231 2349 1520 2412 concupisce-

139 2433 203 2468 ret
216 2421 418 2468 adversus
432 2421 632 2486 spiritum
650 2459 659 2477 ,
678 2422 751 2469 sed
774 2423 914 2469 libido
933 2423 1029 2468 talis
1048 2423 1092 2468 in
1110 2421 1366 2468 hominibus
1385 2429 1516 2473 esset,

140 2505 189 2540 ut
209 2492 262 2539 ad
284 2503 440 2539 nutum
462 2492 719 2550 voluntatis,
744 2511 846 2540 cum
871 2512 982 2559 opus
997 2505 1130 2550 esset,
1151 2503 1397 2554 exurgeret,
1416 2507 1518 2537 cum

141 2575 284 2612 autem
307 2581 396 2610 non
412 2579 522 2627 opus
535 2573 663 2619 esset,
691 2564 810 2611 nulla
833 2565 1116 2612 incitamenta
1131 2573 1399 2625 suggereret,
1418 2578 1518 2608 cum

188 2647 199 2671 ¹
225 2647 310 2680 Vide
331 2647 387 2679 lib.
406 2657 437 2678 2.
452 2645 490 2678 de
504 2647 607 2689 Nupt.
624 2663 669 2669 -
682 2644 698 2668 ²
712 2647 795 2681 Psal.
818 2659 937 2688 xnvxxr,
955 2650 1006 2682 13.
1022 2665 1067 2672 —-
1082 2645 1162 2681 31d.
1181 2657 1272 2685 xxxr,
1292 2647 1323 2679 8.
