1863 3262
197 276 354 308 OPERIS
389 273 651 308 IMPERFECTI
684 273 862 305 CONTRA
896 273 1145 316 summum,
1186 276 1272 307 LlB·
1316 277 1376 308 IV.
1434 263 1521 324 189

153 343 402 389 Stoicorum
442 348 692 400 argumenta
734 338 1011 384 comitantur.
1060 361 1080 380 «
1111 342 1311 400 Arguunt
1358 343 1526 406 quippe

151 429 429 459 communem
460 407 750 456 honestatem1
783 445 795 465 ‚
827 408 948 471 quod
973 426 1022 454 ea
1055 426 1156 472 quae
1190 429 1234 457 re
1269 415 1414 477 turpia
1438 432 1527 460 non

152 483 256 541 sint,
281 483 416 529 verbo
431 481 642 541 flagitiosa
665 479 878 525 ducamus
898 496 909 524 ε
935 478 1009 524 illa
1031 490 1172 525 autem
1199 499 1298 544 quae
1315 501 1360 529 re
1381 485 1528 547 turpia

153 554 255 610 sint,
272 551 524 599 nominibus
543 549 811 614 appellemus
825 549 925 596 suis.
947 550 1244 597 Latrocinium
1256 566 1525 617 perpetrare,

152 623 351 670 fraudem
368 621 510 668 facere
527 658 539 678 ‚
575 619 839 667 adulterium
866 619 1137 667 committere
1154 658 1165 677 ‚
1204 639 1249 668 re
1277 633 1404 687 turpe
1436 637 1525 682 est,

154 692 229 739 sed
251 692 414 739 dicitur
429 709 517 738 non
542 691 750 736 obscoene
770 707 782 735 ε
805 689 953 735 liberis
969 707 1147 753 operam
1161 691 1282 750 dare,
1300 694 1481 742 honestu
1490 715 1530 742 m

154 773 218 809 est
233 779 279 809 re
295 800 308 820 ,
334 762 511 808 nomine
531 761 806 807 obscoenum.
834 759 1054 824 Pluraque
1075 761 1121 806 in
1143 779 1236 808 eam
1256 767 1531 825 sententiam,

157 833 214 879 ab
235 831 414 888 eisdem,
436 831 600 896 inquit,
626 841 778 877 contra
803 829 1109 876 verecundiam
1131 831 1424 896 disputantur.
1447 838 1534 883 Nos

158 913 302 949 autem
331 912 534 948 naturam
565 917 822 965 sequamur,
863 911 906 945 et
935 916 1064 947 omne
1094 903 1215 964 quod
1242 904 1449 952 abhorret
1476 908 1532 952 ab

158 973 386 1020 oculorum
429 973 688 1036 auriumque
723 971 1041 1035 approbatione
1079 972 1311 1033 fugiamus.
1345 999 1365 1018 »
1401 977 1456 1023 Et
1486 989 1534 1025 tu

159 1062 277 1105 ergo,
305 1044 378 1091 cui
404 1043 607 1107 displicet
629 1043 710 1089 ista
734 1043 845 1089 ratio
872 1042 1080 1089 naturalis
1102 1061 1303 1104 germana
1327 1048 1535 1096 honesta—

160 1116 240 1173 tis,
269 1125 342 1162 aut
369 1114 469 1171 dic,
501 1124 543 1160 et
561 1113 792 1160 latrocinio
810 1150 821 1169 ‚
852 1123 894 1159 et
926 1113 1172 1173 sacrilegio,
1206 1127 1248 1162 et
1269 1120 1537 1181 parricidio,

163 1203 266 1250 quae
286 1186 432 1233 omnia
456 1186 502 1232 in
519 1202 565 1231 re
582 1185 751 1231 habent
775 1184 1093 1248 turpitudinem
1114 1188 1343 1235 maximam
1359 1228 1369 1247 ‚
1392 1192 1437 1238 in
1456 1211 1539 1239 no-

161 1258 357 1304 minibus
380 1256 547 1303 nullam
572 1256 903 1302 obscoenitatem
923 1292 934 1308 ‚
958 1256 1110 1302 tetrius
1134 1275 1221 1304 esse
1251 1271 1292 1306 et
1315 1263 1540 1324 profanius

163 1345 343 1391 operam
362 1326 465 1372 dare
479 1326 628 1372 liberis
641 1362 652 1382 ,
672 1341 806 1389 quam
825 1326 1099 1373 verecundiae
1117 1330 1305 1391 reposcit
1321 1334 1537 1382 officium:

165 1409 241 1445 aut
272 1398 307 1444 si
338 1397 556 1444 erubescis
591 1413 641 1442 eo
677 1413 812 1460 usque
841 1397 1018 1460 nuptias
1054 1415 1286 1457 accusare,
1326 1415 1374 1449 ut
1413 1406 1541 1452 etiam

164 1467 398 1516 sceleribus
446 1467 617 1514 collatae
657 1466 1025 1530 praeponderent3
1064 1468 1298 1518 adhortare
1339 1479 1544 1536 conjuges

167 1550 256 1585 tam
288 1554 436 1585 secure
467 1537 689 1601 appellare
720 1535 840 1583 illam
874 1538 1223 1586 commixtionem
1243 1579 1253 1595 ‚
1284 1553 1458 1608 tamque
1484 1546 1544 1592 li·-

167 1610 298 1667 bere,
326 1625 456 1673 quam
487 1608 674 1655 solemus
708 1607 996 1671 parricidium
1019 1620 1061 1655 et
1087 1610 1365 1660 latrocinium
1396 1618 1543 1663 nonii-

168 1697 285 1728 nare.
310 1701 332 1722 ³>

235 1772 256 1792 «
271 1751 371 1796 Jam
389 1765 492 1797 vero
516 1749 552 1795 si
569 1749 789 1796 addideris
815 1751 1169 1809 conjunctionem
1197 1771 1434 1819 corporum
1458 1758 1545 1805 foe-

170 1820 290 1867 tibus
328 1819 588 1866 destinatam
609 1857 620 1876 ‚
662 1819 721 1865 ob
759 1818 1033 1866 illudendum
1055 1858 1066 1877 ‚
1107 1832 1155 1868 ut
1189 1824 1296 1871 soles
1316 1863 1327 1882 ,
1369 1828 1548 1874 auribus

173 1891 441 1947 christi-anis,
464 1890 585 1936 nulla
607 1890 835 1954 iniquitate
864 1891 1075 1937 maculari
1093 1929 1104 1948 ‚
1128 1893 1201 1939 sed
1218 1913 1301 1958 pro
1319 1914 1395 1943 suo
1417 1899 1548 1945 modo

174 1962 340 2007 bonam>
377 1977 500 2023 posse
531 1959 692 2005 censeri
713 1979 726 2012 3
767 1959 1008 2022 amplexare
1046 1961 1212 2009 factum
1255 1965 1366 2012 illud
1405 1970 1550 2015 Cratae

176 2031 379 2077 Thebani
399 2030 590 2076 hominis
606 2029 837 2093 locupletis
857 2041 899 2075 et
917 2031 1095 2088 nobilis,
1120 2035 1192 2079 cui
1208 2035 1313 2082 adeo
1327 2037 1410 2083 fuit
1425 2039 1549 2086 cordi

147 2126 150 2128 ¹
176 2112 290 2148 secta
307 2101 579 2165 Cynicorum
595 2138 606 2157 ,
635 2111 684 2146 ut
705 2101 952 2164 relinquens
980 2112 1183 2163 paternas
1202 2122 1304 2168 opes
1319 2144 1330 2163 ‚
1360 2109 1551 2156 Athenas

177 2189 279 2219 cum
302 2187 431 2217 uxore
451 2171 699 2231 migraverit
724 2170 979 2234 Hyparcide
994 2208 1005 2227 ‚
1033 2172 1127 2235 pari
1147 2175 1290 2222 animo
1316 2177 1436 2224 istius
1445 2180 1554 2243 phi-

178 2242 393 2306 losophiae
420 2242 668 2297 sectatrice,
709 2258 810 2287 cum
836 2258 923 2305 qua
951 2259 1052 2288 cum
1079 2247 1370 2294 concumbere
1398 2250 1443 2295 in
1465 2267 1555 2314 pu-

179 2313 300 2359 blico
320 2311 466 2366 vellet,
492 2322 542 2357 ut
566 2311 696 2357 refert
713 2311 940 2357 Cornelius
961 2313 1106 2376 Nepos
1125 2350 1135 2369 ‚
1154 2325 1195 2359 et
1214 2316 1287 2362 illa
1304 2319 1556 2366 occultandi

182 2382 319 2443 gratia
336 2418 347 2438 ,
367 2381 492 2444 pallii
510 2382 704 2427 velamen
727 2381 989 2439 obduceret,
1013 2385 1236 2431 verberata
1250 2399 1310 2434 est
1334 2407 1355 2434 a
1372 2392 1526 2437 marito
1544 2409 1554 2435 :

183 2452 291 2498 Tuis
317 2451 512 2496 sensibus
532 2450 738 2497 nimirum
756 2489 767 2508 ‚
788 2452 947 2515 inquit,
978 2470 1136 2516 parum
1161 2455 1310 2503 adhuc
1333 2459 1460 2506 docta
1482 2478 1524 2507 es
1546 2499 1557 2517 ,

184 2538 286 2587 quae
308 2520 430 2585 quod
464 2531 506 2568 te
532 2532 648 2568 recte
670 2521 812 2569 facere
836 2524 1005 2572 noveris
1025 2561 1038 2582 ,
1068 2525 1114 2572 id
1150 2526 1243 2574 aliis
1277 2532 1564 2592 praesentibus

234 2609 245 2632 ¹
265 2606 332 2639 Cic.
348 2606 407 2639 lib.
430 2618 459 2639 ι.
477 2606 516 2639 de
531 2606 627 2641 offic.
