1824 3236
170 276 325 306 OPERIS
361 273 623 305 IMPERFECTI
658 272 832 302 CONTRA
868 272 1112 312 Jurmuuu,
1154 273 1238 302 [111.
1282 272 1321 302 V.
1395 258 1484 319 [μ’]

119 341 291 405 qualem
317 358 392 388 vos
412 341 543 386 solam
566 355 644 402 per
663 348 892 401 peccatum
911 338 1053 383 dicitis
1081 337 1310 392 accidisse,
1331 335 1373 382 id
1403 348 1490 385 est.

121 428 208 457 non
243 412 436 477 corporis
455 449 465 467 ‚
501 409 575 456 sed
600 409 756 455 animae
774 445 786 466 ,
826 426 935 472 opus
959 419 1021 454 051
1051 408 1245 454 diaboli?
1274 409 1428 452 Nonne
1453 408 1496 453 in

122 498 268 528 omnes
288 482 485 528 homines
507 479 773 544 pertransiit,
800 480 876 542 qui
897 490 993 524 sunt
1019 496 1129 542 opus
1153 479 1265 523 Det?
1292 477 1373 522 Sed
1397 478 1499 523 11111-

125 552 300 609 tatione,
326 562 375 598 ut
397 551 558 605 dicitis,
587 550 771 596 transiit.
802 551 966 594 Tamen
992 567 1070 612 per
1094 550 1290 594 11011111105
1312 548 1496 603 transiit,

123 623 199 685 qui
237 632 338 668 sunt
377 639 487 687 opus
523 622 616 667 Dei.
662 620 746 666 Sed
782 639 804 666 a
837 620 1064 684 possibili,
1102 637 1186 664 non
1215 637 1236 664 a
1268 620 1502 665 necessario

127 692 310 740 transiit.
344 693 425 739 Dic
450 691 667 756 quidquid
705 692 784 737 tibi
820 691 965 755 placet
995 709 1005 736 :
1042 701 1182 736 tamen
1208 707 1284 753 per
1307 690 1505 735 homines

125 762 296 808 transiit
319 800 329 819 ‚
357 763 431 826 qui
470 773 570 809 sunt
595 774 703 826 opus
731 763 810 807 Dei
837 780 847 807 t
880 772 926 807 tu
955 772 1096 807 autem
1129 761 1217 805 sine
1242 759 1327 805 ulla
1351 777 1506 823 excep-

125 832 242 879 tione
276 832 450 889 dixisti,
484 835 609 878 «Per
637 849 747 896 opus
772 833 849 877 Dei
876 849 985 895 opus
1020 829 1184 877 diaboli
1218 831 1396 875 transire
1421 847 1509 875 non

127 902 287 948 sinitur
308 924 319 958 ;
343 924 363 945 »
386 914 427 949 et
449 903 565 948 hanc
589 902 809 948 sententiae
841 913 928 947 tuae
957 913 1044 947 tam
1068 900 1345 964 perspicuam
1381 900 1510 945 vani-

128 982 277 1028 tatem,
306 982 355 1018 ut
372 973 525 1018 vanior
550 973 687 1028 fieres,
713 983 832 1018 tanta
851 972 1116 1035 loquacitate
1140 988 1224 1016 non
1252 981 1295 1015 ut
1318 971 1511 1017 absolve-

128 1053 250 1088 retur
270 1041 498 1088 defendere
516 1080 526 1099 ,
550 1043 621 1088 sed
642 1061 694 1089 ne
715 1044 978 1107 aspiceretur
995 1042 1163 1106 operire
1181 1052 1362 1088 conatus
1386 1061 1442 1088 cs.
1469 1042 1512 1087 Si

127 1112 173 1158 in
206 1124 393 1159 mentem
429 1113 511 1159 tibi
539 1113 775 1176 apostolica
806 1115 940 1161 verba
972 1130 1059 1159 non
1093 1124 1314 1169 venerant,
1343 1130 1443 1176 quae
1476 1124 1515 1159 te

129 1181 218 1228 hoc
232 1182 376 1229 dicere
390 1183 705 1247 prohiberent3
731 1201 911 1230 curnon
937 1183 1173 1239 attendisti,
1194 1183 1392 1239 obsecro,
1415 1184 1514 1247 plus

129 1270 215 1298 esse
239 1253 286 1298 in
314 1271 443 1318 opere
466 1254 549 1300 Dei
577 1254 749 1299 existere
768 1293 778 1308 ‚
814 1272 944 1318 quam
980 1271 1059 1318 per
1082 1271 1191 1317 opus
1230 1255 1306 1299 Dei
1336 1256 1514 1300 transire

131 1339 243 1386 opus
260 1323 461 1370 diaboli?
487 1325 598 1370 Cum
617 1343 716 1385 ergo
741 1325 851 1371 illud
871 1325 1059 1380 fatearis,
1072 1342 1150 1370 cur
1166 1325 1251 1370 hoc
1269 1330 1426 1385 negas?
1445 1330 1512 1372 An

131 1393 251 1456 quod
270 1393 333 1440 vis
351 1394 444 1455 fieri
463 1405 622 1459 potest,
645 1395 766 1459 quod
785 1412 873 1441 non
891 1395 954 1441 vis
965 1412 1053 1440 non
1065 1398 1238 1457 potes-t?
1262 1395 1513 1442 Misereattlr

133 1465 196 1510 tui
221 1466 335 1510 Deus
352 1502 363 1521 ,
385 1476 434 1511 ut
458 1483 544 1511 esse
564 1465 730 1511 desinas
750 1483 900 1512 vanus.
932 1466 1058 1511 Hanc
1085 1476 1226 1511 autem
1257 1467 1511 1513 sententiam

133 1543 251 1579 tuam
270 1535 552 1581 Manichaeus
574 1534 760 1581 libenter
779 1535 1077 1599 amplectitur,
1098 1545 1305 1597 tanquam
1328 1536 1511 1583 amicam

132 1620 256 1650 suam
275 1642 286 1660 ,
315 1616 356 1651 et
378 1616 707 1666 argumentatur
730 1607 787 1651 ita
818 1624 828 1652 :
859 1607 901 1650 Si
938 1623 1016 1669 per
1046 1623 1154 1668 opus
1183 1605 1261 1650 Dei
1288 1623 1398 1669 opus
1420 1607 1511 1652 dia-

133 1672 226 1719 boli
250 1676 429 1721 transire
458 1693 546 1721 non
569 1676 742 1732 sinitur,
767 1676 908 1721 multo
936 1675 1137 1720 minusin
1158 1692 1286 1738 opere
1310 1676 1386 1721 Dei
1409 1679 1511 1722 exis-

135 1753 225 1790 tere
242 1745 428 1792 sinitur:
451 1746 566 1792 uncle
600 1764 700 1807 ergo
724 1746 886 1792 malum
907 1784 919 1803 ,
948 1746 1026 1791 11151
1055 1745 1170 1791 unde
1195 1762 1270 1790 1105
1291 1745 1476 1792 dicimus
1492 1753 1510 1793 Ξ)

137 1814 223 1860 Sed
247 1817 560 1880 respondemus
596 1817 655 1863 eis
683 1835 692 1863 :
716 1816 891 1863 Juliano
924 1816 1055 1862 dicite
1094 1816 1170 1861 ista
1190 1853 1200 1871 ‚
1244 1834 1329 1861 non
1364 1819 1505 1867 nobis.

137 1885 348 1949 Princeps
371 1887 504 1947 'hujus
528 1888 750 1933 sententiae
773 1888 923 1932 missus
949 1897 1010 1932 est
1028 1886 1167 1932 foras:
1193 1886 1305 1931 absit
1332 1899 1377 1932 111
1396 1906 1508 1951 prae-

133 1955 302 2015 judicet
322 1957 447 2002 nobis
466 1958 695 2004 vobiscum
721 1957 959 2004 vincendus
981 1995 991 2014 ‚
1020 1956 1087 2003 vel
1115 1956 1259 2020 potius
1284 1958 1510 2005 vobiscum

133 2029 223 2085 jam
244 2027 384 2074 victus
409 2046 432 2073 a
456 2028 597 2074 nobis.

203 2097 361 2145 LXIV.
386 2099 484 2145 «111,
520 2119 539 2139 α
563 2098 678 2144 Illud
701 2099 844 2162 itaque
865 2098 982 2144 aliud
1004 2098 1058 2143 de
1080 2097 1229 2144 eadem
1250 2098 1515 2145 hebetudine

140 2167 377 2229 protulisti.
411 2169 485 2214 Ais
509 2168 651 2224 enim,
685 2168 757 2214 Sic
791 2179 907 2215 creat
943 2169 1057 2214 Deus
1089 2167 1250 2225 malos,
1295 2169 1517 2232 quomodo

142 2237 283 2299 pascit
305 2248 344 2284 et
360 2239 499 2284 nutrit
522 2238 686 2284 malos1
708 2256 718 2284 :
745 2239 846 2303 quia
872 2240 1084 2303 scriptum
1107 2250 1168 2284 051
1191 2239 1235 2284 111
1259 2240 1513 2299 Evangelio,

143 2328 163 2348 «
189 2306 321 2363 Quod
344 2307 472 2353 solem
500 2326 624 2354 suum
651 2310 753 2355 oriri
773 2309 903 2355 faciat
920 2327 1050 2373 super
1068 2311 1205 2355 bonos
1229 2320 1270 2355 et
1290 2309 1451 2367 malos,
1479 2322 1520 2356 01

145 2395 164 2417 >)
185 2376 311 2440 pluat
343 2395 474 2441 super
491 2381 630 2438 jtlstos
661 2390 703 2425 et
725 2380 907 2439 injustos
922 2381 955 2427 ².
985 2402 1003 2421 η
1035 2382 1183 2440 Longe
1212 2380 1326 2426 enim
1352 2379 1523 2444 lateque

146 2448 414 2494 contrarium
438 2460 515 2506 est,
541 2450 660 2514 quod
684 2461 729 2497 tu
747 2455 1031 2511 conjunctum
1051 2452 1227 2515 putasti.
1257 2451 1389 2509 Quod
1409 2452 1523 2497 enim

193 2547 203 2571 ¹
227 2547 296 2581 Lib.
316 2560 349 2582 2.
372 2549 411 2580 de
429 2550 555 2592 Nuptiis
573 2556 602 2583 et
623 2551 812 2594 Cuncupi-e.
833 2563 903 2594 cap.
930 2564 984 2592 ¹7·
1005 2549 1077 2576 --2
1102 2548 1217 2584 Mani..
1242 2563 1267 2590 v,
1290 2553 1347 2586 45,

315 2637 458 2667 cxmv.
1341 2639 1397 2685 27
