1824 3236
310 261 400 308 522
723 276 759 306 s.
803 274 1046 305 Aocosrtm
1081 274 1283 305 EPISCOPI

311 360 410 388 nam
427 342 470 388 id
483 342 677 387 humana
700 341 927 404 iniquitate
946 343 1169 404 potuimus
1181 341 1394 396 amittere,
1418 351 1459 386 et
1475 341 1610 400 gratia
1625 340 1698 387 di-

310 413 410 459 vina
425 428 657 476 possumus
676 412 890 474 recipere3
919 411 994 457 sed
1019 412 1207 457 liberum
1224 411 1454 457 arbitrium
1475 427 1564 475 quo
1583 411 1701 457 beati

311 501 397 529 esse
415 483 635 536 volumus,
655 493 697 528 et
718 482 861 528 miseri
875 482 1096 538 nolumus,
1119 499 1199 528 nec
1223 482 1363 527 miseri
1378 492 1562 545 possunt
1580 483 1702 527 amit-

312 566 417 611 tere,
440 571 520 600 nec
551 553 681 600 beati.
712 553 834 599 Beati
859 553 1027 617 quippe
1052 570 1199 598 omnes
1222 570 1308 599 esse
1335 553 1555 609 volumus,
1582 552 1704 616 quod

316 624 399 688 ipsi
420 640 597 688 quoque
633 623 894 687 philosophi
923 622 1090 678 sacculi,
1135 633 1177 668 et
1198 623 1458 669 Academici
1491 622 1544 668 de
1575 623 1704 668 rebus

316 695 520 740 omnibus
538 694 808 749 dubitantes,
839 705 940 740 teste
959 704 1147 757 patrono
1162 710 1239 739 suo
1255 694 1418 749 Tullio,
1443 694 1586 739 coacti
1604 702 1705 739 sunt

319 766 517 812 confiteri
539 784 549 811 ε
575 766 715 830 quue
737 781 873 812 unum
892 782 978 810 csse
1005 765 1222 821 dixerunt,
1254 764 1374 829 quod
1410 764 1705 828 disputatione

320 855 408 883 non
427 848 565 897 egeat,
587 837 708 900 quod
727 853 854 882 nemo
871 847 932 881 cst
949 837 1026 898 qui
1044 853 1132 881 non
1146 846 1330 899 expetat.
1355 836 1452 881 Hoc
1477 834 1708 881 arbitrium

320 908 509 954 liberum
536 907 770 968 adjuvatur
796 924 875 971 per
900 906 979 953 Dei
1004 906 1206 966 gratiam,
1233 917 1281 952 ut
1303 905 1425 970 quod
1450 904 1708 952 naturaliter

320 978 540 1034 volumus,
564 978 652 1024 hoc
672 989 732 1024 est
747 979 873 1023 beate
888 977 1051 1034 vivere,
1074 977 1185 1023 bene
1209 977 1398 1024 vivendo
1422 976 1586 1022 habere
1607 990 1712 1038 pos-

321 1050 469 1096 simus,
491 1051 545 1095 Et
565 1059 613 1096 tu
627 1049 753 1105 dicis,
776 1048 975 1112 quamvis
994 1047 1449 1103 mediocresmiserias,
1473 1058 1615 1092 tamen
1628 1045 1713 1091 mi-

320 1119 449 1166 serias
471 1120 737 1166 beatitudini
761 1119 882 1165 nullo
909 1119 1235 1179 negante‚nullo
1260 1119 1509 1178 ambigente
1537 1127 1715 1163 contra-

323 1191 424 1248 riaS‚
447 1191 491 1236 in
504 1191 658 1254 primis
682 1191 890 1254 operibus
905 1190 1003 1247 Dei,
1019 1190 1142 1236 nullo
1158 1194 1419 1252 cujusquam
1441 1186 1716 1252 praecedente

324 1272 505 1325 peccato
531 1261 568 1318 1,
602 1261 858 1307 naturaliter
886 1261 1110 1307 institutas
1129 1298 1139 1317 ,
1168 1271 1216 1306 ut
1255 1260 1422 1306 scilicet
1458 1257 1718 1323 peccatricis

325 1332 518 1379 mulieris
544 1349 695 1395 poena,
731 1343 911 1396 propter
941 1348 1074 1395 quam
1091 1331 1259 1377 dictum
1275 1342 1354 1387 est,
1379 1351 1399 1372 «
1418 1329 1718 1393 Multiplicans

327 1403 674 1465 »multiplicabo
704 1403 895 1449 tristitias
924 1413 1037 1458 tuas,
1063 1423 1084 1444 »
1108 1419 1195 1448 non
1215 1402 1270 1447 sit
1294 1401 1511 1447 institutio
1530 1398 1717 1445 miseria-

326 1490 444 1531 rum,
464 1491 584 1537 quae,
609 1484 658 1519 ut
682 1473 810 1529 dicis,
835 1476 927 1533 jam
946 1473 1089 1519 fuerat
1118 1473 1162 1519 in
1177 1483 1352 1530 natura3
1379 1472 1452 1518 sed
1470 1469 1716 1534 ampliatio,

329 1562 430 1610 quae
455 1545 635 1592 accessit
659 1562 707 1591 ex
729 1561 880 1608 poena.

398 1615 520 1673 Quid
539 1633 616 1676 ego
627 1619 720 1675 jam
745 1625 889 1660 tecum
922 1631 1045 1674 agam
1067 1613 1121 1660 de
1148 1613 1429 1679 sequentibus
1452 1613 1533 1659 Dei
1558 1610 1720 1667 verbis,

332 1686 411 1733 ubi
432 1696 722 1749 posteaquam
759 1685 868 1730 dixit
887 1684 1010 1748 quod
1035 1684 1090 1730 ad
1119 1680 1300 1748 poenam
1334 1684 1612 1748 pertinebat,
1635 1682 1726 1726 «In

332 1779 353 1800 »
374 1757 548 1804 tristitia
562 1757 704 1820 paries
727 1757 856 1813 filios,
881 1773 1016 1802 »mox
1032 1756 1219 1813 addidit,
1244 1777 1265 1798 α
1282 1758 1337 1801 Et
1361 1755 1416 1802 ad
1430 1756 1574 1802 virum
1597 1764 1724 1800 tuum

332 1851 353 1872 n
378 1827 600 1874 conversio
630 1837 706 1873 tua
724 1864 735 1883 ‚
758 1837 800 1873 ct
825 1827 916 1890 ipse
938 1826 1001 1872 tui
1031 1826 1337 1872 dominabitur
1357 1827 1393 1874 2.
1420 1848 1440 1868 »
1463 1825 1585 1882 Quid
1618 1840 1729 1888 opus

332 1909 463 1946 estut
498 1908 646 1944 tecum
666 1897 768 1944 inde
799 1897 1058 1957 confligam,
1086 1907 1234 1943 utrum
1270 1898 1349 1943 ista
1374 1895 1615 1943 dominatio
1648 1893 1730 1940 viri

339 1987 476 2034 poena
502 1969 556 2014 sit
575 1968 789 2024 foeminae,
819 1986 872 2014 an
887 1967 994 2014 ordo
1011 1971 1208 2015 naturae?
1223 1984 1354 2031 quem
1372 1978 1516 2013 tamen
1531 1965 1731 2012 ordinem

338 2058 427 2087 non
453 2040 817 2086 commemoravit
843 2041 977 2096 Deus,
999 2039 1178 2103 quando
1200 2038 1417 2095 condidit,
1444 2036 1517 2084 sed
1552 2034 1732 2100 quando

342 2111 533 2176 punivit.
559 2111 740 2166 Verum,
778 2121 828 2157 ut
847 2110 953 2167 dixi,
982 2110 1090 2173 quid
1133 2128 1243 2174 opus
1261 2121 1323 2156 est
1343 2110 1390 2155 in
1427 2126 1476 2154 eo
1504 2105 1729 2156 remorari,

331 2181 452 2246 quod
470 2181 731 2227 utrumlibet
752 2182 820 2237 fit,
837 2191 1030 2226 nostram
1049 2199 1137 2227 non
1159 2180 1343 2244 impedit
1357 2180 1566 2225 causam?
1588 2178 1730 2222 Pror-

341 2268 412 2298 sus
438 2253 574 2308 Deus,
603 2269 625 2297 a
649 2251 870 2315 supplicio
896 2251 1017 2314 quod
1042 2250 1271 2311 infligebat
1293 2249 1463 2296 mulieri
1484 2286 1495 2305 ‚
1525 2247 1579 2293 ad
1608 2262 1730 2310 prae—

341 2323 596 2387 cipienduni
616 2322 750 2369 fuerit
768 2333 944 2387 repente
959 2339 1206 2378 conversus,
1224 2332 1266 2367 et
1281 2320 1481 2382 jubendo
1506 2337 1596 2365 non
1613 2317 1735 2365 dam-

346 2394 494 2440 nando
519 2393 691 2451 dixerit,
715 2394 781 2441 Ad
807 2395 950 2441 virum
975 2405 1097 2440 tuum
1128 2393 1351 2440 conversio
1375 2403 1468 2443 tua,
1496 2402 1538 2436 et
1563 2390 1655 2454 ipse
1674 2387 1738 2434 tui

346 2464 650 2510 dominabitur
667 2465 802 2528 :quid
821 2465 908 2511 hoe
922 2465 977 2511 ad
989 2465 1292 2529 quaestionem,
1309 2480 1440 2528 quam
1454 2462 1507 2508 de
1520 2458 1737 2524 supplicio

350 2535 612 2598 peccatricis
626 2536 708 2582 ista
726 2535 1024 2600 disputatione
1042 2538 1293 2583 versamus?
1317 2539 1384 2581 De
1399 2531 1581 2579 miseriis
1595 2541 1738 2576 tecum

397 2615 407 2638 ¹
433 2618 517 2649 Gen.
538 2628 586 2655 nr,
613 2620 664 2651 16.
680 2637 725 2643 —
745 2618 861 2652 21bid.
