1824 3236
174 313 329 344 orastis
367 312 626 343 IMPERFECTt
665 311 840 341 comm
875 314 1119 351 seminum,
1161 315 1245 344 tiu.
1292 316 1349 344 xi,
1401 296 1484 355 [181

123 379 371 426 vindicatur
393 397 404 425 ι
433 390 474 425 et
497 388 620 441 pater
645 378 868 423 Abraham
893 416 901 429 ,
942 390 989 423 ut
1009 379 1298 425 decimaretur
1332 399 1353 424 a
1391 382 1496 426 Mel·-

122 449 384 506 chisedech,
411 449 633 496 voluntate
673 448 735 494 illi
769 449 982 494 sacerdoti
1013 450 1201 495 decimas
1235 450 1422 504 dedit¹13
1457 463 1499 497 et

124 530 265 566 tamen
285 520 413 566 etiam
439 519 551 564 filios
568 522 680 578 ejus,
712 518 812 582 quia
841 519 885 564 in
907 518 1068 565 lumbis
1092 531 1214 565 erant
1237 525 1327 580 ojus
1346 559 1356 577 ,
1396 532 1501 566 tunc

121 608 207 636 esse
218 590 452 637 decimatos
465 607 583 636 sacra
600 591 829 653 Scriptura
845 601 1041 645 testatum
1064 591 1180 653 quod
1200 592 1398 653 profecto
1415 609 1503 638 nou

121 662 243 707 fieret
258 698 268 718 ‚
287 661 323 707 si
338 678 427 708 non
441 671 586 724 posset
607 677 670 706 res
684 661 921 707 voluntatis
943 661 1163 706 admoveri
1188 663 1440 709 seminibus,

126 769 129 771 .
184 731 350 778 XVIII.
372 735 467 778 JUL.
485 731 604 777 «Sed
628 731 743 795 proh
768 731 847 776 Dei
875 731 1008 776 nostri
1034 742 1162 795 atque
1191 732 1420 779 hominum
1446 734 1498 779 ss«

122 802 220 850 dem
240 804 249 849 l
274 803 480 850 Haeccine
500 805 690 866 potuisse
707 813 1052 849 commentorum
1074 804 1275 865 prodigia
1295 806 1472 868 reperiri
1492 843 1502 860 ‚

122 885 171 920 ut
193 873 339 920 dedita
366 890 497 937 opera
526 875 810 937 impensoque
837 873 979 919 studio
1004 875 1047 918 in
1072 891 1321 937 perversum
1345 893 1507 920 conen—

124 955 194 990 tur
214 945 358 990 omnia
385 945 588 990 asserere!
633 945 753 1001 Quid
791 945 902 990 enim
942 956 1028 989 tam
1066 945 1306 1008 prodigiale
1324 983 1334 1000 ‚
1374 963 1504 1009 quam

121 1013 242 1079 quod
263 1015 428 1059 Poenus
453 1014 707 1078 eloquitur?
740 1016 802 1059 Ea
821 1052 831 1071 ,
863 1014 1005 1078 inquit
1025 1052 1034 1071 ‚
1058 1032 1159 1078 quae
1182 1026 1304 1060 erant
1323 1028 1506 1063 natura-

126 1085 184 1132 lia
205 1123 216 1142 ,
242 1095 456 1150 perpetua
475 1103 562 1132 non
584 1086 784 1142 fuerunt3
808 1097 850 1132 et
871 1086 972 1143 illa,
1003 1103 1103 1150 quae
1129 1087 1273 1132 studio
1307 1099 1507 1151 suscepta

122 1167 225 1202 sunt
240 1193 251 1209 ‚
275 1156 426 1220 primis
455 1156 646 1216 coagulis
670 1156 890 1202 adhaesere
904 1158 1217 1204 membrorum.
1251 1159 1416 1212 Bonus,
1438 1160 1509 1203 in-

121 1227 249 1290 quit,
280 1226 420 1273 Adam
448 1225 588 1272 factus
611 1237 700 1282 est9
721 1227 881 1272 habuit
908 1226 1200 1272 innocentiam
1232 1229 1504 1283 naturalem3

121 1297 293 1342 caeteris
319 1297 449 1342 etiam
478 1297 687 1342 creaturis
710 1297 922 1360 peculiari
945 1297 1177 1343 nobilitate
1196 1299 1422 1360 praelatus.
1448 1300 1509 1344 si-·

122 1367 370 1414 m‘ilitudine
395 1368 460 1413 sui
480 1367 733 1420 Conditoris
754 1368 924 1414 enituit.
964 1368 1175 1413 Liberum
1207 1370 1436 1415 arbitrium
1464 1371 1509 1415 in

123 1437 372 1484 conditione
388 1438 581 1501 suscepit
599 1475 610 1494 ‚
637 1448 685 1483 ut
707 1438 752 1484 in
774 1455 904 1500 quam
928 1437 1057 1484 vellet
1079 1450 1246 1501 partem
1266 1444 1510 1503 suopteju⁴

123 1507 239 1554 dicio
266 1518 526 1564 moveretur,
544 1507 887 1571 facultatemque
912 1508 979 1553 vel
1005 1508 1060 1553 ad
1078 1509 1243 1554 bonum
1263 1510 1329 1555 vol
1349 1511 1401 1556 ad
1421 1527 1512 1556 ma-

125 1579 215 1626 lum
236 1578 499 1632 accedendi,
525 1578 592 1625 vel
618 1579 674 1624 ab
701 1590 886 1641 utroque
920 1579 1150 1624 recedendi
1172 1617 1182 1632 ,
1210 1581 1305 1643 ipsa
1324 1580 1510 1626 facturae

123 1667 230 1705 suae,
257 1666 346 1714 qua
371 1649 536 1695 caeteris
562 1650 827 1705 antistabat,
851 1648 1102 1694 conditione
1123 1651 1298 1695 sortitus
1316 1661 1389 1696 est.
1425 1651 1509 1696 Sed

124 1720 333 1783 quoniam
352 1720 628 1782 emancipato
644 1719 813 1779 judicio
835 1719 1061 1782 usurpavit
1082 1737 1262 1782 pravam
1295 1722 1424 1766 animi
1448 1721 1507 1767 li-

123 1791 219 1837 beri
241 1791 538 1847 voluntatem,
581 1790 656 1836 illa
686 1790 831 1836 omnia
851 1827 861 1844 ‚
890 1807 990 1853 quae
1020 1791 1208 1849 ingenita
1239 1792 1501 1841 constabat.

124 1861 303 1913 evertit3
328 1861 555 1924 solumque
576 1871 805 1923 peccatum
829 1871 869 1906 et
888 1861 1103 1924 peccandi
1126 1863 1351 1907 necessitas
1377 1863 1415 1907 ei
1431 1863 1505 1907 in-

124 1931 426 1995 separabiliter
446 1931 643 1977 adhaesit.
667 1932 763 1977 Hoc
781 1942 864 1978 est.
891 1931 1009 1994 quod
1028 1931 1111 1976 dixi
1134 1932 1375 1994 prodigiale
1387 1950 1502 1979 com-

125 2014 335 2049 mentum.
358 2001 577 2048 'Inaudita
609 2003 777 2066 quippe
801 2003 1052 2048 deformitas
1079 2013 1141 2048 est
1165 2003 1308 2048 dicere
1348 2022 1358 2048 ι
1390 2006 1505 2049 Bene

125 2072 374 2119 institutum
398 2082 460 2118 est
489 2073 648 2118 animal
668 2110 677 2125 ,
706 2074 750 2118 in
777 2091 865 2137 quo
896 2072 1145 2118 amissibilia
1180 2074 1355 2119 fuerunt
1385 2075 1505 2119 bona

125 2145 253 2203 etiam
279 2142 514 2199 naturalia,
542 2144 612 2189 cui
637 2143 986 2207 inseparabiliter
1007 2142 1286 2189 adhaeserunt.
1306 2144 1418 2190 mala
1437 2144 1504 2190 vel

126 2215 389 2275 voluntaria.
415 2236 435 2256 n
743 2227 746 2229 ’
935 2225 937 2228 “
970 2224 972 2227 ⁴

141 2343 143 2345 ,
193 2287 307 2332 AUG.
343 2284 457 2330 Cum
478 2283 639 2331 dicitur
672 2302 681 2330 ε
713 2289 863 2330 «Bene
884 2285 1131 2330 institutum
1154 2295 1215 2330 est
1241 2284 1400 2330 animal
1422 2322 1432 2339 ‚
1461 2285 1507 2330 in

126 2373 215 2421 quo
241 2354 493 2401 amissibilia
516 2356 693 2402 fuerunt
720 2357 837 2402 bona
859 2357 989 2402 ctiam
1016 2355 1247 2409 naturalia,
1289 2356 1358 2401 cui
1390 2356 1508 2400 inse-

126 2426 384 2490 parabiliter
405 2425 685 2472 adhaeserunt
715 2427 825 2473 mala
852 2426 1119 2478 voluntaria3
1154 2425 1396 2488 prodigiale
1420 2443 1511 2488 pu-

132 2508 192 2543 tas
228 2514 314 2542 esse
348 2507 671 2542 commentum:
697 2518 716 2538 »
742 2509 783 2543 et
811 2498 909 2543 haec
932 2516 954 2543 a
975 2497 1102 2542 nobis
1126 2495 1243 2551 dici,
1275 2507 1362 2541 tam
1382 2496 1512 2542 velie-

129 2577 296 2614 menter
317 2576 359 2611 et
383 2566 536 2612 acriter
560 2569 846 2613 commoveris
864 2605 875 2624 ‚
902 2578 949 2613 ut
972 2566 1179 2613 exclames
1209 2566 1253 2612 in
1285 2567 1364 2612 Dei
1385 2577 1512 2629 atque.

177 2649 291 2681 ¹Hebr
318 2661 375 2683 vu,
403 2660 451 2680 10.

263 2718 406 2748 (cassav.
1324 2701 1372 2745 331
