<?xml version="1.0" encoding="UTF-8"?>
<!DOCTYPE html PUBLIC "-//W3C//DTD XHTML 1.0 Transitional//EN"
    "http://www.w3.org/TR/xhtml1/DTD/xhtml1-transitional.dtd">
<html xmlns="http://www.w3.org/1999/xhtml" xml:lang="en" lang="en">
 <head>
  <title>
</title>
<meta http-equiv="Content-Type" content="text/html;charset=utf-8" />
  <meta name='ocr-system' content='tesseract 3.04.00' />
  <meta name='ocr-capabilities' content='ocr_page ocr_carea ocr_par ocr_line ocrx_word'/>
</head>
<body>
  <div class='ocr_page' id='page_1' title='image "./operaomniaaccura37auguuoft/operaomniaaccura37auguuoft_0128.png"; bbox 0 0 1863 3262; ppageno 0'>
   <div class='ocr_carea' id='block_1_1' title="bbox 328 287 1308 333">
    <p class='ocr_par' dir='ltr' id='par_1_1' title="bbox 328 287 1308 333">
     <span class='ocr_line' id='line_1_1' title="bbox 328 287 1308 333; baseline -0.005 0"><span class='ocrx_word' id='word_1_1' title='bbox 328 287 414 333; x_wconf 89' lang='lat'>118</span> <span class='ocrx_word' id='word_1_2' title='bbox 743 302 776 330; x_wconf 86' lang='lat' dir='ltr'>S.</span> <span class='ocrx_word' id='word_1_3' title='bbox 826 299 1066 329; x_wconf 63' lang='lat' dir='ltr'><strong>AUGUSTINI</strong></span> <span class='ocrx_word' id='word_1_4' title='bbox 1103 299 1308 329; x_wconf 80' lang='lat' dir='ltr'>EPISCOPI</span> 
     </span>
    </p>
   </div>
   <div class='ocr_carea' id='block_1_2' title="bbox 314 365 1709 2482">
    <p class='ocr_par' dir='ltr' id='par_1_2' title="bbox 317 365 1695 501">
     <span class='ocr_line' id='line_1_2' title="bbox 317 365 1695 433; baseline 0.002 -19"><span class='ocrx_word' id='word_1_5' title='bbox 317 377 627 431; x_wconf 79' lang='lat' dir='ltr'>componeret3</span> <span class='ocrx_word' id='word_1_6' title='bbox 651 377 700 413; x_wconf 87' lang='lat' dir='ltr'>tu</span> <span class='ocrx_word' id='word_1_7' title='bbox 713 383 814 414; x_wconf 87' lang='lat' dir='ltr'>vero</span> <span class='ocrx_word' id='word_1_8' title='bbox 840 365 1090 421; x_wconf 79' lang='lat' dir='ltr'>frustratUS,</span> <span class='ocrx_word' id='word_1_9' title='bbox 1124 365 1200 429; x_wconf 89' lang='lat' dir='ltr'>qui</span> <span class='ocrx_word' id='word_1_10' title='bbox 1224 366 1387 429; x_wconf 85' lang='lat' dir='ltr'>putasti</span> <span class='ocrx_word' id='word_1_11' title='bbox 1409 365 1539 414; x_wconf 86' lang='lat' dir='ltr'>latere</span> <span class='ocrx_word' id='word_1_12' title='bbox 1572 386 1695 433; x_wconf 86' lang='lat' dir='ltr'>posse</span> 
     </span>
     <span class='ocr_line' id='line_1_3' title="bbox 319 438 950 501; baseline 0 -18"><span class='ocrx_word' id='word_1_13' title='bbox 319 438 439 501; x_wconf 87' lang='lat' dir='ltr'>quod</span> <span class='ocrx_word' id='word_1_14' title='bbox 461 438 620 498; x_wconf 80' lang='lat' dir='ltr'><strong>legeras</strong></span> <span class='ocrx_word' id='word_1_15' title='bbox 644 449 686 483; x_wconf 87' lang='lat' dir='ltr'>et</span> <span class='ocrx_word' id='word_1_16' title='bbox 711 438 903 483; x_wconf 71' lang='lat' dir='ltr'>tenebas⁰</span> <span class='ocrx_word' id='word_1_17' title='bbox 929 458 950 477; x_wconf 82' lang='lat'>›&gt;</span> 
     </span>
    </p>

    <p class='ocr_par' dir='ltr' id='par_1_3' title="bbox 314 507 1709 2410">
     <span class='ocr_line' id='line_1_4' title="bbox 386 507 1698 569; baseline 0.001 -14"><span class='ocrx_word' id='word_1_18' title='bbox 386 511 499 556; x_wconf 74' lang='lat' dir='ltr'>Auo.</span> <span class='ocrx_word' id='word_1_19' title='bbox 528 509 636 564; x_wconf 82' lang='lat' dir='ltr'>Quis</span> <span class='ocrx_word' id='word_1_20' title='bbox 662 510 775 554; x_wconf 89' lang='lat' dir='ltr'>enim</span> <span class='ocrx_word' id='word_1_21' title='bbox 814 518 891 562; x_wconf 87' lang='lat' dir='ltr'>est,</span> <span class='ocrx_word' id='word_1_22' title='bbox 931 507 1008 569; x_wconf 88' lang='lat' dir='ltr'>qui</span> <span class='ocrx_word' id='word_1_23' title='bbox 1044 507 1111 552; x_wconf 84' lang='lat' dir='ltr'>vel</span> <span class='ocrx_word' id='word_1_24' title='bbox 1143 507 1324 553; x_wconf 86' lang='lat' dir='ltr'>tenuiter</span> <span class='ocrx_word' id='word_1_25' title='bbox 1349 509 1698 556; x_wconf 71' lang='lat' dir='ltr'>Manichaeorum</span> 
     </span>
     <span class='ocr_line' id='line_1_5' title="bbox 318 579 1699 640; baseline 0.002 -15"><span class='ocrx_word' id='word_1_26' title='bbox 318 580 476 640; x_wconf 80' lang='lat' dir='ltr'>dogma</span> <span class='ocrx_word' id='word_1_27' title='bbox 499 580 719 640; x_wconf 74' lang='lat' dir='ltr'>cognovit,</span> <span class='ocrx_word' id='word_1_28' title='bbox 749 589 790 623; x_wconf 86' lang='lat' dir='ltr'>et</span> <span class='ocrx_word' id='word_1_29' title='bbox 811 579 941 623; x_wconf 85' lang='lat' dir='ltr'>lateat</span> <span class='ocrx_word' id='word_1_30' title='bbox 967 594 1066 623; x_wconf 87' lang='lat' dir='ltr'>eum</span> <span class='ocrx_word' id='word_1_31' title='bbox 1093 579 1361 624; x_wconf 75' lang='lat' dir='ltr'>Manicliaeos</span> <span class='ocrx_word' id='word_1_32' title='bbox 1378 580 1520 626; x_wconf 88' lang='lat' dir='ltr'>dicere</span> <span class='ocrx_word' id='word_1_33' title='bbox 1541 582 1699 628; x_wconf 86' lang='lat' dir='ltr'>malam</span> 
     </span>
     <span class='ocr_line' id='line_1_6' title="bbox 316 648 1698 714; baseline 0.002 -20"><span class='ocrx_word' id='word_1_34' title='bbox 316 666 404 696; x_wconf 87' lang='lat' dir='ltr'>esse</span> <span class='ocrx_word' id='word_1_35' title='bbox 417 650 816 713; x_wconf 74' lang='lat' dir='ltr'>concupiscentiam</span> <span class='ocrx_word' id='word_1_36' title='bbox 836 649 1008 694; x_wconf 65' lang='lat' dir='ltr'>carnis?</span> <span class='ocrx_word' id='word_1_37' title='bbox 1035 648 1121 693; x_wconf 81' lang='lat' dir='ltr'>Sed</span> <span class='ocrx_word' id='word_1_38' title='bbox 1143 665 1230 693; x_wconf 84' lang='lat' dir='ltr'>non</span> <span class='ocrx_word' id='word_1_39' title='bbox 1259 660 1319 694; x_wconf 85' lang='lat' dir='ltr'>est</span> <span class='ocrx_word' id='word_1_40' title='bbox 1343 649 1429 696; x_wconf 85' lang='lat' dir='ltr'>hoc</span> <span class='ocrx_word' id='word_1_41' title='bbox 1468 652 1698 714; x_wconf 86' lang='lat' dir='ltr'>proprium</span> 
     </span>
     <span class='ocr_line' id='line_1_7' title="bbox 314 719 1700 785; baseline 0.001 -18"><span class='ocrx_word' id='word_1_42' title='bbox 314 721 529 781; x_wconf 83' lang='lat' dir='ltr'>dogmatis</span> <span class='ocrx_word' id='word_1_43' title='bbox 544 738 693 766; x_wconf 89' lang='lat' dir='ltr'>eorum</span> <span class='ocrx_word' id='word_1_44' title='bbox 721 738 731 764; x_wconf 76' lang='grc' dir='ltr'>ε</span> <span class='ocrx_word' id='word_1_45' title='bbox 762 737 863 765; x_wconf 87' lang='lat' dir='ltr'>nam</span> <span class='ocrx_word' id='word_1_46' title='bbox 885 720 992 783; x_wconf 86' lang='lat' dir='ltr'>quid</span> <span class='ocrx_word' id='word_1_47' title='bbox 1016 719 1135 765; x_wconf 87' lang='lat' dir='ltr'>aliud</span> <span class='ocrx_word' id='word_1_48' title='bbox 1170 719 1277 765; x_wconf 83' lang='lat' dir='ltr'>dicit</span> <span class='ocrx_word' id='word_1_49' title='bbox 1297 722 1427 766; x_wconf 86' lang='lat' dir='ltr'>etiam</span> <span class='ocrx_word' id='word_1_50' title='bbox 1448 722 1517 767; x_wconf 87' lang='lat' dir='ltr'>ille</span> <span class='ocrx_word' id='word_1_51' title='bbox 1532 723 1607 785; x_wconf 88' lang='lat' dir='ltr'>qui</span> <span class='ocrx_word' id='word_1_52' title='bbox 1628 723 1700 768; x_wconf 86' lang='lat' dir='ltr'>di-</span> 
     </span>
     <span class='ocr_line' id='line_1_8' title="bbox 318 790 1700 854; baseline 0.001 -18"><span class='ocrx_word' id='word_1_53' title='bbox 318 792 396 847; x_wconf 75' lang='lat' dir='ltr'>cit,</span> <span class='ocrx_word' id='word_1_54' title='bbox 423 813 442 832; x_wconf 75' lang='grc' dir='ltr'>α</span> <span class='ocrx_word' id='word_1_55' title='bbox 465 791 577 836; x_wconf 85' lang='lat' dir='ltr'>Caro</span> <span class='ocrx_word' id='word_1_56' title='bbox 615 790 889 854; x_wconf 83' lang='lat' dir='ltr'>concupiscit</span> <span class='ocrx_word' id='word_1_57' title='bbox 919 790 1122 837; x_wconf 85' lang='lat' dir='ltr'>adversus</span> <span class='ocrx_word' id='word_1_58' title='bbox 1150 791 1355 853; x_wconf 80' lang='lat' dir='ltr'>spiritum</span> <span class='ocrx_word' id='word_1_59' title='bbox 1372 828 1383 846; x_wconf 82' lang='lat'>,</span> <span class='ocrx_word' id='word_1_60' title='bbox 1410 792 1588 854; x_wconf 88' lang='lat' dir='ltr'>spiritus</span> <span class='ocrx_word' id='word_1_61' title='bbox 1618 808 1700 838; x_wconf 87' lang='lat' dir='ltr'>au-</span> 
     </span>
     <span class='ocr_line' id='line_1_9' title="bbox 318 860 1702 908; baseline 0.003 -5"><span class='ocrx_word' id='word_1_62' title='bbox 318 871 441 907; x_wconf 85' lang='lat' dir='ltr'>»tem</span> <span class='ocrx_word' id='word_1_63' title='bbox 465 861 668 908; x_wconf 86' lang='lat' dir='ltr'>adversus</span> <span class='ocrx_word' id='word_1_64' title='bbox 691 878 864 907; x_wconf 88' lang='lat' dir='ltr'>carnem</span> <span class='ocrx_word' id='word_1_65' title='bbox 884 878 894 906; x_wconf 86' lang='lat'><strong>:</strong></span> <span class='ocrx_word' id='word_1_66' title='bbox 922 861 1020 906; x_wconf 76' lang='lat' dir='ltr'>haee</span> <span class='ocrx_word' id='word_1_67' title='bbox 1035 860 1149 905; x_wconf 90' lang='lat' dir='ltr'>enim</span> <span class='ocrx_word' id='word_1_68' title='bbox 1165 861 1248 906; x_wconf 77' lang='lat' dir='ltr'>sibi</span> <span class='ocrx_word' id='word_1_69' title='bbox 1266 860 1453 907; x_wconf 87' lang='lat' dir='ltr'>invicem</span> <span class='ocrx_word' id='word_1_70' title='bbox 1474 861 1702 908; x_wconf 85' lang='lat' dir='ltr'>adversan-</span> 
     </span>
     <span class='ocr_line' id='line_1_10' title="bbox 318 931 1702 997; baseline 0.001 -20"><span class='ocrx_word' id='word_1_71' title='bbox 318 953 338 976; x_wconf 94' lang='lat'>»</span> <span class='ocrx_word' id='word_1_72' title='bbox 359 944 447 989; x_wconf 80' lang='lat' dir='ltr'>tur,</span> <span class='ocrx_word' id='word_1_73' title='bbox 466 944 621 979; x_wconf 88' lang='lat' dir='ltr'>utnon</span> <span class='ocrx_word' id='word_1_74' title='bbox 646 950 694 979; x_wconf 85' lang='lat' dir='ltr'>ea</span> <span class='ocrx_word' id='word_1_75' title='bbox 707 950 808 997; x_wconf 65' lang='lat' dir='ltr'>quae</span> <span class='ocrx_word' id='word_1_76' title='bbox 825 932 974 987; x_wconf 86' lang='lat' dir='ltr'>vultis,</span> <span class='ocrx_word' id='word_1_77' title='bbox 999 931 1167 977; x_wconf 80' lang='lat' dir='ltr'>faciatis</span> <span class='ocrx_word' id='word_1_78' title='bbox 1186 931 1238 978; x_wconf 67' lang='lat'>4?</span> <span class='ocrx_word' id='word_1_79' title='bbox 1263 952 1282 973; x_wconf 73' lang='lat' dir='ltr'>n</span> <span class='ocrx_word' id='word_1_80' title='bbox 1301 932 1420 989; x_wconf 84' lang='lat' dir='ltr'>Quid</span> <span class='ocrx_word' id='word_1_81' title='bbox 1445 932 1560 978; x_wconf 85' lang='lat' dir='ltr'>aliud</span> <span class='ocrx_word' id='word_1_82' title='bbox 1574 933 1702 979; x_wconf 86' lang='lat' dir='ltr'>etiam</span> 
     </span>
     <span class='ocr_line' id='line_1_11' title="bbox 319 1003 1704 1067; baseline 0.001 -19"><span class='ocrx_word' id='word_1_83' title='bbox 319 1024 340 1044; x_wconf 67' lang='lat'>³&gt;</span> <span class='ocrx_word' id='word_1_84' title='bbox 362 1003 433 1049; x_wconf 83' lang='lat' dir='ltr'>ille</span> <span class='ocrx_word' id='word_1_85' title='bbox 451 1004 529 1067; x_wconf 88' lang='lat' dir='ltr'>qui</span> <span class='ocrx_word' id='word_1_86' title='bbox 571 1004 709 1059; x_wconf 83' lang='lat' dir='ltr'>dicit,</span> <span class='ocrx_word' id='word_1_87' title='bbox 738 1026 758 1045; x_wconf 74' lang='lat' dir='ltr'>c&lt;</span> <span class='ocrx_word' id='word_1_88' title='bbox 784 1004 994 1066; x_wconf 75' lang='lat' dir='ltr'>Quisquis</span> <span class='ocrx_word' id='word_1_89' title='bbox 1018 1003 1212 1048; x_wconf 72' lang='lat' dir='ltr'>dilexerit</span> <span class='ocrx_word' id='word_1_90' title='bbox 1256 1003 1488 1060; x_wconf 80' lang='lat' dir='ltr'>mundum,</span> <span class='ocrx_word' id='word_1_91' title='bbox 1530 1022 1619 1050; x_wconf 88' lang='lat' dir='ltr'>non</span> <span class='ocrx_word' id='word_1_92' title='bbox 1643 1015 1704 1050; x_wconf 89' lang='lat' dir='ltr'>est</span> 
     </span>
     <span class='ocr_line' id='line_1_12' title="bbox 319 1074 1699 1137; baseline 0.001 -18"><span class='ocrx_word' id='word_1_93' title='bbox 319 1095 340 1115; x_wconf 84' lang='lat'>»</span> <span class='ocrx_word' id='word_1_94' title='bbox 365 1074 553 1120; x_wconf 84' lang='lat' dir='ltr'>charitas</span> <span class='ocrx_word' id='word_1_95' title='bbox 569 1076 712 1120; x_wconf 84' lang='lat' dir='ltr'>Patris</span> <span class='ocrx_word' id='word_1_96' title='bbox 732 1075 775 1119; x_wconf 84' lang='lat' dir='ltr'>in</span> <span class='ocrx_word' id='word_1_97' title='bbox 788 1075 863 1119; x_wconf 90' lang='lat' dir='ltr'>illo</span> <span class='ocrx_word' id='word_1_98' title='bbox 884 1095 895 1126; x_wconf 76' lang='grc' dir='ltr'><strong>ς</strong></span> <span class='ocrx_word' id='word_1_99' title='bbox 916 1075 1017 1137; x_wconf 86' lang='lat' dir='ltr'>quia</span> <span class='ocrx_word' id='word_1_100' title='bbox 1047 1075 1191 1119; x_wconf 85' lang='lat' dir='ltr'>onmia</span> <span class='ocrx_word' id='word_1_101' title='bbox 1209 1091 1308 1136; x_wconf 79' lang='lat' dir='ltr'>quae</span> <span class='ocrx_word' id='word_1_102' title='bbox 1331 1075 1376 1119; x_wconf 90' lang='lat' dir='ltr'>in</span> <span class='ocrx_word' id='word_1_103' title='bbox 1397 1075 1562 1120; x_wconf 87' lang='lat' dir='ltr'>mundo</span> <span class='ocrx_word' id='word_1_104' title='bbox 1583 1087 1699 1131; x_wconf 82' lang='lat' dir='ltr'>sunt,</span> 
     </span>
     <span class='ocr_line' id='line_1_13' title="bbox 319 1144 1701 1208; baseline 0.003 -21"><span class='ocrx_word' id='word_1_105' title='bbox 319 1165 340 1188; x_wconf 88' lang='lat'>»</span> <span class='ocrx_word' id='word_1_106' title='bbox 360 1144 715 1208; x_wconf 87' lang='lat' dir='ltr'>concupiscentia</span> <span class='ocrx_word' id='word_1_107' title='bbox 735 1145 879 1190; x_wconf 86' lang='lat' dir='ltr'>carnis</span> <span class='ocrx_word' id='word_1_108' title='bbox 896 1155 976 1199; x_wconf 81' lang='lat' dir='ltr'>est,</span> <span class='ocrx_word' id='word_1_109' title='bbox 998 1154 1040 1189; x_wconf 94' lang='lat' dir='ltr'>et</span> <span class='ocrx_word' id='word_1_110' title='bbox 1073 1145 1427 1207; x_wconf 84' lang='lat' dir='ltr'>concupiscentia</span> <span class='ocrx_word' id='word_1_111' title='bbox 1456 1145 1701 1202; x_wconf 85' lang='lat' dir='ltr'>oculorum,</span> 
     </span>
     <span class='ocr_line' id='line_1_14' title="bbox 321 1215 1705 1278; baseline 0.004 -21"><span class='ocrx_word' id='word_1_112' title='bbox 321 1236 342 1257; x_wconf 84' lang='lat'>»</span> <span class='ocrx_word' id='word_1_113' title='bbox 363 1226 403 1261; x_wconf 89' lang='lat' dir='ltr'>et</span> <span class='ocrx_word' id='word_1_114' title='bbox 423 1216 606 1261; x_wconf 80' lang='lat' dir='ltr'>ambitio</span> <span class='ocrx_word' id='word_1_115' title='bbox 633 1215 797 1271; x_wconf 85' lang='lat' dir='ltr'>saeculi,</span> <span class='ocrx_word' id='word_1_116' title='bbox 825 1233 924 1278; x_wconf 58' lang='lat' dir='ltr'>quae</span> <span class='ocrx_word' id='word_1_117' title='bbox 945 1233 1032 1261; x_wconf 88' lang='lat' dir='ltr'>non</span> <span class='ocrx_word' id='word_1_118' title='bbox 1062 1225 1123 1260; x_wconf 90' lang='lat' dir='ltr'>est</span> <span class='ocrx_word' id='word_1_119' title='bbox 1144 1233 1191 1260; x_wconf 81' lang='lat' dir='ltr'>ex</span> <span class='ocrx_word' id='word_1_120' title='bbox 1217 1220 1357 1272; x_wconf 71' lang='lat' dir='ltr'>Patre,</span> <span class='ocrx_word' id='word_1_121' title='bbox 1380 1215 1451 1261; x_wconf 86' lang='lat' dir='ltr'>sed</span> <span class='ocrx_word' id='word_1_122' title='bbox 1477 1234 1523 1262; x_wconf 84' lang='lat' dir='ltr'>ex</span> <span class='ocrx_word' id='word_1_123' title='bbox 1539 1217 1705 1263; x_wconf 89' lang='lat' dir='ltr'>mundo</span> 
     </span>
     <span class='ocr_line' id='line_1_15' title="bbox 322 1286 1705 1349; baseline 0.003 -21"><span class='ocrx_word' id='word_1_124' title='bbox 322 1308 342 1329; x_wconf 84' lang='lat'>»</span> <span class='ocrx_word' id='word_1_125' title='bbox 361 1296 422 1331; x_wconf 88' lang='lat' dir='ltr'>est</span> <span class='ocrx_word' id='word_1_126' title='bbox 440 1286 486 1331; x_wconf 65' lang='lat'>2?</span> <span class='ocrx_word' id='word_1_127' title='bbox 507 1308 526 1328; x_wconf 86' lang='grc'>»</span> <span class='ocrx_word' id='word_1_128' title='bbox 554 1287 713 1331; x_wconf 79' lang='lat' dir='ltr'>Malam</span> <span class='ocrx_word' id='word_1_129' title='bbox 740 1303 840 1346; x_wconf 78' lang='lat' dir='ltr'>ergo</span> <span class='ocrx_word' id='word_1_130' title='bbox 870 1303 958 1331; x_wconf 87' lang='lat' dir='ltr'>esse</span> <span class='ocrx_word' id='word_1_131' title='bbox 996 1287 1397 1349; x_wconf 73' lang='lat' dir='ltr'>concupiscentiam</span> <span class='ocrx_word' id='word_1_132' title='bbox 1432 1288 1589 1343; x_wconf 84' lang='lat' dir='ltr'>carnis,</span> <span class='ocrx_word' id='word_1_133' title='bbox 1616 1305 1705 1333; x_wconf 88' lang='lat' dir='ltr'>non</span> 
     </span>
     <span class='ocr_line' id='line_1_16' title="bbox 319 1356 1707 1420; baseline 0.001 -18"><span class='ocrx_word' id='word_1_134' title='bbox 319 1357 503 1420; x_wconf 86' lang='lat' dir='ltr'>proprio</span> <span class='ocrx_word' id='word_1_135' title='bbox 518 1356 720 1417; x_wconf 81' lang='lat' dir='ltr'>dogmate</span> <span class='ocrx_word' id='word_1_136' title='bbox 739 1356 973 1402; x_wconf 73' lang='lat' dir='ltr'>Manichaei</span> <span class='ocrx_word' id='word_1_137' title='bbox 1001 1356 1184 1410; x_wconf 68' lang='lat' dir='ltr'>dicunt,</span> <span class='ocrx_word' id='word_1_138' title='bbox 1207 1357 1327 1420; x_wconf 85' lang='lat' dir='ltr'>quod</span> <span class='ocrx_word' id='word_1_139' title='bbox 1343 1357 1492 1403; x_wconf 86' lang='lat' dir='ltr'>vident</span> <span class='ocrx_word' id='word_1_140' title='bbox 1509 1357 1585 1420; x_wconf 91' lang='lat' dir='ltr'>qui</span> <span class='ocrx_word' id='word_1_141' title='bbox 1599 1358 1707 1403; x_wconf 85' lang='lat' dir='ltr'>caeci</span> 
     </span>
     <span class='ocr_line' id='line_1_17' title="bbox 320 1427 1706 1491; baseline -0.001 -17"><span class='ocrx_word' id='word_1_142' title='bbox 320 1444 410 1474; x_wconf 89' lang='lat' dir='ltr'>non</span> <span class='ocrx_word' id='word_1_143' title='bbox 420 1437 537 1483; x_wconf 83' lang='lat' dir='ltr'>sunt,</span> <span class='ocrx_word' id='word_1_144' title='bbox 555 1438 596 1472; x_wconf 85' lang='lat' dir='ltr'>et</span> <span class='ocrx_word' id='word_1_145' title='bbox 609 1428 838 1490; x_wconf 84' lang='lat' dir='ltr'>Apostolos</span> <span class='ocrx_word' id='word_1_146' title='bbox 850 1427 994 1472; x_wconf 79' lang='lat' dir='ltr'>dicere</span> <span class='ocrx_word' id='word_1_147' title='bbox 1012 1428 1085 1472; x_wconf 89' lang='lat' dir='ltr'>sed</span> <span class='ocrx_word' id='word_1_148' title='bbox 1108 1428 1456 1472; x_wconf 62' lang='lat' dir='ltr'>Manichaeorum</span> <span class='ocrx_word' id='word_1_149' title='bbox 1478 1428 1706 1491; x_wconf 82' lang='lat' dir='ltr'>propriam</span> 
     </span>
     <span class='ocr_line' id='line_1_18' title="bbox 320 1496 1707 1560; baseline 0.001 -17"><span class='ocrx_word' id='word_1_150' title='bbox 320 1496 597 1560; x_wconf 80' lang='lat' dir='ltr'>virosamque</span> <span class='ocrx_word' id='word_1_151' title='bbox 634 1498 887 1543; x_wconf 85' lang='lat' dir='ltr'>sententiam</span> <span class='ocrx_word' id='word_1_152' title='bbox 910 1514 1031 1542; x_wconf 90' lang='lat' dir='ltr'>error</span> <span class='ocrx_word' id='word_1_153' title='bbox 1055 1508 1193 1543; x_wconf 86' lang='lat' dir='ltr'>vester</span> <span class='ocrx_word' id='word_1_154' title='bbox 1216 1498 1414 1557; x_wconf 81' lang='lat' dir='ltr'>adjuvat,</span> <span class='ocrx_word' id='word_1_155' title='bbox 1438 1499 1513 1560; x_wconf 82' lang='lat' dir='ltr'>qui</span> <span class='ocrx_word' id='word_1_156' title='bbox 1540 1515 1707 1544; x_wconf 87' lang='lat' dir='ltr'>concu-</span> 
     </span>
     <span class='ocr_line' id='line_1_19' title="bbox 317 1567 1708 1632; baseline 0.001 -19"><span class='ocrx_word' id='word_1_157' title='bbox 317 1568 577 1632; x_wconf 87' lang='lat' dir='ltr'>piscentiam</span> <span class='ocrx_word' id='word_1_158' title='bbox 603 1569 744 1614; x_wconf 86' lang='lat' dir='ltr'>carnis</span> <span class='ocrx_word' id='word_1_159' title='bbox 763 1606 773 1625; x_wconf 82' lang='lat'><strong><em>‚</em></strong></span> <span class='ocrx_word' id='word_1_160' title='bbox 799 1569 893 1624; x_wconf 76' lang='lat' dir='ltr'>cui,</span> <span class='ocrx_word' id='word_1_161' title='bbox 921 1567 1060 1614; x_wconf 88' lang='lat' dir='ltr'>velitis</span> <span class='ocrx_word' id='word_1_162' title='bbox 1100 1568 1246 1613; x_wconf 87' lang='lat' dir='ltr'>nolitis</span> <span class='ocrx_word' id='word_1_163' title='bbox 1281 1569 1332 1613; x_wconf 78' lang='lat' dir='ltr'>acl</span> <span class='ocrx_word' id='word_1_164' title='bbox 1358 1569 1510 1614; x_wconf 88' lang='lat' dir='ltr'>illicita</span> <span class='ocrx_word' id='word_1_165' title='bbox 1546 1586 1708 1632; x_wconf 82' lang='lat' dir='ltr'>perpe-</span> 
     </span>
     <span class='ocr_line' id='line_1_20' title="bbox 320 1638 1707 1704; baseline -0.001 -18"><span class='ocrx_word' id='word_1_166' title='bbox 320 1638 475 1686; x_wconf 79' lang='lat' dir='ltr'>tranda</span> <span class='ocrx_word' id='word_1_167' title='bbox 494 1639 745 1685; x_wconf 80' lang='lat' dir='ltr'>sollicitanti</span> <span class='ocrx_word' id='word_1_168' title='bbox 763 1641 935 1686; x_wconf 86' lang='lat' dir='ltr'>castitas</span> <span class='ocrx_word' id='word_1_169' title='bbox 964 1639 1221 1694; x_wconf 77' lang='lat' dir='ltr'>reluctatur,</span> <span class='ocrx_word' id='word_1_170' title='bbox 1251 1641 1411 1699; x_wconf 84' lang='lat' dir='ltr'>negatis</span> <span class='ocrx_word' id='word_1_171' title='bbox 1441 1640 1494 1685; x_wconf 88' lang='lat' dir='ltr'>de</span> <span class='ocrx_word' id='word_1_172' title='bbox 1525 1650 1707 1704; x_wconf 87' lang='lat' dir='ltr'>peccato</span> 
     </span>
     <span class='ocr_line' id='line_1_21' title="bbox 321 1709 1702 1774; baseline 0 -18"><span class='ocrx_word' id='word_1_173' title='bbox 321 1709 526 1758; x_wconf 88' lang='lat' dir='ltr'>accidisse</span> <span class='ocrx_word' id='word_1_174' title='bbox 543 1721 729 1766; x_wconf 82' lang='lat' dir='ltr'>naturae,</span> <span class='ocrx_word' id='word_1_175' title='bbox 774 1727 908 1774; x_wconf 87' lang='lat' dir='ltr'>quam</span> <span class='ocrx_word' id='word_1_176' title='bbox 947 1712 1062 1756; x_wconf 84' lang='lat' dir='ltr'>Deus</span> <span class='ocrx_word' id='word_1_177' title='bbox 1089 1710 1288 1755; x_wconf 81' lang='lat' dir='ltr'>condidit</span> <span class='ocrx_word' id='word_1_178' title='bbox 1312 1712 1489 1757; x_wconf 85' lang='lat' dir='ltr'>bonam.</span> <span class='ocrx_word' id='word_1_179' title='bbox 1522 1713 1584 1756; x_wconf 90' lang='lat' dir='ltr'>Ac</span> <span class='ocrx_word' id='word_1_180' title='bbox 1624 1711 1702 1767; x_wconf 85' lang='lat' dir='ltr'>sic,</span> 
     </span>
     <span class='ocr_line' id='line_1_22' title="bbox 320 1781 1706 1843; baseline 0.001 -18"><span class='ocrx_word' id='word_1_181' title='bbox 320 1781 446 1840; x_wconf 86' lang='lat' dir='ltr'>agitis</span> <span class='ocrx_word' id='word_1_182' title='bbox 476 1791 524 1826; x_wconf 86' lang='lat' dir='ltr'>ut</span> <span class='ocrx_word' id='word_1_183' title='bbox 564 1798 658 1826; x_wconf 88' lang='lat' dir='ltr'>eam</span> <span class='ocrx_word' id='word_1_184' title='bbox 682 1781 938 1836; x_wconf 72' lang='lat' dir='ltr'>Manichaei,</span> <span class='ocrx_word' id='word_1_185' title='bbox 977 1798 1108 1843; x_wconf 86' lang='lat' dir='ltr'>quam</span> <span class='ocrx_word' id='word_1_186' title='bbox 1141 1781 1464 1826; x_wconf 84' lang='lat' dir='ltr'>conflictatione</span> <span class='ocrx_word' id='word_1_187' title='bbox 1487 1791 1706 1827; x_wconf 86' lang='lat' dir='ltr'>castorum</span> 
     </span>
     <span class='ocr_line' id='line_1_23' title="bbox 317 1851 1709 1914; baseline 0.001 -18"><span class='ocrx_word' id='word_1_188' title='bbox 317 1861 359 1896; x_wconf 88' lang='lat' dir='ltr'>et</span> <span class='ocrx_word' id='word_1_189' title='bbox 381 1851 691 1914; x_wconf 85' lang='lat' dir='ltr'>Apostolorum</span> <span class='ocrx_word' id='word_1_190' title='bbox 713 1853 957 1898; x_wconf 86' lang='lat' dir='ltr'>testimonio</span> <span class='ocrx_word' id='word_1_191' title='bbox 980 1853 1251 1897; x_wconf 86' lang='lat' dir='ltr'>convincunt</span> <span class='ocrx_word' id='word_1_192' title='bbox 1298 1853 1475 1899; x_wconf 84' lang='lat' dir='ltr'>malam.</span> <span class='ocrx_word' id='word_1_193' title='bbox 1509 1853 1563 1898; x_wconf 87' lang='lat' dir='ltr'>de</span> <span class='ocrx_word' id='word_1_194' title='bbox 1585 1863 1709 1912; x_wconf 82' lang='lat' dir='ltr'>gente</span> 
     </span>
     <span class='ocr_line' id='line_1_24' title="bbox 320 1922 1708 1979; baseline -0.001 -12"><span class='ocrx_word' id='word_1_195' title='bbox 320 1922 600 1968; x_wconf 80' lang='lat' dir='ltr'>tenebrarum</span> <span class='ocrx_word' id='word_1_196' title='bbox 619 1933 660 1968; x_wconf 91' lang='lat' dir='ltr'>et</span> <span class='ocrx_word' id='word_1_197' title='bbox 684 1922 736 1968; x_wconf 89' lang='lat' dir='ltr'>de</span> <span class='ocrx_word' id='word_1_198' title='bbox 755 1922 869 1968; x_wconf 88' lang='lat' dir='ltr'>mala</span> <span class='ocrx_word' id='word_1_199' title='bbox 895 1922 1139 1967; x_wconf 86' lang='lat' dir='ltr'>substantia</span> <span class='ocrx_word' id='word_1_200' title='bbox 1179 1924 1270 1967; x_wconf 85' lang='lat' dir='ltr'>Deo</span> <span class='ocrx_word' id='word_1_201' title='bbox 1305 1933 1540 1979; x_wconf 70' lang='lat' dir='ltr'>coaeterna,</span> <span class='ocrx_word' id='word_1_202' title='bbox 1578 1923 1708 1967; x_wconf 86' lang='lat' dir='ltr'>etiam</span> 
     </span>
     <span class='ocr_line' id='line_1_25' title="bbox 319 1993 1708 2058; baseline 0 -20"><span class='ocrx_word' id='word_1_203' title='bbox 319 1993 478 2056; x_wconf 81' lang='lat' dir='ltr'>ipsam,</span> <span class='ocrx_word' id='word_1_204' title='bbox 497 2011 586 2039; x_wconf 89' lang='lat' dir='ltr'>non</span> <span class='ocrx_word' id='word_1_205' title='bbox 605 1994 764 2041; x_wconf 88' lang='lat' dir='ltr'>malam</span> <span class='ocrx_word' id='word_1_206' title='bbox 784 1994 1040 2058; x_wconf 78' lang='lat' dir='ltr'>qualitatem</span> <span class='ocrx_word' id='word_1_207' title='bbox 1057 1993 1314 2047; x_wconf 78' lang='lat' dir='ltr'>sanandam,</span> <span class='ocrx_word' id='word_1_208' title='bbox 1333 1994 1406 2039; x_wconf 73' lang='lat' dir='ltr'>secl</span> <span class='ocrx_word' id='word_1_209' title='bbox 1426 1994 1583 2039; x_wconf 85' lang='lat' dir='ltr'>malam</span> <span class='ocrx_word' id='word_1_210' title='bbox 1606 1994 1708 2039; x_wconf 81' lang='lat' dir='ltr'>sub-</span> 
     </span>
     <span class='ocr_line' id='line_1_26' title="bbox 319 2064 1706 2127; baseline 0.001 -19"><span class='ocrx_word' id='word_1_211' title='bbox 319 2064 521 2109; x_wconf 82' lang='lat' dir='ltr'>stantiam</span> <span class='ocrx_word' id='word_1_212' title='bbox 551 2064 861 2127; x_wconf 79' lang='lat' dir='ltr'>separandam3</span> <span class='ocrx_word' id='word_1_213' title='bbox 902 2082 982 2110; x_wconf 92' lang='lat' dir='ltr'>nec</span> <span class='ocrx_word' id='word_1_214' title='bbox 1007 2065 1138 2110; x_wconf 81' lang='lat' dir='ltr'>bonae</span> <span class='ocrx_word' id='word_1_215' title='bbox 1181 2075 1350 2109; x_wconf 72' lang='lat' dir='ltr'>naturae</span> <span class='ocrx_word' id='word_1_216' title='bbox 1382 2064 1605 2118; x_wconf 85' lang='lat' dir='ltr'>accidisse,</span> <span class='ocrx_word' id='word_1_217' title='bbox 1634 2065 1706 2110; x_wconf 84' lang='lat' dir='ltr'>sed</span> 
     </span>
     <span class='ocr_line' id='line_1_27' title="bbox 318 2133 1700 2197; baseline 0.001 -19"><span class='ocrx_word' id='word_1_218' title='bbox 318 2133 450 2179; x_wconf 81' lang='lat' dir='ltr'>bonae</span> <span class='ocrx_word' id='word_1_219' title='bbox 469 2144 640 2180; x_wconf 80' lang='lat' dir='ltr'>naturae</span> <span class='ocrx_word' id='word_1_220' title='bbox 662 2135 941 2180; x_wconf 84' lang='lat' dir='ltr'>commixtam</span> <span class='ocrx_word' id='word_1_221' title='bbox 960 2134 1086 2180; x_wconf 86' lang='lat' dir='ltr'>fuisse</span> <span class='ocrx_word' id='word_1_222' title='bbox 1106 2134 1388 2181; x_wconf 84' lang='lat' dir='ltr'>concludant.</span> <span class='ocrx_word' id='word_1_223' title='bbox 1412 2134 1497 2179; x_wconf 78' lang='lat' dir='ltr'>Sed</span> <span class='ocrx_word' id='word_1_224' title='bbox 1516 2135 1700 2197; x_wconf 78' lang='lat' dir='ltr'>pergite,</span> 
     </span>
     <span class='ocr_line' id='line_1_28' title="bbox 319 2205 1703 2268; baseline 0.001 -18"><span class='ocrx_word' id='word_1_225' title='bbox 319 2215 363 2250; x_wconf 88' lang='lat' dir='ltr'>et</span> <span class='ocrx_word' id='word_1_226' title='bbox 386 2205 511 2251; x_wconf 89' lang='lat' dir='ltr'>nobis</span> <span class='ocrx_word' id='word_1_227' title='bbox 545 2205 783 2251; x_wconf 87' lang='lat' dir='ltr'>calumnias</span> <span class='ocrx_word' id='word_1_228' title='bbox 820 2206 873 2251; x_wconf 87' lang='lat' dir='ltr'>de</span> <span class='ocrx_word' id='word_1_229' title='bbox 911 2205 1259 2252; x_wconf 65' lang='lat' dir='ltr'>Manichaeorum</span> <span class='ocrx_word' id='word_1_230' title='bbox 1298 2216 1418 2268; x_wconf 81' lang='lat' dir='ltr'>peste</span> <span class='ocrx_word' id='word_1_231' title='bbox 1460 2205 1673 2251; x_wconf 89' lang='lat' dir='ltr'>molimini</span> <span class='ocrx_word' id='word_1_232' title='bbox 1693 2225 1703 2252; x_wconf 90' lang='lat'><strong>:</strong></span> 
     </span>
     <span class='ocr_line' id='line_1_29' title="bbox 320 2275 1708 2344; baseline -0.001 -22"><span class='ocrx_word' id='word_1_233' title='bbox 320 2293 429 2339; x_wconf 86' lang='lat' dir='ltr'>quos</span> <span class='ocrx_word' id='word_1_234' title='bbox 448 2277 508 2321; x_wconf 87' lang='lat' dir='ltr'>ita</span> <span class='ocrx_word' id='word_1_235' title='bbox 528 2275 762 2336; x_wconf 82' lang='lat' dir='ltr'>adjuvatis,</span> <span class='ocrx_word' id='word_1_236' title='bbox 784 2287 831 2322; x_wconf 90' lang='lat' dir='ltr'>ut</span> <span class='ocrx_word' id='word_1_237' title='bbox 845 2275 1223 2344; x_wconf 30' lang='lat' dir='ltr'>faciatis—invictos</span> <span class='ocrx_word' id='word_1_238' title='bbox 1240 2298 1252 2331; x_wconf 86' lang='lat'>;</span> <span class='ocrx_word' id='word_1_239' title='bbox 1284 2277 1365 2321; x_wconf 85' lang='lat' dir='ltr'>nisi</span> <span class='ocrx_word' id='word_1_240' title='bbox 1384 2287 1424 2321; x_wconf 83' lang='lat' dir='ltr'>et</span> <span class='ocrx_word' id='word_1_241' title='bbox 1446 2293 1518 2322; x_wconf 83' lang='lat' dir='ltr'>vos</span> <span class='ocrx_word' id='word_1_242' title='bbox 1534 2293 1635 2321; x_wconf 90' lang='lat' dir='ltr'>cum</span> <span class='ocrx_word' id='word_1_243' title='bbox 1655 2277 1708 2322; x_wconf 88' lang='lat' dir='ltr'>il-</span> 
     </span>
     <span class='ocr_line' id='line_1_30' title="bbox 319 2347 1700 2410; baseline 0.002 -17"><span class='ocrx_word' id='word_1_244' title='bbox 319 2347 385 2404; x_wconf 84' lang='lat' dir='ltr'>lis,</span> <span class='ocrx_word' id='word_1_245' title='bbox 409 2363 457 2392; x_wconf 86' lang='lat' dir='ltr'>ea</span> <span class='ocrx_word' id='word_1_246' title='bbox 476 2363 578 2410; x_wconf 80' lang='lat' dir='ltr'>quae</span> <span class='ocrx_word' id='word_1_247' title='bbox 599 2364 700 2393; x_wconf 89' lang='lat' dir='ltr'>vere</span> <span class='ocrx_word' id='word_1_248' title='bbox 717 2347 881 2393; x_wconf 85' lang='lat' dir='ltr'>invicta</span> <span class='ocrx_word' id='word_1_249' title='bbox 903 2358 982 2403; x_wconf 90' lang='lat' dir='ltr'>est,</span> <span class='ocrx_word' id='word_1_250' title='bbox 1011 2347 1229 2393; x_wconf 84' lang='lat' dir='ltr'>catholica</span> <span class='ocrx_word' id='word_1_251' title='bbox 1252 2347 1432 2393; x_wconf 75' lang='lat' dir='ltr'>veritate</span> <span class='ocrx_word' id='word_1_252' title='bbox 1446 2347 1700 2396; x_wconf 87' lang='lat' dir='ltr'>vincamini.</span> 
     </span>
    </p>

    <p class='ocr_par' dir='ltr' id='par_1_4' title="bbox 388 2418 1708 2482">
     <span class='ocr_line' id='line_1_31' title="bbox 388 2418 1708 2482; baseline 0.001 -19"><span class='ocrx_word' id='word_1_253' title='bbox 388 2419 586 2465; x_wconf 73' lang='lat' dir='ltr'>CLXXI.</span> <span class='ocrx_word' id='word_1_254' title='bbox 618 2418 717 2464; x_wconf 82' lang='lat' dir='ltr'>JUL.</span> <span class='ocrx_word' id='word_1_255' title='bbox 741 2440 762 2460; x_wconf 77' lang='lat' dir='ltr'>c&lt;</span> <span class='ocrx_word' id='word_1_256' title='bbox 780 2418 896 2464; x_wconf 86' lang='lat' dir='ltr'>Audi</span> <span class='ocrx_word' id='word_1_257' title='bbox 915 2419 1045 2478; x_wconf 84' lang='lat' dir='ltr'>igitur</span> <span class='ocrx_word' id='word_1_258' title='bbox 1079 2435 1197 2464; x_wconf 88' lang='lat' dir='ltr'>nunc</span> <span class='ocrx_word' id='word_1_259' title='bbox 1222 2430 1352 2482; x_wconf 85' lang='lat' dir='ltr'>atque</span> <span class='ocrx_word' id='word_1_260' title='bbox 1381 2436 1577 2479; x_wconf 78' lang='lat' dir='ltr'>agnosce,</span> <span class='ocrx_word' id='word_1_261' title='bbox 1599 2420 1708 2481; x_wconf 83' lang='lat' dir='ltr'>quid</span> 
     </span>
    </p>
   </div>
   <div class='ocr_carea' id='block_1_3' title="bbox 317 2488 1705 2606">
    <p class='ocr_par' dir='ltr' id='par_1_5' title="bbox 317 2488 1705 2606">
     <span class='ocr_line' id='line_1_32' title="bbox 317 2488 1705 2554; baseline 0 -19"><span class='ocrx_word' id='word_1_262' title='bbox 317 2507 474 2554; x_wconf 83' lang='lat' dir='ltr'>parens</span> <span class='ocrx_word' id='word_1_263' title='bbox 492 2501 591 2535; x_wconf 90' lang='lat' dir='ltr'>tuus</span> <span class='ocrx_word' id='word_1_264' title='bbox 628 2488 682 2535; x_wconf 78' lang='lat' dir='ltr'>acl</span> <span class='ocrx_word' id='word_1_265' title='bbox 704 2490 947 2553; x_wconf 83' lang='lat' dir='ltr'>quamdam</span> <span class='ocrx_word' id='word_1_266' title='bbox 979 2490 1113 2536; x_wconf 86' lang='lat' dir='ltr'>filiam</span> <span class='ocrx_word' id='word_1_267' title='bbox 1147 2507 1287 2548; x_wconf 85' lang='lat' dir='ltr'>suam,</span> <span class='ocrx_word' id='word_1_268' title='bbox 1333 2501 1518 2538; x_wconf 85' lang='lat' dir='ltr'>vestram</span> <span class='ocrx_word' id='word_1_269' title='bbox 1539 2491 1705 2536; x_wconf 83' lang='lat' dir='ltr'>scribat</span> 
     </span>
     <span class='ocr_line' id='line_1_33' title="bbox 323 2577 573 2606; baseline -0.016 -1"><span class='ocrx_word' id='word_1_270' title='bbox 323 2577 527 2606; x_wconf 86' lang='lat' dir='ltr'>sororem.</span> <span class='ocrx_word' id='word_1_271' title='bbox 554 2581 573 2601; x_wconf 83' lang='grc'>»</span> 
     </span>
    </p>
   </div>
   <div class='ocr_carea' id='block_1_4' title="bbox 372 2642 1037 2686">
    <p class='ocr_par' dir='ltr' id='par_1_6' title="bbox 372 2642 1037 2686">
     <span class='ocr_line' id='line_1_34' title="bbox 372 2642 1037 2686; baseline 0.005 -13"><span class='ocrx_word' id='word_1_272' title='bbox 372 2645 381 2664; x_wconf 87' lang='lat'><strong>¹</strong></span> <span class='ocrx_word' id='word_1_273' title='bbox 404 2643 576 2681; x_wconf 73' lang='lat' dir='ltr'>Galat.111,</span> <span class='ocrx_word' id='word_1_274' title='bbox 600 2655 651 2682; x_wconf 82' lang='lat'>17·</span> <span class='ocrx_word' id='word_1_275' title='bbox 671 2661 713 2667; x_wconf 90' lang='grc'>-</span> <span class='ocrx_word' id='word_1_276' title='bbox 732 2642 746 2664; x_wconf 79' lang='lat'>‘2</span> <span class='ocrx_word' id='word_1_277' title='bbox 773 2655 782 2673; x_wconf 85' lang='lat'>1</span> <span class='ocrx_word' id='word_1_278' title='bbox 808 2645 961 2686; x_wconf 78' lang='lat' dir='ltr'>Joan.11,</span> <span class='ocrx_word' id='word_1_279' title='bbox 986 2644 1037 2676; x_wconf 84' lang='lat'>15.</span> 
     </span>
    </p>
   </div>
  </div>
 </body>
</html>
