1863 3262
344 266 433 321 234
766 279 799 307 s.
845 278 1085 307 Alinlls'sth
1123 278 1327 307 El‘lscort

341 344 612 404 evangelistae
627 380 637 398 ‚
655 342 867 403 flagitium
885 343 922 387 ei
936 343 1064 388 assuit
1079 342 1275 387 falsitatis
1290 344 1372 403 (2).
1400 343 1462 388 De
1482 359 1570 407 quo
1592 362 1720 408 opere

342 427 389 461 tu
427 417 469 461 in
508 415 581 460 illa
613 415 806 477 Epistola
822 451 832 465 ,
865 432 995 477 quam
1036 413 1331 459 Alexandriam
1371 414 1617 473 destinasti,
1662 417 1719 462 ita

342 486 537 546 gloriaris
554 523 579 541 „
604 496 651 530 ut
684 485 801 530 dicas
828 485 1046 543 Pelagium
1067 522 1077 537 ‚
1118 485 1447 546 Scripturarum
1473 486 1528 530 ab
1556 504 1604 532 eo
1635 504 1721 550 op·-

340 574 534 620 pressum
554 556 741 601 molibus
754 593 763 611 ‚
786 556 1016 601 arbitrium
1038 555 1222 599 liberum
1237 555 1458 601 vindicare
1476 570 1561 601 non
1575 574 1712 619 posse.

342 628 502 673 Verum
527 627 589 673 illi
623 627 743 690 operi
775 644 796 671 a
830 626 1047 671 catholico
1075 626 1168 670 viro
1186 662 1196 680 ,
1231 626 1307 688 qui
1330 626 1526 689 pulsatus
1549 623 1716 683 fuerat,

340 697 565 743 obviatum
595 707 669 743 est.
700 697 827 742 Nunc
843 713 942 741 vero
969 696 1021 741 ad
1043 696 1127 740 hoe
1150 697 1607 742 commemorationem
1630 700 1720 756 ejus

343 767 646 813 tantummodo
667 768 746 812 feci
764 804 774 820 ,
809 777 856 812 ut
878 777 917 811 te
943 782 1264 825 recognosceres
1285 783 1372 810 non
1395 766 1535 811 solum
1563 767 1720 830 Scrip-

341 839 447 884 turis
460 838 617 884 sanctis
636 876 647 895 ,
671 837 744 883 sed
770 855 848 883 nec
871 837 975 901 ipsis
1001 837 1060 882 tui
1081 836 1293 896 dogmatis
1312 836 1586 897 adjutoribus
1612 854 1723 883 con-

342 927 504 956 sonare.
533 932 553 951 »

408 989 520 1026 Aoo.
560 980 605 1025 Si
634 979 844 1042 posuisses
876 979 1009 1025 verba
1047 977 1328 1040 Hieronymi,
1352 977 1543 1023 fortassis
1575 988 1723 1024 osten-

340 1051 483 1096 derem
500 1051 720 1113 quomodo
740 1050 993 1113 accipienda
1012 1059 1148 1094 essent
1164 1049 1252 1092 sine
1268 1047 1540 1111 blasphemia
1555 1086 1567 1104 ,
1589 1065 1722 1111 quam

341 1131 387 1166 tu
407 1120 469 1165 illi
490 1121 726 1183 importare
741 1121 910 1165 conaris
930 1137 940 1165 t
958 1119 1078 1183 qnod
1099 1119 1132 1163 si
1151 1135 1236 1162 non
1255 1135 1424 1181 possem
1441 1156 1451 1175 ,
1473 1136 1558 1164 non
1579 1128 1723 1164 tamen

341 1194 431 1250 ejus
458 1190 588 1236 fidem
608 1229 618 1247 ,
640 1208 774 1255 qnam
800 1207 901 1236 cum
928 1190 1019 1235 aliis
1044 1189 1386 1252 praeclarissimis
1413 1189 1616 1235 Ecclesiae
1646 1206 1724 1235 ca-

343 1261 521 1306 tholicae
546 1260 802 1306 doctoribus
827 1261 988 1314 tenuit,
1014 1260 1110 1304 ideo
1136 1259 1455 1322 repudiandam
1489 1270 1690 1323 putarem
1709 1297 1721 1317 ‚

342 1333 441 1395 quia
466 1331 616 1377 dixisse
644 1332 807 1391 aliquid
833 1332 1115 1383 inveniretun
1142 1331 1172 1375 si
1197 1341 1339 1375 tamen
1368 1331 1649 1386 inveniretur,
1679 1331 1722 1376 in

340 1420 427 1466 qno
451 1402 534 1446 illis
556 1419 642 1447 non
662 1413 932 1448 consonaret.
968 1401 1080 1446 lllnd
1105 1411 1247 1445 autem
1272 1400 1381 1445 mihi
1402 1418 1448 1445 ex
1472 1401 1608 1460 hujus
1636 1400 1724 1445 ho·-

340 1473 467 1518 minis
492 1490 674 1536 persona
699 1484 851 1518 contra
880 1483 917 1517 te
933 1473 1031 1518 satis
1050 1483 1135 1525 est,
1160 1471 1278 1534 quod
1301 1488 1403 1516 cuin
1428 1471 1473 1516 id
1492 1472 1647 1516 sentiat
1672 1471 1725 1517 de

341 1554 522 1607 peccato
548 1543 773 1604 originali,
799 1543 920 1607 qnod
951 1543 1011 1588 sic
1030 1542 1235 1589 aversaris
1254 1580 1263 1592 ,
1291 1552 1338 1587 ut
1364 1541 1508 1586 idemst
1530 1541 1724 1605 appelles

341 1614 640 1659 Manicheeum
660 1651 671 1669 ‚
693 1615 836 1677 ipsum
854 1625 995 1659 tamen
1016 1614 1102 1658 hoc
1121 1612 1341 1675 appellare
1361 1629 1447 1657 non
1471 1612 1614 1659 audes,
1637 1610 1725 1658 Ubi

340 1695 381 1729 te
406 1695 587 1748 apparet
615 1684 910 1747 imprudentia
933 1684 1023 1729 falli
1041 1721 1050 1736 ,
1071 1684 1143 1728 sed
1161 1693 1311 1728 contra
1326 1683 1583 1745 pudentiam
1603 1694 1723 1728 tuam

340 1754 451 1799 mihi
476 1754 748 1801 calumniari.
779 1756 868 1814 Ego
888 1772 987 1799 sane
1004 1771 1090 1798 non
1114 1753 1369 1815 Hieronymi
1391 1790 1401 1809 ‚
1431 1752 1504 1798 sed
1530 1753 1723 1798 Am})r0—·

341 1826 416 1881 sii3
440 1842 519 1870 nec
544 1826 646 1870 meis
668 1836 1053 1870 commemoratam
1071 1862 1080 1879 5
1110 1824 1181 1869 sed
1207 1824 1350 1868 verbis
1373 1827 1463 1882 eJ'us
1483 1841 1723 1886 expressam

344 1896 597 1940 sententiam
622 1895 702 1940 tibi
725 1895 961 1957 opposui2‚
991 1911 1077 1957 qua
1104 1893 1330 1939 Christum
1358 1893 1461 1938 dicit
1489 1911 1571 1938 non
1605 1893 1726 1938 aliter

339 1976 553 2028 expertem
582 1965 729 2010 delicti
764 1982 849 2009 esse
891 1965 1103 2027 potuisse,
1141 1963 1220 2008 nisi
1249 1980 1395 2026 expers
1437 1963 1581 2008 suisset
1610 1963 1724 2008 illius·

339 2037 663 2099 conceptionis,
687 2053 818 2098 quam
850 2035 1100 2082 commixtio
1121 2034 1199 2080 viri
1223 2045 1264 2078 et
1288 2034 1479 2079 mulieris
1497 2043 1715 2096 operatur.

339 2107 425 2151 Ubi
460 2107 599 2151 cernis
624 2118 710 2151 esse
735 2122 1022 2168 consequens,
1046 2117 1089 2150 ut
1112 2107 1143 2149 si
1164 2123 1240 2163 ego
1272 2115 1452 2166 propter
1480 2105 1596 2150 hanc
1621 2121 1723 2150 sen-

339 2176 519 2221 tentiam
557 2192 652 2220 sum
688 2176 987 2229 Manichaeus‚
1013 2176 1067 2220 sit
1087 2186 1128 2219 et
1169 2176 1454 2219 Ambrosius:
1486 2176 1590 2238 quia
1619 2185 1722 2220 Vero

337 2245 409 2290 ille
442 2262 529 2290 non
567 2256 649 2299 est,
677 2246 894 2290 neminem
928 2244 1060 2290 faciat
1094 2244 1160 2290 vel
1185 2244 1383 2289 ostendat
1412 2245 1490 2289 ista
1513 2245 1721 2291 sententia

339 2315 656 2361 Manichaeum.
684 2316 781 2361 Hoc
806 2332 905 2360 cum
926 2315 1096 2370 videas;
1120 2330 1126 2363 «ζ
1147 2315 1361 2359 ‘nonenim
1387 2315 1468 2360 tale
1481 2326 1543 2360 est
1563 2325 1611 2361 ut
1634 2329 1722 2361 non·

338 2387 474 2449 possis
496 2386 584 2432 hoc
610 2386 784 2442 videre,
827 2386 895 2431 vel
927 2386 1060 2449 possis
1084 2386 1170 2431 hoc
1199 2403 1284 2430 non
1321 2385 1526 2447 videre3)
1556 2397 1722 2432 tantum

333 2467 478 2501 tamen
501 2474 643 2502 causae
667 2458 862 2502 bonitate
886 2456 1113 2512 desereris,
1139 2467 1182 2501 ut
1204 2456 1479 2502 calumnieris
1506 2456 1613 2502 mihi
1637 2473 1722 2502 no-

387 2569 396 2591 ¹
423 2574 512 2601 Forte
531 2571 605 2602 inde
620 2582 679 2602 me.
702 2570 777 2596 -2
798 2571 865 2604 Lib.
896 2583 925 2605 1.
949 2571 988 2602 de
1013 2573 1117 2614 Nupt.
1136 2581 1165 2604 c.
1189 2572 1244 2602 35.
1268 2575 1298 2601 et
1317 2569 1374 2601 lib.
1399 2581 1431 2603 2.
1454 2580 1484 2604 c.
1504 2571 1536 2602 5.
