1824 3236
332 279 426 334 414
757 294 796 321 s,
835 293 1081 324 Auensrim
1113 293 1320 325 EPISCOPI

332 375 356 402 a
381 357 627 414 catholicis,
657 357 729 404 sed
749 358 928 405 omnino
952 359 1006 405 de
1025 361 1116 406 Deo
1136 378 1145 404 ε
1171 377 1259 406 non
1276 360 1420 424 ipsum
1443 361 1564 418 colis,
1584 376 1716 424 quem

332 443 409 472 nos
432 427 729 491 aequissimum
749 465 760 485 ,
797 430 1272 493 omnipotentiSsimuni
1295 469 1306 487 ‚
1333 431 1636 478 inviolabilem
1671 433 1718 478 in

333 497 548 544 'l'rinitate
570 516 842 546 veneramur.

402 569 513 629 Ergo
541 587 761 633 permeare
776 588 862 616 non
882 573 1030 635 potuit
1048 589 1126 636 per
1144 584 1345 619 naturam
1371 591 1435 620 res
1456 573 1716 631 voluntati53

333 642 573 704 meritoque
600 659 678 687 nos
705 641 914 699 diximus,
942 644 1045 706 quia
1074 661 1185 707 opus
1209 644 1376 691 diaboli
1401 663 1480 710 por
1503 661 1613 709 opus
1639 645 1719 691 Dei

332 711 513 758 transire
536 730 622 758 non
649 713 818 759 sinitur.
837 715 964 777 Opus
981 715 1097 759 enim
1119 715 1286 761 diaboli
1312 716 1592 780 hominisque
1616 715 1719 762 mali

329 793 560 845 peceatum
582 795 668 835 est,
693 783 813 846 quod
838 785 883 829 iu
908 784 1031 830 nullo
1055 796 1197 848 potest
1221 786 1309 831 sine
1329 786 1480 833 liberae
1503 798 1623 833 motu
1642 805 1720 832 vo-

331 853 508 898 luntatis
530 853 718 900 existere.
746 854 878 910 Quod
905 872 1016 918 opus
1036 866 1078 900 et
1098 855 1277 901 diabolo
1300 867 1340 902 et
1370 856 1539 902 homini
1566 876 1584 902 a
1608 875 1717 920 pos-

328 923 444 969 sibili
469 924 587 970 venit
606 934 648 968 et
671 924 818 970 venit:
853 942 962 988 opus
992 936 1139 971 autem
1164 927 1242 971 Dei
1269 937 1331 972 est
1351 938 1507 973 natura
1528 965 1538 984 ,
1567 929 1611 972 in
1632 944 1719 990 qua

331 1012 418 1040 non
445 1013 467 1040 a
496 994 723 1058 possibili,
753 995 826 1041 sed
852 1014 875 1041 a
910 997 1148 1043 necessario
1185 998 1381 1044 subsistit
1404 999 1540 1044 homo
1570 1017 1579 1044 :
1618 1015 1719 1062 quae

329 1076 483 1111 natura
510 1065 657 1111 multis
681 1077 743 1112 est
764 1068 1037 1129 temporibus
1055 1068 1145 1113 sine
1162 1068 1402 1125 voluntate,
1427 1072 1635 1133 quoniam
1655 1070 1718 1116 vis

329 1141 420 1197 ers
438 1147 565 1182 aetate
594 1147 708 1183 certa
742 1139 940 1185 sentitur.
979 1139 1189 1195 Quamdiu
1219 1157 1318 1200 ergo
1351 1151 1414 1185 est
1438 1150 1594 1186 natura
1629 1140 1718 1185 sine

330 1208 570 1264 voluntate,
600 1225 712 1271 opus
742 1209 821 1254 Dei
843 1210 1151 1256 tantummodo
1175 1221 1238 1256 est
1261 1231 1273 1264 ;
1301 1222 1344 1256 at
1364 1211 1463 1259 haec
1483 1211 1604 1274 quod
1629 1227 1717 1256 non

329 1278 496 1335 fecerit,
519 1296 607 1325 non
631 1290 774 1343 potest
798 1280 962 1325 habere
988 1293 1235 1344 peccatum.
1262 1282 1600 1328 Irresutabiliter
1618 1299 1717 1341 ergo

329 1349 499 1395 dictum
524 1361 611 1407 est,
631 1350 736 1413 quia
761 1368 840 1413 per
860 1368 971 1414 opus
996 1353 1075 1397 Dei
1094 1369 1203 1416 opus
1228 1353 1394 1399 diaboli
1428 1353 1608 1399 transire
1629 1369 1716 1398 non

328 1421 500 1467 sinitur.
531 1422 630 1466 Non
661 1420 804 1466 miuus
830 1432 974 1466 autem
999 1422 1156 1468 falsum
1193 1434 1255 1469 est
1291 1440 1423 1486 quam
1450 1423 1683 1487 profanum
1702 1459 1713 1478 ,

327 1491 448 1554 quod
479 1491 623 1537 dixisti
648 1509 658 1536 z
693 1512 713 1531 α
732 1491 858 1554 Opus
887 1492 1031 1554 operis
1056 1493 1134 1538 Dei
1163 1494 1318 1539 transit
1339 1511 1417 1557 per
1436 1510 1547 1557 opus
1566 1493 1660 1539 Dei.
1687 1515 1703 1534 υ

328 1563 426 1609 Hoc
457 1573 518 1609 est
551 1563 666 1609 enim
709 1561 880 1618 dicere,
921 1565 1083 1608 Peccat
1116 1574 1157 1609 et
1197 1568 1315 1610 Deus
1335 1602 1346 1622 ‚
1386 1566 1488 1628 quia
1516 1564 1717 1628 peccavit

326 1633 481 1689 homo,
509 1651 638 1697 quem
663 1632 766 1678 fecit
795 1635 924 1680 Deus.
952 1635 1063 1679 Nam
1088 1636 1202 1681 sicut
1222 1653 1436 1699 nusquam
1462 1647 1524 1681 est
1552 1653 1715 1699 pecca-

329 1716 440 1761 tum,
472 1705 552 1750 nisi
576 1705 620 1750 in
642 1721 771 1767 opere
793 1704 984 1749 hominis
1004 1724 1014 1758 3
1043 1723 1182 1769 neque
1206 1707 1322 1751 enim
1347 1724 1447 1752 cum
1468 1707 1715 1769 peccaverit

325 1776 481 1832 homo,
510 1774 679 1838 aliquid
705 1774 962 1820 substantiae
982 1779 1073 1835 eius
1099 1776 1276 1822 additur
1293 1813 1304 1832 ‚
1332 1788 1378 1822 ut
1402 1787 1633 1840 peccatum
1652 1775 1716 1822 ibi

325 1847 512 1892 eminere
537 1845 754 1902 videatur,
781 1845 856 1891 sed
880 1848 1188 1893 tantummodo
1207 1848 1371 1894 malum
1394 1864 1506 1911 opus
1529 1847 1583 1892 de
1600 1846 1714 1892 mala

326 1917 551 1964 voluntate
579 1916 858 1963 commissum
878 1952 889 1972 ,
930 1917 994 1963 illi
1033 1935 1209 1982 quoque
1243 1937 1265 1964 a
1291 1936 1380 1982 quo
1411 1918 1577 1963 factum
1614 1927 1676 1962 est
1700 1953 1710 1971 ‚

324 1999 553 2052 comparat
588 1987 792 2033 meritum
816 1986 1009 2041 malum,
1042 1998 1090 2033 ut
1115 1988 1253 2034 nialus
1284 1989 1459 2034 dicutur
1487 1988 1563 2051 qui
1600 1986 1712 2032 mala

324 2060 452 2106 fecit:
476 2060 537 2105 ita
559 2059 689 2105 etiam
723 2060 832 2104 Deus
863 2069 960 2103 tuus
977 2095 987 2113 ‚
1017 2058 1051 2103 si
1077 2079 1101 2103 κ
1121 2059 1239 2104 alum
1258 2059 1304 2105 in
1322 2076 1452 2123 opere
1479 2075 1555 2104 suo
1579 2058 1681 2102 fecit
1698 2094 1709 2113 ,

324 2130 629 2193 niliilquidem
651 2129 904 2174 substantiae
929 2132 1019 2187 ejus
1049 2129 1243 2185 accedit‚
1264 2130 1376 2175 sicut
1392 2146 1471 2176 nec
1488 2128 1678 2173 hominis
1697 2147 1708 2181 ;

326 2214 469 2248 tamen
493 2201 690 2247 meritum
718 2200 755 2245 ci
784 2198 1149 2245 deformissimum
1176 2212 1475 2263 comparatur,
1500 2210 1548 2245 ut
1571 2198 1711 2244 malus

324 2272 652 2318 malefaciendo
672 2272 859 2317 dicatur.
882 2270 1094 2316 parvulus
1112 2289 1211 2316 sane
1223 2273 1439 2334 probatur
1457 2270 1584 2316 etiam
1605 2280 1711 2314 tunc

324 2361 418 2389 reus
442 2361 529 2388 nou
555 2360 641 2388 esse
661 2380 672 2398 ‚
701 2342 804 2406 quia
832 2341 1038 2386 maiitiam
1069 2359 1088 2385 a
1118 2342 1355 2387 necessario
1381 2342 1543 2395 hubet3
1576 2357 1709 2404 quam

322 2415 402 2459 nisi
432 2413 635 2459 diabotus
669 2431 692 2458 a
726 2411 920 2475 possibili
956 2411 1139 2457 haberet
1159 2449 1169 2466 ‚
1198 2429 1293 2458 rcus
1327 2430 1413 2458 esse
1438 2430 1524 2457 non
1547 2421 1701 2474 posset.

322 2487 436 2530 Deus
452 2496 593 2530 autem
619 2485 695 2548 qui
717 2501 842 2530 verus
867 2495 929 2529 cst
949 2483 1318 2541 Christianorum,
1342 2483 1504 2530 malum
1531 2500 1616 2528 non
1639 2480 1708 2526 sa-

321 2557 380 2602 cit
408 2574 418 2601 ε
445 2573 548 2619 parv
559 2556 654 2602 ulus
679 2572 854 2620 quoque
875 2565 971 2601 ante
996 2556 1191 2618 propriae
1215 2555 1451 2602 voluntatis
1472 2553 1706 2600 arbitrium

321 2627 433 2673 nihil
459 2627 621 2684 habet,
657 2628 735 2673 nisi
761 2626 880 2690 quod
905 2626 950 2673 in
977 2644 1026 2671 eo
1049 2626 1151 2672 fecit
1180 2630 1311 2674 Deus.
1343 2625 1553 2672 Naturale
1574 2624 1706 2684 igitur
