<?xml version="1.0" encoding="UTF-8"?>
<!DOCTYPE html PUBLIC "-//W3C//DTD XHTML 1.0 Transitional//EN"
    "http://www.w3.org/TR/xhtml1/DTD/xhtml1-transitional.dtd">
<html xmlns="http://www.w3.org/1999/xhtml" xml:lang="en" lang="en">
 <head>
  <title>
</title>
<meta http-equiv="Content-Type" content="text/html;charset=utf-8" />
  <meta name='ocr-system' content='tesseract 3.04.00' />
  <meta name='ocr-capabilities' content='ocr_page ocr_carea ocr_par ocr_line ocrx_word'/>
</head>
<body>
  <div class='ocr_page' id='page_1' title='image "./operaomniaaccura37auguuoft/operaomniaaccura37auguuoft_0080.png"; bbox 0 0 1863 3262; ppageno 0'>
   <div class='ocr_carea' id='block_1_1' title="bbox 339 236 1307 288">
    <p class='ocr_par' dir='ltr' id='par_1_1' title="bbox 339 236 1307 288">
     <span class='ocr_line' id='line_1_1' title="bbox 339 236 1307 288; baseline 0.001 -21"><span class='ocrx_word' id='word_1_1' title='bbox 339 242 395 288; x_wconf 69' lang='lat'>74)</span> <span class='ocrx_word' id='word_1_2' title='bbox 748 241 782 268; x_wconf 88' lang='lat' dir='ltr'>S.</span> <span class='ocrx_word' id='word_1_3' title='bbox 826 236 1070 267; x_wconf 71' lang='lat' dir='ltr'>AUGUS&#39;HM</span> <span class='ocrx_word' id='word_1_4' title='bbox 1106 236 1307 268; x_wconf 82' lang='lat' dir='ltr'><strong>EPISCOPI</strong></span> 
     </span>
    </p>
   </div>
   <div class='ocr_carea' id='block_1_2' title="bbox 329 303 1718 864">
    <p class='ocr_par' dir='ltr' id='par_1_2' title="bbox 333 303 1716 634">
     <span class='ocr_line' id='line_1_2' title="bbox 336 303 1713 369; baseline 0.001 -18"><span class='ocrx_word' id='word_1_5' title='bbox 336 305 562 352; x_wconf 85' lang='lat' dir='ltr'>diabolum</span> <span class='ocrx_word' id='word_1_6' title='bbox 594 303 814 358; x_wconf 72' lang='lat' dir='ltr'>videretur</span> <span class='ocrx_word' id='word_1_7' title='bbox 834 321 1014 349; x_wconf 73' lang='lat' dir='ltr'>asserere</span> <span class='ocrx_word' id='word_1_8' title='bbox 1032 303 1264 348; x_wconf 87' lang='lat' dir='ltr'>hominum</span> <span class='ocrx_word' id='word_1_9' title='bbox 1286 303 1574 362; x_wconf 86' lang='lat' dir='ltr'>conditorem,</span> <span class='ocrx_word' id='word_1_10' title='bbox 1601 322 1713 369; x_wconf 87' lang='lat' dir='ltr'>pro-</span> 
     </span>
     <span class='ocr_line' id='line_1_3' title="bbox 336 374 1715 440; baseline -0.001 -17"><span class='ocrx_word' id='word_1_11' title='bbox 336 377 557 423; x_wconf 74' lang='lat' dir='ltr'>nuntiavit</span> <span class='ocrx_word' id='word_1_12' title='bbox 590 377 729 421; x_wconf 89' lang='lat' dir='ltr'>Deum</span> <span class='ocrx_word' id='word_1_13' title='bbox 758 393 845 420; x_wconf 87' lang='lat' dir='ltr'>esse</span> <span class='ocrx_word' id='word_1_14' title='bbox 876 385 1096 420; x_wconf 86' lang='lat' dir='ltr'>auctorem</span> <span class='ocrx_word' id='word_1_15' title='bbox 1123 374 1364 433; x_wconf 85' lang='lat' dir='ltr'>malorum,</span> <span class='ocrx_word' id='word_1_16' title='bbox 1415 386 1542 440; x_wconf 86' lang='lat' dir='ltr'>atque</span> <span class='ocrx_word' id='word_1_17' title='bbox 1571 377 1715 440; x_wconf 88' lang='lat' dir='ltr'>ipsum</span> 
     </span>
     <span class='ocr_line' id='line_1_4' title="bbox 335 445 1716 511; baseline 0.001 -19"><span class='ocrx_word' id='word_1_18' title='bbox 335 446 433 492; x_wconf 86' lang='lat' dir='ltr'>talis</span> <span class='ocrx_word' id='word_1_19' title='bbox 458 446 602 492; x_wconf 87' lang='lat' dir='ltr'>meriti</span> <span class='ocrx_word' id='word_1_20' title='bbox 628 463 773 491; x_wconf 87' lang='lat' dir='ltr'>creare</span> <span class='ocrx_word' id='word_1_21' title='bbox 799 445 1105 502; x_wconf 79' lang='lat' dir='ltr'>substantiam,</span> <span class='ocrx_word' id='word_1_22' title='bbox 1144 463 1244 509; x_wconf 82' lang='lat' dir='ltr'>quae</span> <span class='ocrx_word' id='word_1_23' title='bbox 1267 458 1458 504; x_wconf 78' lang='lat' dir='ltr'>reatum,</span> <span class='ocrx_word' id='word_1_24' title='bbox 1483 458 1716 511; x_wconf 84' lang='lat' dir='ltr'>antequam</span> 
     </span>
     <span class='ocr_line' id='line_1_5' title="bbox 336 516 1716 580; baseline 0.001 -18"><span class='ocrx_word' id='word_1_25' title='bbox 336 533 462 563; x_wconf 90' lang='lat' dir='ltr'>usum</span> <span class='ocrx_word' id='word_1_26' title='bbox 485 516 680 572; x_wconf 85' lang='lat' dir='ltr'>rationis,</span> <span class='ocrx_word' id='word_1_27' title='bbox 703 516 908 580; x_wconf 84' lang='lat' dir='ltr'>accipiat,</span> <span class='ocrx_word' id='word_1_28' title='bbox 936 527 978 562; x_wconf 88' lang='lat' dir='ltr'>et</span> <span class='ocrx_word' id='word_1_29' title='bbox 1001 533 1101 580; x_wconf 72' lang='lat' dir='ltr'>quae</span> <span class='ocrx_word' id='word_1_30' title='bbox 1128 517 1175 563; x_wconf 91' lang='lat' dir='ltr'>in</span> <span class='ocrx_word' id='word_1_31' title='bbox 1197 534 1327 579; x_wconf 83' lang='lat' dir='ltr'>regno</span> <span class='ocrx_word' id='word_1_32' title='bbox 1347 517 1531 576; x_wconf 88' lang='lat' dir='ltr'>diaboli,</span> <span class='ocrx_word' id='word_1_33' title='bbox 1554 518 1716 564; x_wconf 90' lang='lat' dir='ltr'>Condi-</span> 
     </span>
     <span class='ocr_line' id='line_1_6' title="bbox 333 587 1075 634; baseline 0.004 -3"><span class='ocrx_word' id='word_1_34' title='bbox 333 587 440 633; x_wconf 86' lang='lat' dir='ltr'>toris</span> <span class='ocrx_word' id='word_1_35' title='bbox 460 588 527 634; x_wconf 87' lang='lat' dir='ltr'>sui</span> <span class='ocrx_word' id='word_1_36' title='bbox 545 588 750 634; x_wconf 78' lang='lat' dir='ltr'>manibus</span> <span class='ocrx_word' id='word_1_37' title='bbox 769 587 1022 634; x_wconf 79' lang='lat' dir='ltr'>collocetur.</span> <span class='ocrx_word' id='word_1_38' title='bbox 1054 609 1075 628; x_wconf 72' lang='lat'>³&gt;</span> 
     </span>
    </p>

    <p class='ocr_par' dir='ltr' id='par_1_3' title="bbox 329 659 1718 864">
     <span class='ocr_line' id='line_1_7' title="bbox 400 659 1716 723; baseline 0.001 -19"><span class='ocrx_word' id='word_1_39' title='bbox 400 660 512 705; x_wconf 82' lang='lat' dir='ltr'><strong>AUG.</strong></span> <span class='ocrx_word' id='word_1_40' title='bbox 551 659 639 716; x_wconf 85' lang='lat' dir='ltr'>Qui</span> <span class='ocrx_word' id='word_1_41' title='bbox 655 669 855 705; x_wconf 87' lang='lat' dir='ltr'>naturam</span> <span class='ocrx_word' id='word_1_42' title='bbox 874 659 1080 705; x_wconf 82' lang='lat' dir='ltr'>discernit</span> <span class='ocrx_word' id='word_1_43' title='bbox 1098 678 1120 705; x_wconf 89' lang='lat' dir='ltr'>a</span> <span class='ocrx_word' id='word_1_44' title='bbox 1134 659 1258 718; x_wconf 84' lang='lat' dir='ltr'>vitio,</span> <span class='ocrx_word' id='word_1_45' title='bbox 1279 677 1368 706; x_wconf 90' lang='lat' dir='ltr'>non</span> <span class='ocrx_word' id='word_1_46' title='bbox 1390 659 1498 706; x_wconf 87' lang='lat' dir='ltr'>dicit</span> <span class='ocrx_word' id='word_1_47' title='bbox 1512 659 1631 723; x_wconf 84' lang='lat' dir='ltr'>quod</span> <span class='ocrx_word' id='word_1_48' title='bbox 1652 660 1716 705; x_wconf 87' lang='lat' dir='ltr'>di-</span> 
     </span>
     <span class='ocr_line' id='line_1_8' title="bbox 330 728 1718 795; baseline 0.001 -21"><span class='ocrx_word' id='word_1_49' title='bbox 330 728 392 774; x_wconf 88' lang='lat' dir='ltr'>cis</span> <span class='ocrx_word' id='word_1_50' title='bbox 414 747 424 773; x_wconf 89' lang='lat'>:</span> <span class='ocrx_word' id='word_1_51' title='bbox 449 729 526 793; x_wconf 87' lang='lat' dir='ltr'>qui</span> <span class='ocrx_word' id='word_1_52' title='bbox 544 729 831 790; x_wconf 82' lang='lat' dir='ltr'>intelligenter</span> <span class='ocrx_word' id='word_1_53' title='bbox 845 730 948 791; x_wconf 83' lang='lat' dir='ltr'>legit</span> <span class='ocrx_word' id='word_1_54' title='bbox 963 730 1084 795; x_wconf 90' lang='lat' dir='ltr'>quod</span> <span class='ocrx_word' id='word_1_55' title='bbox 1104 730 1221 789; x_wconf 90' lang='lat' dir='ltr'>dico,</span> <span class='ocrx_word' id='word_1_56' title='bbox 1246 749 1334 778; x_wconf 90' lang='lat' dir='ltr'>non</span> <span class='ocrx_word' id='word_1_57' title='bbox 1349 749 1417 777; x_wconf 89' lang='lat' dir='ltr'>me</span> <span class='ocrx_word' id='word_1_58' title='bbox 1433 741 1561 795; x_wconf 87' lang='lat' dir='ltr'>putat</span> <span class='ocrx_word' id='word_1_59' title='bbox 1574 730 1718 777; x_wconf 81' lang='lat' dir='ltr'>dicere</span> 
     </span>
     <span class='ocr_line' id='line_1_9' title="bbox 329 800 700 864; baseline 0.005 -19"><span class='ocrx_word' id='word_1_60' title='bbox 329 800 452 864; x_wconf 87' lang='lat' dir='ltr'>quod</span> <span class='ocrx_word' id='word_1_61' title='bbox 478 817 568 846; x_wconf 89' lang='lat' dir='ltr'>non</span> <span class='ocrx_word' id='word_1_62' title='bbox 585 800 700 848; x_wconf 82' lang='lat' dir='ltr'>dico.</span> 
     </span>
    </p>
   </div>
   <div class='ocr_carea' id='block_1_3' title="bbox 332 872 1720 1003">
    <p class='ocr_par' dir='ltr' id='par_1_4' title="bbox 332 872 1720 1003">
     <span class='ocr_line' id='line_1_10' title="bbox 392 872 1720 938; baseline 0.002 -21"><span class='ocrx_word' id='word_1_63' title='bbox 392 872 578 918; x_wconf 83' lang='lat' dir='ltr'><strong>XCVII.</strong></span> <span class='ocrx_word' id='word_1_64' title='bbox 608 873 634 917; x_wconf 87' lang='lat' dir='ltr'><strong>J</strong></span> <span class='ocrx_word' id='word_1_65' title='bbox 640 888 706 918; x_wconf 85' lang='lat' dir='ltr'>UL.</span> <span class='ocrx_word' id='word_1_66' title='bbox 729 873 966 938; x_wconf 85' lang='lat' dir='ltr'>«Eumque</span> <span class='ocrx_word' id='word_1_67' title='bbox 994 891 1081 920; x_wconf 88' lang='lat' dir='ltr'>esse</span> <span class='ocrx_word' id='word_1_68' title='bbox 1101 874 1286 934; x_wconf 86' lang='lat' dir='ltr'>figulum</span> <span class='ocrx_word' id='word_1_69' title='bbox 1307 873 1385 920; x_wconf 83' lang='lat' dir='ltr'>irae</span> <span class='ocrx_word' id='word_1_70' title='bbox 1403 884 1445 920; x_wconf 91' lang='lat' dir='ltr'>et</span> <span class='ocrx_word' id='word_1_71' title='bbox 1460 873 1720 938; x_wconf 83' lang='lat' dir='ltr'>perditionis</span> 
     </span>
     <span class='ocr_line' id='line_1_11' title="bbox 332 943 759 1003; baseline 0.002 -15"><span class='ocrx_word' id='word_1_72' title='bbox 332 956 433 988; x_wconf 86' lang='lat' dir='ltr'>vasa</span> <span class='ocrx_word' id='word_1_73' title='bbox 452 943 703 1003; x_wconf 84' lang='lat' dir='ltr'>fingentem.</span> <span class='ocrx_word' id='word_1_74' title='bbox 738 964 759 985; x_wconf 74' lang='lat'>&gt;2</span> 
     </span>
    </p>
   </div>
   <div class='ocr_carea' id='block_1_4' title="bbox 326 1014 1723 2496">
    <p class='ocr_par' dir='ltr' id='par_1_5' title="bbox 326 1014 1722 1573">
     <span class='ocr_line' id='line_1_12' title="bbox 395 1014 1720 1079; baseline 0.002 -20"><span class='ocrx_word' id='word_1_75' title='bbox 395 1014 509 1061; x_wconf 79' lang='lat' dir='ltr'><strong>AUG.</strong></span> <span class='ocrx_word' id='word_1_76' title='bbox 547 1014 885 1070; x_wconf 80' lang='lat' dir='ltr'>Quantumlibet</span> <span class='ocrx_word' id='word_1_77' title='bbox 926 1031 1015 1060; x_wconf 90' lang='lat' dir='ltr'>non</span> <span class='ocrx_word' id='word_1_78' title='bbox 1051 1015 1266 1076; x_wconf 80' lang='lat' dir='ltr'>intelligas</span> <span class='ocrx_word' id='word_1_79' title='bbox 1282 1054 1292 1072; x_wconf 87' lang='lat'>,</span> <span class='ocrx_word' id='word_1_80' title='bbox 1336 1016 1561 1079; x_wconf 89' lang='lat' dir='ltr'>quomodo</span> <span class='ocrx_word' id='word_1_81' title='bbox 1603 1017 1720 1062; x_wconf 89' lang='lat' dir='ltr'>Deus</span> 
     </span>
     <span class='ocr_line' id='line_1_13' title="bbox 326 1082 1720 1143; baseline 0.003 -15"><span class='ocrx_word' id='word_1_82' title='bbox 326 1082 461 1129; x_wconf 84' lang='lat' dir='ltr'>faciat</span> <span class='ocrx_word' id='word_1_83' title='bbox 483 1101 530 1129; x_wconf 85' lang='lat' dir='ltr'>ex</span> <span class='ocrx_word' id='word_1_84' title='bbox 559 1085 710 1130; x_wconf 89' lang='lat' dir='ltr'>eadem</span> <span class='ocrx_word' id='word_1_85' title='bbox 748 1103 887 1130; x_wconf 81' lang='lat' dir='ltr'>massa</span> <span class='ocrx_word' id='word_1_86' title='bbox 912 1086 1032 1131; x_wconf 87' lang='lat' dir='ltr'>aliud</span> <span class='ocrx_word' id='word_1_87' title='bbox 1067 1103 1141 1133; x_wconf 87' lang='lat' dir='ltr'>vas</span> <span class='ocrx_word' id='word_1_88' title='bbox 1181 1088 1227 1132; x_wconf 89' lang='lat' dir='ltr'>in</span> <span class='ocrx_word' id='word_1_89' title='bbox 1262 1088 1499 1143; x_wconf 85' lang='lat' dir='ltr'>honorem,</span> <span class='ocrx_word' id='word_1_90' title='bbox 1533 1086 1653 1133; x_wconf 88' lang='lat' dir='ltr'>aliud</span> <span class='ocrx_word' id='word_1_91' title='bbox 1674 1087 1720 1133; x_wconf 88' lang='lat' dir='ltr'>in</span> 
     </span>
     <span class='ocr_line' id='line_1_14' title="bbox 329 1154 1721 1213; baseline 0.003 -14"><span class='ocrx_word' id='word_1_92' title='bbox 329 1154 676 1200; x_wconf 76' lang='lat' dir='ltr'>contumelian11</span> <span class='ocrx_word' id='word_1_93' title='bbox 703 1173 714 1200; x_wconf 89' lang='lat'><strong>:</strong></span> <span class='ocrx_word' id='word_1_94' title='bbox 744 1156 806 1201; x_wconf 82' lang='lat' dir='ltr'>ita</span> <span class='ocrx_word' id='word_1_95' title='bbox 828 1155 934 1201; x_wconf 85' lang='lat' dir='ltr'>facit</span> <span class='ocrx_word' id='word_1_96' title='bbox 954 1167 1118 1213; x_wconf 88' lang='lat' dir='ltr'>tamen,</span> <span class='ocrx_word' id='word_1_97' title='bbox 1162 1168 1211 1203; x_wconf 86' lang='lat' dir='ltr'>ut</span> <span class='ocrx_word' id='word_1_98' title='bbox 1248 1175 1339 1202; x_wconf 90' lang='lat' dir='ltr'>non</span> <span class='ocrx_word' id='word_1_99' title='bbox 1377 1158 1510 1203; x_wconf 84' lang='lat' dir='ltr'>faciat</span> <span class='ocrx_word' id='word_1_100' title='bbox 1546 1159 1721 1203; x_wconf 89' lang='lat' dir='ltr'>tertium</span> 
     </span>
     <span class='ocr_line' id='line_1_15' title="bbox 327 1227 1717 1285; baseline 0.004 -16"><span class='ocrx_word' id='word_1_101' title='bbox 327 1240 461 1280; x_wconf 86' lang='lat' dir='ltr'>genus</span> <span class='ocrx_word' id='word_1_102' title='bbox 483 1242 705 1282; x_wconf 82' lang='lat' dir='ltr'>vasorum,</span> <span class='ocrx_word' id='word_1_103' title='bbox 732 1244 812 1272; x_wconf 88' lang='lat' dir='ltr'>nec</span> <span class='ocrx_word' id='word_1_104' title='bbox 842 1227 887 1272; x_wconf 90' lang='lat' dir='ltr'>in</span> <span class='ocrx_word' id='word_1_105' title='bbox 926 1227 1159 1284; x_wconf 84' lang='lat' dir='ltr'>honorem,</span> <span class='ocrx_word' id='word_1_106' title='bbox 1189 1245 1268 1274; x_wconf 83' lang='lat' dir='ltr'>nec</span> <span class='ocrx_word' id='word_1_107' title='bbox 1302 1228 1348 1274; x_wconf 90' lang='lat' dir='ltr'>in</span> <span class='ocrx_word' id='word_1_108' title='bbox 1387 1229 1717 1285; x_wconf 88' lang='lat' dir='ltr'>contumeliam,</span> 
     </span>
     <span class='ocr_line' id='line_1_16' title="bbox 328 1294 1722 1360; baseline 0.004 -20"><span class='ocrx_word' id='word_1_109' title='bbox 328 1294 478 1359; x_wconf 85' lang='lat' dir='ltr'>quales</span> <span class='ocrx_word' id='word_1_110' title='bbox 501 1313 575 1342; x_wconf 88' lang='lat' dir='ltr'>vos</span> <span class='ocrx_word' id='word_1_111' title='bbox 599 1314 664 1342; x_wconf 82' lang='lat' dir='ltr'>ese</span> <span class='ocrx_word' id='word_1_112' title='bbox 689 1296 895 1360; x_wconf 81' lang='lat' dir='ltr'>parvulos</span> <span class='ocrx_word' id='word_1_113' title='bbox 919 1298 1079 1353; x_wconf 78' lang='lat' dir='ltr'>vultis3</span> <span class='ocrx_word' id='word_1_114' title='bbox 1106 1309 1148 1344; x_wconf 86' lang='lat' dir='ltr'>et</span> <span class='ocrx_word' id='word_1_115' title='bbox 1170 1299 1214 1344; x_wconf 90' lang='lat' dir='ltr'>in</span> <span class='ocrx_word' id='word_1_116' title='bbox 1236 1316 1419 1358; x_wconf 82' lang='lat' dir='ltr'>regnum</span> <span class='ocrx_word' id='word_1_117' title='bbox 1445 1299 1525 1344; x_wconf 86' lang='lat' dir='ltr'>Dei</span> <span class='ocrx_word' id='word_1_118' title='bbox 1550 1317 1639 1345; x_wconf 89' lang='lat' dir='ltr'>non</span> <span class='ocrx_word' id='word_1_119' title='bbox 1657 1300 1722 1345; x_wconf 90' lang='lat' dir='ltr'>in-</span> 
     </span>
     <span class='ocr_line' id='line_1_17' title="bbox 328 1366 1714 1433; baseline 0.004 -22"><span class='ocrx_word' id='word_1_120' title='bbox 328 1376 442 1411; x_wconf 82' lang='lat' dir='ltr'>trare</span> <span class='ocrx_word' id='word_1_121' title='bbox 460 1366 694 1427; x_wconf 83' lang='lat' dir='ltr'>imaginem</span> <span class='ocrx_word' id='word_1_122' title='bbox 720 1368 815 1425; x_wconf 89' lang='lat' dir='ltr'>Dei,</span> <span class='ocrx_word' id='word_1_123' title='bbox 835 1368 1001 1414; x_wconf 85' lang='lat' dir='ltr'>nullam</span> <span class='ocrx_word' id='word_1_124' title='bbox 1026 1387 1113 1415; x_wconf 84' lang='lat' dir='ltr'>esse</span> <span class='ocrx_word' id='word_1_125' title='bbox 1137 1370 1450 1415; x_wconf 88' lang='lat' dir='ltr'>contumeliam</span> <span class='ocrx_word' id='word_1_126' title='bbox 1478 1369 1714 1433; x_wconf 84' lang='lat' dir='ltr'>deputatis.</span> 
     </span>
     <span class='ocr_line' id='line_1_18' title="bbox 330 1437 1722 1500; baseline 0.004 -18"><span class='ocrx_word' id='word_1_127' title='bbox 330 1437 484 1500; x_wconf 86' lang='lat' dir='ltr'>Ipsum</span> <span class='ocrx_word' id='word_1_128' title='bbox 503 1439 617 1484; x_wconf 90' lang='lat' dir='ltr'>enim</span> <span class='ocrx_word' id='word_1_129' title='bbox 640 1456 822 1498; x_wconf 84' lang='lat' dir='ltr'>regnum</span> <span class='ocrx_word' id='word_1_130' title='bbox 847 1440 908 1485; x_wconf 85' lang='lat' dir='ltr'>sic</span> <span class='ocrx_word' id='word_1_131' title='bbox 929 1441 1099 1496; x_wconf 82' lang='lat' dir='ltr'>amatis,</span> <span class='ocrx_word' id='word_1_132' title='bbox 1126 1452 1175 1486; x_wconf 88' lang='lat' dir='ltr'>ut</span> <span class='ocrx_word' id='word_1_133' title='bbox 1197 1458 1285 1486; x_wconf 87' lang='lat' dir='ltr'>non</span> <span class='ocrx_word' id='word_1_134' title='bbox 1308 1441 1372 1486; x_wconf 89' lang='lat' dir='ltr'>ibi</span> <span class='ocrx_word' id='word_1_135' title='bbox 1398 1458 1502 1497; x_wconf 86' lang='lat' dir='ltr'>esse,</span> <span class='ocrx_word' id='word_1_136' title='bbox 1530 1459 1619 1487; x_wconf 85' lang='lat' dir='ltr'>non</span> <span class='ocrx_word' id='word_1_137' title='bbox 1643 1440 1722 1487; x_wconf 83' lang='lat' dir='ltr'>sal-</span> 
     </span>
     <span class='ocr_line' id='line_1_19' title="bbox 329 1507 1616 1573; baseline 0.004 -21"><span class='ocrx_word' id='word_1_138' title='bbox 329 1517 418 1553; x_wconf 90' lang='lat' dir='ltr'>tem</span> <span class='ocrx_word' id='word_1_139' title='bbox 437 1507 576 1554; x_wconf 78' lang='lat' dir='ltr'>levem</span> <span class='ocrx_word' id='word_1_140' title='bbox 599 1526 780 1573; x_wconf 85' lang='lat' dir='ltr'>poenam</span> <span class='ocrx_word' id='word_1_141' title='bbox 802 1510 988 1557; x_wconf 83' lang='lat' dir='ltr'>credatis</span> <span class='ocrx_word' id='word_1_142' title='bbox 1005 1511 1198 1557; x_wconf 88' lang='lat' dir='ltr'>hominis</span> <span class='ocrx_word' id='word_1_143' title='bbox 1217 1528 1322 1564; x_wconf 80' lang='lat' dir='ltr'>esse,</span> <span class='ocrx_word' id='word_1_144' title='bbox 1345 1511 1418 1557; x_wconf 89' lang='lat' dir='ltr'>sed</span> <span class='ocrx_word' id='word_1_145' title='bbox 1435 1511 1616 1559; x_wconf 86' lang='lat' dir='ltr'>nullam.</span> 
     </span>
    </p>

    <p class='ocr_par' dir='ltr' id='par_1_6' title="bbox 329 1579 1722 1781">
     <span class='ocr_line' id='line_1_20' title="bbox 395 1579 1722 1646; baseline 0.003 -21"><span class='ocrx_word' id='word_1_146' title='bbox 395 1579 602 1627; x_wconf 86' lang='lat' dir='ltr'><strong>XCVIII.</strong></span> <span class='ocrx_word' id='word_1_147' title='bbox 630 1581 651 1624; x_wconf 81' lang='lat' dir='ltr'>J</span> <span class='ocrx_word' id='word_1_148' title='bbox 663 1598 728 1628; x_wconf 83' lang='lat' dir='ltr'>UL.</span> <span class='ocrx_word' id='word_1_149' title='bbox 753 1602 774 1623; x_wconf 85' lang='lat'>«</span> <span class='ocrx_word' id='word_1_150' title='bbox 796 1580 881 1627; x_wconf 87' lang='lat' dir='ltr'>Sed</span> <span class='ocrx_word' id='word_1_151' title='bbox 896 1598 996 1645; x_wconf 80' lang='lat' dir='ltr'>quae</span> <span class='ocrx_word' id='word_1_152' title='bbox 1012 1582 1057 1627; x_wconf 87' lang='lat' dir='ltr'>in</span> <span class='ocrx_word' id='word_1_153' title='bbox 1075 1582 1386 1646; x_wconf 82' lang='lat' dir='ltr'>perditionem,</span> <span class='ocrx_word' id='word_1_154' title='bbox 1406 1600 1494 1628; x_wconf 89' lang='lat' dir='ltr'>non</span> <span class='ocrx_word' id='word_1_155' title='bbox 1513 1599 1722 1646; x_wconf 87' lang='lat' dir='ltr'>processu</span> 
     </span>
     <span class='ocr_line' id='line_1_21' title="bbox 329 1649 1721 1717; baseline 0.004 -22"><span class='ocrx_word' id='word_1_156' title='bbox 329 1649 485 1696; x_wconf 75' lang='lat' dir='ltr'>liberae</span> <span class='ocrx_word' id='word_1_157' title='bbox 506 1651 760 1709; x_wconf 84' lang='lat' dir='ltr'>voluntatis,</span> <span class='ocrx_word' id='word_1_158' title='bbox 789 1670 941 1700; x_wconf 72' lang='lat' dir='ltr'>verum</span> <span class='ocrx_word' id='word_1_159' title='bbox 983 1654 1278 1700; x_wconf 85' lang='lat' dir='ltr'>informatoris</span> <span class='ocrx_word' id='word_1_160' title='bbox 1304 1654 1369 1700; x_wconf 86' lang='lat' dir='ltr'>sui</span> <span class='ocrx_word' id='word_1_161' title='bbox 1395 1665 1610 1717; x_wconf 85' lang='lat' dir='ltr'>potestate</span> <span class='ocrx_word' id='word_1_162' title='bbox 1646 1671 1721 1700; x_wconf 87' lang='lat' dir='ltr'>co-</span> 
     </span>
     <span class='ocr_line' id='line_1_22' title="bbox 332 1731 559 1781; baseline 0.009 -15"><span class='ocrx_word' id='word_1_163' title='bbox 332 1731 506 1781; x_wconf 79' lang='lat' dir='ltr'>gantur.</span> <span class='ocrx_word' id='word_1_164' title='bbox 539 1743 559 1763; x_wconf 73' lang='lat'>&gt;³</span> 
     </span>
    </p>

    <p class='ocr_par' dir='ltr' id='par_1_7' title="bbox 332 1793 1723 2074">
     <span class='ocr_line' id='line_1_23' title="bbox 399 1793 1722 1860; baseline 0.004 -23"><span class='ocrx_word' id='word_1_165' title='bbox 399 1793 514 1839; x_wconf 74' lang='lat' dir='ltr'>Aue.</span> <span class='ocrx_word' id='word_1_166' title='bbox 548 1796 672 1839; x_wconf 89' lang='lat' dir='ltr'>Potes</span> <span class='ocrx_word' id='word_1_167' title='bbox 697 1794 866 1851; x_wconf 88' lang='lat' dir='ltr'>dicere,</span> <span class='ocrx_word' id='word_1_168' title='bbox 897 1813 986 1841; x_wconf 89' lang='lat' dir='ltr'>non</span> <span class='ocrx_word' id='word_1_169' title='bbox 1016 1796 1240 1860; x_wconf 82' lang='lat' dir='ltr'>quoslibet</span> <span class='ocrx_word' id='word_1_170' title='bbox 1260 1795 1477 1852; x_wconf 87' lang='lat' dir='ltr'>homines,</span> <span class='ocrx_word' id='word_1_171' title='bbox 1521 1795 1595 1841; x_wconf 89' lang='lat' dir='ltr'>sed</span> <span class='ocrx_word' id='word_1_172' title='bbox 1628 1800 1722 1857; x_wconf 89' lang='lat' dir='ltr'>jam</span> 
     </span>
     <span class='ocr_line' id='line_1_24' title="bbox 332 1865 1720 1930; baseline 0.004 -23"><span class='ocrx_word' id='word_1_173' title='bbox 332 1874 601 1922; x_wconf 81' lang='lat' dir='ltr'>regeneratos</span> <span class='ocrx_word' id='word_1_174' title='bbox 625 1865 737 1911; x_wconf 88' lang='lat' dir='ltr'>filios</span> <span class='ocrx_word' id='word_1_175' title='bbox 755 1882 854 1912; x_wconf 87' lang='lat' dir='ltr'>suos</span> <span class='ocrx_word' id='word_1_176' title='bbox 875 1866 1017 1912; x_wconf 89' lang='lat' dir='ltr'>Deum</span> <span class='ocrx_word' id='word_1_177' title='bbox 1042 1867 1088 1912; x_wconf 91' lang='lat' dir='ltr'>in</span> <span class='ocrx_word' id='word_1_178' title='bbox 1121 1867 1417 1930; x_wconf 83' lang='lat' dir='ltr'>perditionem</span> <span class='ocrx_word' id='word_1_179' title='bbox 1449 1882 1602 1927; x_wconf 86' lang='lat' dir='ltr'>cogere</span> <span class='ocrx_word' id='word_1_180' title='bbox 1618 1902 1629 1924; x_wconf 90' lang='lat'>,</span> <span class='ocrx_word' id='word_1_181' title='bbox 1650 1867 1720 1913; x_wconf 85' lang='lat' dir='ltr'>fa-</span> 
     </span>
     <span class='ocr_line' id='line_1_25' title="bbox 333 1932 1723 2002; baseline 0.005 -25"><span class='ocrx_word' id='word_1_182' title='bbox 333 1932 490 1979; x_wconf 88' lang='lat' dir='ltr'>ciendo</span> <span class='ocrx_word' id='word_1_183' title='bbox 514 1952 584 1980; x_wconf 89' lang='lat' dir='ltr'>eos</span> <span class='ocrx_word' id='word_1_184' title='bbox 604 1935 747 1983; x_wconf 76' lang='lat' dir='ltr'>vivere</span> <span class='ocrx_word' id='word_1_185' title='bbox 763 1974 774 1993; x_wconf 92' lang='lat'>,</span> <span class='ocrx_word' id='word_1_186' title='bbox 801 1954 910 2001; x_wconf 88' lang='lat' dir='ltr'>quos</span> <span class='ocrx_word' id='word_1_187' title='bbox 932 1956 957 1982; x_wconf 90' lang='lat' dir='ltr'>a</span> <span class='ocrx_word' id='word_1_188' title='bbox 982 1937 1068 1984; x_wconf 89' lang='lat' dir='ltr'>fide</span> <span class='ocrx_word' id='word_1_189' title='bbox 1091 1938 1308 2002; x_wconf 82' lang='lat' dir='ltr'>praevidet</span> <span class='ocrx_word' id='word_1_190' title='bbox 1333 1954 1591 1995; x_wconf 84' lang='lat' dir='ltr'>recessuros,</span> <span class='ocrx_word' id='word_1_191' title='bbox 1620 1954 1723 1984; x_wconf 89' lang='lat' dir='ltr'>cum</span> 
     </span>
     <span class='ocr_line' id='line_1_26' title="bbox 332 2006 1650 2074; baseline 0.006 -25"><span class='ocrx_word' id='word_1_192' title='bbox 332 2016 477 2068; x_wconf 84' lang='lat' dir='ltr'>posset</span> <span class='ocrx_word' id='word_1_193' title='bbox 493 2022 564 2051; x_wconf 87' lang='lat' dir='ltr'>eos</span> <span class='ocrx_word' id='word_1_194' title='bbox 586 2006 695 2054; x_wconf 88' lang='lat' dir='ltr'>hinc</span> <span class='ocrx_word' id='word_1_195' title='bbox 718 2026 889 2072; x_wconf 86' lang='lat' dir='ltr'>rapere,</span> <span class='ocrx_word' id='word_1_196' title='bbox 918 2021 1151 2074; x_wconf 83' lang='lat' dir='ltr'>antequam</span> <span class='ocrx_word' id='word_1_197' title='bbox 1175 2009 1340 2056; x_wconf 86' lang='lat' dir='ltr'>malitia</span> <span class='ocrx_word' id='word_1_198' title='bbox 1362 2019 1650 2057; x_wconf 84' lang='lat' dir='ltr'>mutarentur.</span> 
     </span>
    </p>

    <p class='ocr_par' dir='ltr' id='par_1_8' title="bbox 327 2076 1723 2427">
     <span class='ocr_line' id='line_1_27' title="bbox 398 2076 1722 2143; baseline 0.005 -23"><span class='ocrx_word' id='word_1_199' title='bbox 398 2076 560 2123; x_wconf 90' lang='lat' dir='ltr'><strong>XCIX.</strong></span> <span class='ocrx_word' id='word_1_200' title='bbox 588 2078 613 2121; x_wconf 83' lang='lat' dir='ltr'>J</span> <span class='ocrx_word' id='word_1_201' title='bbox 622 2095 688 2125; x_wconf 80' lang='lat' dir='ltr'>UL.</span> <span class='ocrx_word' id='word_1_202' title='bbox 735 2100 753 2120; x_wconf 76' lang='grc' dir='ltr'>ι(</span> <span class='ocrx_word' id='word_1_203' title='bbox 776 2081 1056 2143; x_wconf 86' lang='lat' dir='ltr'>Tantumque</span> <span class='ocrx_word' id='word_1_204' title='bbox 1079 2081 1166 2126; x_wconf 87' lang='lat' dir='ltr'>hoc</span> <span class='ocrx_word' id='word_1_205' title='bbox 1206 2079 1461 2143; x_wconf 79' lang='lat' dir='ltr'>prodigialis</span> <span class='ocrx_word' id='word_1_206' title='bbox 1508 2080 1722 2140; x_wconf 83' lang='lat' dir='ltr'>dogmatis</span> 
     </span>
     <span class='ocr_line' id='line_1_28' title="bbox 331 2143 1723 2214; baseline 0.004 -24"><span class='ocrx_word' id='word_1_207' title='bbox 331 2143 450 2190; x_wconf 89' lang='lat' dir='ltr'>nefas</span> <span class='ocrx_word' id='word_1_208' title='bbox 477 2146 665 2209; x_wconf 87' lang='lat' dir='ltr'>apostoli</span> <span class='ocrx_word' id='word_1_209' title='bbox 684 2148 814 2195; x_wconf 84' lang='lat' dir='ltr'>Pauli</span> <span class='ocrx_word' id='word_1_210' title='bbox 837 2150 1014 2195; x_wconf 87' lang='lat' dir='ltr'>molitus</span> <span class='ocrx_word' id='word_1_211' title='bbox 1039 2160 1100 2195; x_wconf 87' lang='lat' dir='ltr'>est</span> <span class='ocrx_word' id='word_1_212' title='bbox 1117 2150 1322 2195; x_wconf 90' lang='lat' dir='ltr'>roborare</span> <span class='ocrx_word' id='word_1_213' title='bbox 1347 2150 1583 2207; x_wconf 84' lang='lat' dir='ltr'>sententiis,</span> <span class='ocrx_word' id='word_1_214' title='bbox 1615 2169 1723 2214; x_wconf 86' lang='lat' dir='ltr'>quas</span> 
     </span>
     <span class='ocr_line' id='line_1_29' title="bbox 328 2218 1721 2284; baseline 0.006 -24"><span class='ocrx_word' id='word_1_215' title='bbox 328 2226 533 2263; x_wconf 80' lang='lat' dir='ltr'>contextu</span> <span class='ocrx_word' id='word_1_216' title='bbox 565 2218 697 2265; x_wconf 84' lang='lat' dir='ltr'>totius</span> <span class='ocrx_word' id='word_1_217' title='bbox 719 2219 918 2266; x_wconf 88' lang='lat' dir='ltr'>lectionis</span> <span class='ocrx_word' id='word_1_218' title='bbox 939 2221 1145 2284; x_wconf 83' lang='lat' dir='ltr'>exposui,</span> <span class='ocrx_word' id='word_1_219' title='bbox 1185 2230 1227 2266; x_wconf 90' lang='lat' dir='ltr'>et</span> <span class='ocrx_word' id='word_1_220' title='bbox 1251 2219 1427 2266; x_wconf 87' lang='lat' dir='ltr'>ostendi</span> <span class='ocrx_word' id='word_1_221' title='bbox 1453 2221 1721 2284; x_wconf 85' lang='lat' dir='ltr'>prophetam</span> 
     </span>
     <span class='ocr_line' id='line_1_30' title="bbox 327 2286 1718 2356; baseline 0.007 -26"><span class='ocrx_word' id='word_1_222' title='bbox 327 2286 504 2345; x_wconf 68' lang='lat' dir='ltr'>Isaram,</span> <span class='ocrx_word' id='word_1_223' title='bbox 530 2288 584 2335; x_wconf 90' lang='lat' dir='ltr'>de</span> <span class='ocrx_word' id='word_1_224' title='bbox 605 2307 694 2353; x_wconf 87' lang='lat' dir='ltr'>quo</span> <span class='ocrx_word' id='word_1_225' title='bbox 715 2290 831 2337; x_wconf 88' lang='lat' dir='ltr'>hanc</span> <span class='ocrx_word' id='word_1_226' title='bbox 854 2292 1226 2356; x_wconf 81' lang='lat' dir='ltr'>comparationem</span> <span class='ocrx_word' id='word_1_227' title='bbox 1245 2291 1368 2352; x_wconf 83' lang='lat' dir='ltr'>figuli</span> <span class='ocrx_word' id='word_1_228' title='bbox 1395 2293 1625 2338; x_wconf 82' lang='lat' dir='ltr'>constabat</span> <span class='ocrx_word' id='word_1_229' title='bbox 1651 2311 1718 2340; x_wconf 85' lang='lat' dir='ltr'>as-</span> 
     </span>
     <span class='ocr_line' id='line_1_31' title="bbox 331 2362 1622 2427; baseline 0.001 -24"><span class='ocrx_word' id='word_1_230' title='bbox 331 2369 572 2422; x_wconf 84' lang='lat' dir='ltr'>sumptam,</span> <span class='ocrx_word' id='word_1_231' title='bbox 587 2362 772 2421; x_wconf 76' lang='lat' dir='ltr'>justitiae</span> <span class='ocrx_word' id='word_1_232' title='bbox 797 2362 960 2410; x_wconf 82' lang='lat' dir='ltr'>divinae</span> <span class='ocrx_word' id='word_1_233' title='bbox 978 2363 1226 2427; x_wconf 84' lang='lat' dir='ltr'>plenissime</span> <span class='ocrx_word' id='word_1_234' title='bbox 1249 2380 1426 2409; x_wconf 85' lang='lat' dir='ltr'>causam</span> <span class='ocrx_word' id='word_1_235' title='bbox 1451 2363 1578 2410; x_wconf 89' lang='lat' dir='ltr'>tueri.</span> <span class='ocrx_word' id='word_1_236' title='bbox 1600 2384 1622 2405; x_wconf 87' lang='lat'>»</span> 
     </span>
    </p>

    <p class='ocr_par' dir='ltr' id='par_1_9' title="bbox 400 2431 1720 2496">
     <span class='ocr_line' id='line_1_32' title="bbox 400 2431 1720 2496; baseline 0.004 -19"><span class='ocrx_word' id='word_1_237' title='bbox 400 2431 514 2479; x_wconf 66' lang='grc' dir='ltr'><strong>ΑΗΘ.</strong></span> <span class='ocrx_word' id='word_1_238' title='bbox 549 2432 671 2490; x_wconf 91' lang='lat' dir='ltr'>Quid</span> <span class='ocrx_word' id='word_1_239' title='bbox 693 2433 919 2482; x_wconf 86' lang='lat' dir='ltr'>ostendisti</span> <span class='ocrx_word' id='word_1_240' title='bbox 951 2434 1195 2496; x_wconf 85' lang='lat' dir='ltr'>legentibus</span> <span class='ocrx_word' id='word_1_241' title='bbox 1216 2442 1258 2481; x_wconf 87' lang='lat' dir='ltr'>et</span> <span class='ocrx_word' id='word_1_242' title='bbox 1280 2433 1623 2495; x_wconf 86' lang='lat' dir='ltr'>intelligentibus</span> <span class='ocrx_word' id='word_1_243' title='bbox 1638 2434 1720 2482; x_wconf 83' lang='lat' dir='ltr'>nisi</span> 
     </span>
    </p>
   </div>
   <div class='ocr_carea' id='block_1_5' title="bbox 381 2542 654 2590">
    <p class='ocr_par' dir='ltr' id='par_1_10' title="bbox 381 2542 654 2590">
     <span class='ocr_line' id='line_1_33' title="bbox 381 2542 654 2590; baseline 0.004 -13"><span class='ocrx_word' id='word_1_244' title='bbox 381 2542 393 2566; x_wconf 81' lang='lat'><strong>¹</strong></span> <span class='ocrx_word' id='word_1_245' title='bbox 410 2544 508 2580; x_wconf 75' lang='lat' dir='ltr'>Rom.</span> <span class='ocrx_word' id='word_1_246' title='bbox 524 2555 574 2590; x_wconf 79' lang='lat' dir='ltr'>xx,</span> <span class='ocrx_word' id='word_1_247' title='bbox 593 2556 654 2582; x_wconf 87' lang='lat'>21.</span> 
     </span>
    </p>
   </div>
  </div>
 </body>
</html>
