1824 3236
178 286 334 320 opums
368 283 630 319 mammen
665 282 843 317 comm
877 282 1124 328 summan,
1162 286 1251 319 mn.
1293 288 1336 321 v.
1411 272 1506 337 319

129 368 458 400 commemoras.
482 351 575 411 Ego
589 348 756 414 quippe
764 348 854 396 vim
868 347 1106 413 voluptatis
1122 368 1374 416 acceperam
1387 362 1429 399 te
1443 352 1509 401 in-

129 423 264 484 telligi
277 422 477 479 voluisse,
492 437 579 485 qua
589 420 793 484 voluptas
807 419 975 483 aliquid
991 419 1131 470 facere
1142 434 1300 486 posset,
1312 441 1400 472 non
1419 440 1508 488 qua

127 495 224 559 ipsa
239 495 373 542 fieret.
397 492 470 541 Sic
483 491 601 543 enim
616 491 800 538 solemus
812 490 953 553 loqui,
966 501 1014 537 ut
1024 492 1114 539 vim
1129 493 1187 540 rei
1203 499 1416 560 cujusque
1434 496 1508 542 di·-

130 581 296 622 camus,
321 580 410 628 qua
431 562 545 611 valet
568 572 617 610 ut
635 561 803 626 aliquid
816 560 967 618 faciat,
982 579 1071 609 non
1086 580 1174 627 qua
1204 566 1318 613 valet
1333 566 1415 613 alia
1444 583 1512 614 res

130 652 230 700 quae
252 636 393 699 ipsam
413 633 533 682 facit.
571 634 640 681 Tu
659 643 820 689 autem,
835 642 1014 680 utnunc
1026 643 1101 680 tua
1117 635 1252 682 verba
1276 637 1511 700 exposuisti

131 707 222 754 vim
245 705 484 769 voluptatis
513 715 554 753 te
582 704 734 751 dixisse
759 704 906 757 asseris
923 740 935 761 ‚
963 720 1051 768 qua
1072 705 1278 769 voluptas
1295 707 1408 755 effici
1427 725 1516 772 po-

132 787 245 833 test,
284 793 374 823 non
400 793 490 840 qua
525 774 656 827 efficit
689 776 784 839 ipsa
818 791 919 839 quae
937 785 1112 839 potest:
1136 786 1344 841 tanquam
1368 778 1404 825 si
1424 779 1515 827 vim

134 846 299 899 diceres
316 863 403 893 esse
420 846 554 907 ignis,
576 863 664 910 qua
687 846 778 910 ipse
799 846 1055 895 accenditur
1071 857 1120 893 ut
1139 847 1221 902 sit;
1244 865 1346 895 cum
1367 866 1516 895 omnes

133 918 335 966 homines
365 918 454 966 vim
484 917 634 966 dicant
660 935 746 964 esse
782 917 920 977 igni5‚
956 934 1045 982 qua
1079 919 1194 976 urit,
1231 919 1300 967 vel
1321 920 1518 967 calefacit

133 1004 428 1052 quaecumque
461 989 672 1052 potuerit.
710 988 891 1035 Insolito
925 988 1058 1048 igitur
1095 1006 1215 1036 more
1241 990 1417 1037 locutus
1442 1008 1515 1038 es:

136 1059 211 1113 sed
230 1058 339 1124 quid
359 1059 413 1106 ad
434 1063 539 1107 nos?
558 1061 807 1123 Utcumque
823 1059 1077 1117 didicimus,
1100 1061 1180 1106 ubi
1196 1059 1250 1107 de
1267 1078 1314 1108 re
1330 1072 1518 1118 constat,

135 1148 226 1178 non
252 1141 417 1178 certare
435 1131 489 1178 de
511 1132 670 1179 verbis,
699 1130 916 1179 Convenit
939 1131 1054 1177 enim
1076 1132 1205 1178 nobis
1222 1169 1234 1190 ,
1264 1149 1354 1179 non
1379 1132 1519 1180 solum

135 1202 337 1250 homiues
359 1202 413 1249 de
430 1201 686 1259 seminibus,
715 1200 788 1247 sed
808 1202 904 1265 ipsa
924 1201 1056 1248 etiam
1077 1202 1263 1260 semina,
1284 1220 1416 1268 opera
1441 1203 1522 1252 Dei

138 1290 251 1330 esse,
273 1289 555 1336 quocumque
573 1271 816 1320 efficiantur
836 1271 995 1326 modo;
1017 1289 1071 1319 ne
1096 1273 1306 1337 physicos
1333 1274 1405 1321 vel
1427 1290 1524 1319 me-

139 1343 262 1391 dicos
281 1379 292 1402 ,
310 1343 381 1397 vel
403 1343 532 1391 etiam
555 1348 711 1407 poetas
725 1379 737 1400 ,
765 1343 846 1394 ubi
872 1343 986 1389 nihil
1004 1360 1116 1407 opus
1137 1354 1222 1401 est,
1249 1355 1372 1391 testes
1393 1344 1525 1391 adhi-

138 1415 345 1470 beamu33
385 1423 461 1461 aut
499 1413 817 1460 contendamus
860 1413 1085 1478 quomodo
1124 1414 1179 1460 sit
1218 1414 1489 1479 loquendum
1507 1451 1520 1473 ‚

142 1502 244 1532 cum
275 1484 322 1532 id
352 1494 536 1549 propter
566 1484 688 1548 quod
722 1484 965 1548 loquimur,
994 1485 1127 1531 ambo
1145 1502 1299 1534 verum
1320 1504 1409 1533 esse
1432 1504 1527 1533 sen-

142 1557 328 1615 tiamus,
358 1556 406 1603 id
437 1566 530 1613 est,
565 1556 647 1602 Dei
677 1572 810 1620 opera
845 1572 933 1602 esse
974 1556 1136 1603 semina
1169 1557 1367 1606 omnium
1399 1567 1528 1605 natu-

143 1643 308 1674 rarum.

212 1697 300 1744 Sed
339 1696 497 1744 falsum
526 1708 587 1745 es't
620 1697 743 1762 quod
783 1697 890 1745 hinc
927 1698 1096 1745 conaris
1133 1697 1356 1746 ostendere
1373 1736 1386 1757 ,
1431 1699 1529 1747 ideo

147 1768 268 1816 nulla
287 1786 374 1816 esse
393 1769 502 1816 vitia
532 1769 748 1815 seminum
766 1806 778 1826 ‚
805 1769 909 1833 quia
937 1770 1054 1815 Deus
1087 1786 1255 1816 summe
1288 1771 1433 1817 bonus
1465 1781 1528 1817 est

147 1839 349 1887 conditor
374 1840 586 1887 seminum
611 1857 622 1886 ε
647 1839 768 1904 quod
791 1857 882 1887 non
901 1839 1092 1900 diceres,
1119 1841 1154 1887 si
1176 1858 1226 1887 eo
1244 1841 1377 1888 modo
1398 1842 1530 1889 ratio-

150 1929 250 1959 nem
269 1912 484 1958 seminum
511 1928 681 1968 nosses,
711 1911 934 1975 quomodo
961 1929 1055 1958 eam
1091 1923 1271 1960 noverat
1297 1913 1374 1978 qui
1405 1913 1529 1960 dice-

149 1983 255 2029 bat:
284 2003 304 2024 «
323 1982 469 2030 Homo
485 1982 671 2029 vanitati
694 1983 846 2030 similis
863 1983 1006 2030 factus
1023 1993 1085 2030 est
1098 1982 1117 2014 1
1143 2001 1153 2030 ε
1178 2006 1199 2027 »
1224 1995 1355 2049 atque
1374 1995 1423 2031 ut
1440 1987 1528 2032 hoc

150 2053 291 2117 ipsam
319 2064 520 2100 naturam
537 2091 547 2111 ‚
582 2070 683 2118 quae
710 2054 758 2100 in
787 2054 926 2119 ipsam
954 2055 1264 2102 mortalitatem
1292 2056 1412 2121 lapsa
1439 2067 1528 2114 est,

152 2124 354 2171 meruisse
370 2124 562 2182 doceret,
586 2124 777 2172 addebat
795 2143 805 2170 :
832 2146 853 2168 <‹
873 2126 973 2172 Dies
990 2129 1083 2186 eJ'us
1106 2126 1220 2173 sicut
1237 2127 1396 2174 umbra
1419 2144 1534 2191 prae-

154 2217 176 2238 >³
195 2196 396 2242 tereunt2
420 2213 431 2241 ε
457 2217 478 2238 »
502 2211 602 2241 cum
621 2195 748 2241 sciret
772 2195 997 2242 hominem
1021 2196 1074 2242 ad
1094 2197 1173 2243 Dei
1201 2197 1533 2245 similitudinem

153 2265 318 2312 factum
337 2303 348 2323 ‚
370 2276 413 2312 et
440 2276 585 2312 tamen
615 2265 876 2313 discerneret
908 2267 964 2313 ab
988 2267 1258 2314 institutione
1281 2268 1431 2315 divina
1461 2269 1534 2316 de-

156 2347 352 2401 pravatae
373 2337 581 2383 humanae
605 2337 783 2397 originis
801 2338 971 2386 vitium.
1004 2338 1137 2395 Quod
1164 2338 1210 2384 in
1237 2338 1343 2402 ipsis
1360 2357 1535 2404 quoque

157 2408 244 2454 tuis
281 2408 425 2454 verbis
464 2407 626 2470 quibus
662 2425 730 2453 me
777 2408 1053 2455 momordisti
1075 2446 1087 2466 ,
1138 2409 1285 2456 videre
1325 2409 1530 2459 debuisti.

159 2478 312 2523 Dixisti
330 2477 445 2524 enim
469 2495 479 2522 ε
502 2499 523 2519 (ι
541 2478 700 2524 Verum
716 2479 761 2525 in
781 2479 851 2526 his
867 2497 1062 2544 quoque,
1080 2497 1169 2527 non
1186 2480 1377 2528 multum
1396 2499 1539 2529 causae

159 2550 428 2607 necessariis,
452 2566 635 2597 acumen
658 2550 852 2599 hominis
873 2562 1041 2600 notasse
1068 2553 1284 2603 suffecerit
1304 2571 1316 2600 :
1335 2575 1358 2600 ι)
1377 2555 1539 2603 obtun-

210 2633 221 2655 ¹
245 2631 324 2666 Psal.
344 2643 458 2672 cmxx,
475 2638 508 2670 4,
531 2651 572 2658 -—-
589 2630 604 2654 2
628 2632 709 2666 Ibid.
