1863 3262
286 276 314 319 u
709 286 744 315 s,
788 282 1031 313 Aucus‘riur
1070 281 1273 311 EPISCOPI

286 363 487 400 naturam
517 366 666 396 eoi-um
698 349 823 394 sciret
847 366 930 392 non
958 364 1081 409 posse
1114 346 1300 399 servari3
1337 361 1416 390 nec
1435 360 1517 408 pro
1539 343 1667 390 rebus

284 422 556 469 naturalibus
582 437 700 465 reum
724 419 970 481 quempian]
992 417 1224 476 judicaret.
1256 438 1275 456 >>

352 496 464 539 Aua.
494 491 576 536 Sed
598 490 681 536 fuit
702 490 859 543 Adam,
883 499 923 533 et
940 489 979 532 in
996 484 1462 538 illosui1m1somnes13
1487 484 1664 548 quando

284 565 344 610 ita
377 562 575 627 peccavit
595 599 604 617 ,
634 572 682 607 ut
709 560 908 624 perderet
946 561 991 604 in
1016 576 1057 603 se
1082 575 1252 611 omnes;
1298 557 1378 602 nisi
1403 573 1512 618 quos
1537 556 1665 602 vellet

283 634 385 681 inde
411 634 631 681 liberaret.
657 633 730 695 qui
759 632 875 676 venit
892 647 1087 694 queerere
1113 629 1231 692 quod
1254 628 1440 692 perierat
1461 628 1493 673 2.

348 705 400 753 V.
434 706 534 751 JUL.
564 725 583 745 «
608 704 698 748 Nec
727 702 862 748 aliena
891 712 1068 765 peccata
1105 700 1194 745 aliis
1225 701 1485 762 imputaretg
1514 715 1562 743 ac
1587 715 1665 760 per

281 776 385 831 hoc,
414 792 492 821 nec
513 786 696 838 propter
719 784 950 837 parentum
972 772 1221 834 iniquitates
1246 771 1494 815 innocentes
1515 786 1663 814 eorum

282 847 413 902 filios,
436 847 512 909 qui
544 863 623 909 per
647 863 688 891 se
713 844 822 890 nibil
848 843 1012 907 operati
1041 853 1177 887 essent
1210 842 1276 886 vot
1300 840 1407 885 honi
1439 840 1506 886 vel
1542 839 1659 893 mali,

282 934 362 980 per
384 916 504 980 quod
534 927 765 979 parentum
795 932 969 961 suorum
995 913 1176 959 crimina
1201 912 1461 957 docerentur
1483 911 1659 967 imitati,

283 989 453 1034 aeternis
476 988 748 1047 adjudicaret
787 986 1030 1050 suppliciis.
1081 985 1255 1041 Quibus
1280 983 1489 1035 collectis,
1517 987 1662 1028 Deum

280 1070 323 1104 et
346 1076 432 1105 esse
456 1070 497 1104 et
511 1062 676 1118 justum
694 1075 780 1103 esse
798 1067 1033 1109 constaret,
1051 1073 1180 1119 quem
1200 1054 1431 1107 claruerat,
1450 1053 1481 1098 si
1496 1054 1662 1116 aliquid

283 1140 488 1193 operetur
511 1130 742 1189 injustum,
767 1139 935 1173 tantum
957 1128 1102 1172 subire
1119 1127 1163 1170 in
1179 1125 1424 1180 divinitate,
1449 1136 1662 1187 quantum

277 1200 524 1264 pertulisset
543 1200 587 1245 iu
612 1200 816 1263 aequitate
843 1198 1138 1261 dispendium.
1165 1218 1185 1237 »

346 1273 461 1318 Auo.
493 1271 651 1315 Verum
675 1270 811 1316 dicis:
850 1287 898 1314 ac
919 1287 995 1332 per
1018 1269 1125 1323 hoc,
1148 1267 1260 1313 nihil
1292 1277 1497 1330 operatur
1522 1267 1661 1326 injus-

283 1353 396 1397 tum,
426 1358 524 1387 cum
552 1341 668 1400 gravi
685 1344 792 1400 jugo
819 1339 979 1403 premit
1007 1339 1119 1384 filios
1144 1337 1282 1384 Adam
1306 1354 1328 1381 a
1363 1337 1432 1382 die
1455 1337 1588 1382 exitus
1607 1338 1660 1383 de

277 1423 425 1459 ventre
457 1411 606 1456 matris
644 1427 793 1455 eorum
814 1411 846 1456 3.
882 1409 1014 1466 Quod
1053 1408 1202 1471 utique
1231 1408 1442 1466 injustum
1477 1419 1601 1463 essct,
1626 1408 1659 1452 si

272 1493 504 1547 peccatum
529 1481 736 1541 originale
757 1498 842 1526 non
862 1491 981 1527 esset.

338 1554 416 1599 Vl.
446 1554 545 1599 JUL.
577 1574 594 1594 (ι
625 1552 909 1615 Quanquam,
936 1569 961 1596 o
986 1549 1215 1596 infelicitas
1250 1548 1405 1594 erroris
1443 1548 1651 1596 humani!

271 1623 407 1670 nimio
431 1624 614 1686 quippe.
642 1623 919 1686 perpendens
938 1623 1076 1685 ipsam
1109 1620 1338 1666 conflictus
1367 1620 1500 1665 nostri
1518 1621 1654 1666 ratio-

271 1712 389 1749 nem,
420 1694 570 1740 dolore
587 1694 833 1745 concutior,
863 1693 1136 1756 potuisse-ne
1157 1692 1242 1737 hoc
1267 1691 1312 1736 in
1331 1690 1656 1736 dubitationem

272 1765 436 1819 venire,
459 1776 589 1828 atque
607 1764 835 1809 assertione
855 1764 968 1809 hanc
998 1763 1181 1822 eguissse
1206 1778 1379 1806 causam
1407 1778 1417 1805 :
1442 1761 1651 1824 potuisse,

270 1836 451 1898 inquam
485 1835 528 1880 in
552 1833 765 1883 Ecclesiis.
792 1852 891 1897 quae
913 1833 1090 1880 Christo
1115 1850 1157 1877 se
1190 1831 1365 1877 credere
1388 1830 1650 1887 faterentur,

272 1906 486 1961 dubitari,
515 1916 661 1952 utrum
690 1907 805 1950 Deus
823 1908 957 1964 juste,
989 1903 1034 1950 id
1066 1913 1143 1958 est,
1183 1901 1500 1948 rationabiliter
1528 1902 1654 1962 judi-

270 1987 402 2023 caret.
435 1997 456 2018 ›>

337 2049 452 2094 Aue.
484 2047 600 2103 Quia
625 2047 713 2092 hoc
747 2065 834 2092 non
871 2046 1104 2091 dubitatur
1125 2083 1136 2101 ,
1185 2045 1283 2090 ideo
1316 2045 1529 2107 scriptum
1569 2056 1647 2100 est,

270 2135 399 2179 grave
420 2121 576 2177 jugum
591 2133 678 2162 esse
701 2134 830 2179 super
849 2117 960 2162 filios
980 2117 1118 2162 Adam
1145 2134 1166 2160 a
1190 2115 1260 2160 die
1284 2116 1418 2160 exitus
1438 2115 1491 2160 de
1504 2125 1651 2161 ventre

268 2189 420 2235 matris
454 2203 620 2234 eorum.
652 2189 802 2251 Neque
823 2187 938 2233 enim
974 2187 1125 2233 melior
1148 2197 1210 2231 est
1233 2185 1464 2246 Pelagiana
1481 2223 1495 2242 ,
1515 2203 1648 2250 quam

266 2258 552 2306 ecclesiastica
577 2258 800 2321 sapientia.

283 2346 287 2350 “
332 2330 431 2377 Vll.
459 2335 555 2376 JUL.
588 2349 608 2371 (ι
638 2329 720 2374 Sed
743 2329 871 2374 nimis
888 2345 980 2374 sum
1002 2329 1094 2392 ipsa
1115 2345 1258 2374 reruni
1285 2329 1649 2389 reverentia‚ejus

265 2402 418 2465 quade
438 2401 581 2460 agitur
607 2401 899 2446 contentionis
913 2401 1088 2447 oblitus
1122 2401 1261 2446 Miror
1277 2400 1389 2445 enim
1411 2401 1571 2460 ambigi
1593 2400 1647 2446 de

261 2472 341 2517 Dei
383 2472 586 2535 aequitate
612 2471 827 2534 potuisse;
866 2488 965 2517 cum
1002 2482 1170 2517 constet
1194 2471 1237 2516 in
1263 2470 1644 2517 'fi-adueianorum

260 2542 489 2606 synagogis
511 2542 627 2590 nihil
647 2541 700 2589 de
719 2547 809 2603 eJus
831 2542 1063 2606 iniquitate
1082 2542 1292 2589 dubitari.
1321 2565 1340 2585 >)

309 2625 488 2659 *Ambrust
507 2625 563 2659 tib.
590 2638 619 2665 7.
634 2625 667 2658 in
685 2624 759 2658 Luc.
777 2638 806 2660 e.
830 2628 881 2659 15.
900 2646 938 2652 --
959 2625 973 2648 ²
996 2624 1071 2658 Luc.
1086 2638 1154 2670 xix,
1173 2638 1229 2661 20.
1249 2645 1285 2650 -ο-
1306 2624 1319 2648 3
1339 2626 1433 2660 Eccti.
1450 2638 1503 2664 xc,
1531 2638 1558 2656 1.
