1824 3236
263 238 356 283 510
687 248 721 278 s.
767 247 1012 278 Auous’rtm
1049 246 1252 278 Erlscort

267 342 287 361 »
313 315 530 363 nostraml
557 333 567 360 ;
594 336 613 356 »
653 325 695 360 et
737 314 879 360 denuo
916 314 969 360 de
1008 315 1226 361 muliere:
1264 335 1285 355 α
1318 313 1460 370 Dixit,
1502 314 1643 377 inquit

264 412 284 431 »
306 389 420 434 Deus
449 405 459 432 :
492 388 591 432 Non
610 396 672 431 est
691 386 858 431 bonum
880 403 966 432 esse
990 386 1129 432 solum
1153 385 1402 441 hominem,
1434 384 1644 430 faciamus

264 482 284 503 ))
304 460 340 506 ei
366 458 633 519 adjutorium
646 457 784 504 simile
803 457 911 504 sui2.
935 479 954 499 n
975 459 1128 503 Postea
1141 473 1243 504 vero
1261 474 1391 520 quam
1406 456 1640 511 factisunt‚

264 552 284 573 «
308 529 534 576 Benedixit
551 529 633 586 eis,
656 528 824 592 inquit,
853 528 1000 575 dicens
1022 546 1033 573 :
1062 529 1274 585 Crescite,
1301 538 1343 574 et
1373 526 1646 591 multiplica-

263 622 284 646 ι)
308 600 442 656 mini,
480 610 522 646 et
546 599 724 663 implete
754 610 912 645 terram
930 599 961 647 ὃ.
995 621 1014 641 »
1042 600 1286 662 Antequam
1322 598 1613 645 conderentur
1631 633 1642 653 ‚

262 689 351 719 non
372 682 433 717 est
447 671 614 717 dictum
632 707 642 727 ,
666 670 1033 734 multiplicentur,
1051 670 1123 716 sed
1139 706 1149 726 ,
1178 670 1254 715 fiat
1272 669 1406 716 homo
1433 688 1443 714 :
1470 679 1647 733 postea-

262 759 397 807 quam
412 742 550 788 extitit
573 741 652 806 qui
675 743 892 805 acciperet
915 741 1207 796 incrementa,
1231 751 1543 804 consequenter
1566 738 1648 784 ad-

258 813 404 874 jungit
436 831 447 858 :
477 834 497 856 c<
523 812 740 869 Crescite,
775 823 817 858 et
850 812 1243 876 multiplicamini,
1280 822 1321 857 et
1354 810 1532 875 implete
1566 820 1649 856 ter-

263 906 283 928 »
308 902 415 931 ram.
443 905 464 925 »
488 885 586 930 Hoc
606 884 753 946 itaque
780 883 931 930 ordine
963 883 1146 944 gemitus
1169 882 1514 947 parturitionum
1533 917 1544 937 ‚
1573 879 1652 943 qui

261 955 503 1002 secundum
526 965 730 1000 naturam
750 954 891 1001 fuerat
910 992 921 1008 ,
956 955 1016 1001 ita
1036 955 1082 1001 in
1107 953 1338 1000 hominum
1359 951 1620 1016 corporibus
1636 985 1647 1007 ,

264 1026 377 1072 sicut
399 1025 444 1071 in
476 1025 709 1089 pecoribus
732 1025 957 1072 institutus
975 1062 985 1082 ,
1007 1042 1096 1071 non
1119 1025 1325 1072 conditur
1346 1024 1391 1071 in
1426 1024 1517 1069 Eva
1537 1059 1547 1079 ,
1578 1020 1654 1067 sed

262 1097 447 1153 crescit,
480 1106 528 1142 ut
563 1095 777 1160 peculiari
809 1097 1053 1158 granditate
1079 1097 1364 1143 excitatorum
1398 1093 1655 1153 affligeretur

264 1187 491 1231 angorum.
533 1171 623 1216 Nec
657 1180 802 1216 tamen
832 1171 886 1217 ad
922 1182 1106 1236 posterae
1140 1170 1279 1218 aetatis
1303 1168 1533 1222 foeminas,
1572 1163 1656 1211 nisi

263 1240 452 1287 naturali
466 1239 765 1287 mediocritate
787 1252 827 1287 et
852 1259 1089 1307 corporum
1112 1242 1319 1289 varietate
1337 1238 1646 1304 pertingerent.

264 1311 333 1357 lbi
359 1327 460 1371 ergo
481 1348 491 1363 ,
514 1327 601 1356 non
626 1322 673 1356 ut
696 1310 860 1358 doleret
885 1313 931 1358 in
955 1312 1168 1376 pariendo
1193 1310 1367 1366 mulier,
1396 1309 1450 1355 de
1471 1317 1654 1372 peccato

264 1381 375 1436 fuit3
399 1381 473 1427 sed
498 1393 546 1427 ut
565 1382 692 1428 nimis
720 1382 908 1430 doleret:
933 1384 1046 1430 sicut
1068 1384 1198 1430 etiam
1221 1381 1494 1446 temporibus
1509 1378 1654 1425 diver-

265 1453 320 1499 sis
339 1452 588 1498 debilitates
607 1470 844 1517 corporum
864 1472 946 1518 pro
965 1454 1157 1519 peccatis
1170 1491 1180 1510 ‚
1199 1451 1463 1517 quibusdam
1474 1449 1657 1510 legimus

268 1523 472 1570 accidisse
497 1541 508 1568 :
536 1523 610 1569 sed
634 1539 723 1571 non
757 1524 832 1570 illa
871 1525 1097 1589 ampliatio
1124 1523 1395 1570 miseriarum
1432 1521 1656 1585 parcimo-

273 1596 390 1642 niam
413 1594 534 1640 modi
565 1594 774 1640 naturalis
809 1597 975 1642 evertit.
1009 1596 1098 1642 Nec
1132 1606 1276 1641 tamen
1301 1593 1447 1640 omnia
1483 1608 1583 1656 quae
1612 1591 1658 1637 in

271 1666 421 1714 eadem
441 1666 651 1713 sententia
667 1667 965 1724 continentur,
983 1665 1366 1714 animadvertentis
1375 1664 1521 1724 vigore
1539 1663 1659 1709 clau·

273 1738 454 1784 duntur.
473 1738 694 1783 Caeterum
713 1738 918 1801 quaedam
932 1739 994 1785 ibi
1007 1756 1106 1802 pars
1123 1738 1290 1784 indicat
1303 1736 1525 1792 meritum,
1544 1750 1659 1797 quae—

274 1809 374 1855 dam
387 1807 582 1868 designat
594 1807 783 1854 officium
793 1846 800 1855 .
812 1809 1161 1874 «titultililicans,
1177 1809 1337 1872 inquit,
1350 1805 1658 1870 multiplicabo

274 1902 295 1923 >⁷
317 1879 510 1926 tristitias
529 1890 623 1926 tuas
641 1890 682 1926 et
699 1879 906 1940 gemitum
929 1892 1069 1937 tuum,
1088 1880 1134 1926 in
1149 1878 1323 1926 tristitia
1340 1877 1481 1942 paries
1493 1876 1619 1922 filios.
1639 1896 1659 1917 υ

277 1952 378 1997 Huc
398 1967 535 2014 usque
558 1950 664 1996 ultio
680 1987 690 2006 ,
714 1966 846 2015 quam
870 1968 958 1997 non
983 1962 1165 2010 natura,
1182 1950 1256 1997 sed
1279 1966 1463 2014 persona
1480 1963 1661 2012 prome-

277 2023 379 2070 ruit.
406 2023 429 2067 J
436 2039 504 2068 am
527 2022 634 2068 hinc
649 2022 907 2086 simpliciter
927 2023 1174 2087 posterioris
1197 2038 1317 2068 sexus
1341 2036 1500 2066 munus
1517 2029 1663 2066 osten-

278 2093 398 2140 ditur
420 2111 431 2138 :
454 2114 475 2135 (ε
496 2092 563 2140 Ad
589 2093 731 2140 virum
746 2131 757 2150 ‚
781 2093 950 2157 inquit,
979 2105 1104 2140 tuum
1124 2093 1348 2141 conversio
1373 2102 1447 2138 tua
1465 2128 1476 2147 ‚
1509 2090 1663 2153 etipse

282 2187 303 2208 »
331 2165 392 2210 tui
418 2164 735 2211 dominabitur.
767 2187 787 2206 »
812 2165 909 2211 Hoc
932 2166 1138 2212 nimirum
1178 2182 1266 2211 non
1290 2172 1458 2227 spectat
1482 2161 1535 2207 ad
1564 2177 1663 2225 poe·

281 2254 413 2294 nam,
443 2236 564 2301 quod
600 2236 680 2282 nisi
719 2247 852 2294 esset,
894 2248 1106 2301 spectaret
1145 2237 1200 2283 ad
1239 2236 1417 2299 culpam
1449 2253 1460 2279 z
1492 2244 1542 2280 ut
1571 2233 1664 2280 viro

283 2311 451 2374 quippe
470 2309 627 2354 mulier
640 2308 836 2354 modesto
857 2309 1074 2355 subdatur
1097 2310 1251 2354 affectu
1272 2345 1282 2365 ,
1314 2307 1420 2354 ordo
1440 2317 1501 2353 est
1516 2343 1527 2362 ,
1555 2321 1665 2368 sup·-

286 2381 468 2444 plicium
495 2397 585 2426 non
616 2391 692 2427 est.
738 2380 885 2443 Caput
919 2380 1060 2439 enim,
1094 2379 1335 2426 secundum
1375 2376 1689 2443 Apostolum9'

287 2451 504 2514 inulieris‘„
527 2450 647 2506 vir-'⁸;
674 2452 776 2516 quia
809 2469 896 2497 non
924 2462 986 2498 est
1005 2463 1174 2499 creatus
1205 2452 1340 2498 homo
1362 2460 1544 2515 propter
1566 2463 1667 2495 mu-

335 2572 344 2594 ¹
367 2575 435 2605 Gru
469 2585 494 2613 1,
512 2574 564 2606 26.
582 2591 621 2598 —-
639 2571 653 2595 2
672 2571 718 2605 td.
740 2583 780 2612 11,
802 2572 853 2605 18.
871 2590 914 2596 —
929 2569 1012 2608 31d.
1036 2572 1144 2613 1,Ξὸι
1166 2590 1209 2598 —
1230 2569 1243 2594 4
1260 2570 1376 2616 Eplies.
1395 2581 1424 2611 v,
1442 2572 1497 2605 23.
