1863 3262
185 282 342 315 OPERIS
376 282 640 317 IMPERFECTI
675 283 850 316 CONTRA
883 288 1128 332 JULIANUM,
1166 292 1254 324 ΗΒ.
1297 295 1366 327 111.
1442 282 1496 330 51,

196 350 330 399 LXV.
372 351 398 397 J
406 367 471 398 η,
513 371 534 391 «
559 353 672 396 Cum
693 366 793 396 vero
817 369 904 399 non
921 354 1103 402 diversae
1129 362 1414 419 generationis
1438 363 1504 412 di-

132 438 278 471 versus
302 432 443 474 tamen
466 431 693 484 appareret
724 431 857 468 status
867 442 877 480 3
903 424 1122 473 relucebat
1146 446 1324 492 prorsus
1341 470 1352 489 ‚
1376 434 1504 482 etiam

131 494 177 541 in
198 494 272 546 illo
296 493 499 554 conjugio
514 530 525 549 ,
550 495 675 552 cujus
698 494 835 546 reatui
866 495 1035 542 soboles
1058 514 1135 544 sua
1152 504 1507 552 communicave-

130 576 222 622 rat,
247 563 565 625 generationem
588 580 677 608 non
699 562 827 610 fuisse
849 566 1061 615 vitiatam.
1088 589 1108 610 »

194 637 309 683 Ace.
354 634 445 682 Etsi
467 634 635 683 diversa
653 636 869 694 generatio
888 655 976 683 non
1002 649 1088 695 est,
1111 656 1213 687 cum
1236 644 1436 697 morituri
1460 663 1506 695 ex

128 707 350 754 morituris
369 716 609 752 nascuntur
630 723 640 750 :
666 715 807 755 tamen
823 708 942 770 quod
959 709 1066 755 dicit
1086 712 1320 774 Apostolus
1337 731 1348 758 :
1364 736 1384 756 ε(
1402 716 1508 768 Cor-

127 798 149 821 »
171 795 256 841 pus
276 777 453 844 quidem
469 787 691 826 mortuum
711 788 772 822 est
791 790 975 842 propter
997 782 1256 844 peccatum1
1270 820 1281 840 ‚
1309 806 1328 826 >2
1345 802 1433 833 non
1450 785 1505 834 ad

127 847 232 893 alios
256 859 421 911 patres,
454 847 526 892 sed
558 846 613 892 ad
641 846 765 893 illum
787 850 998 912 pertinet,
1027 851 1102 915 qui
1128 862 1247 898 tanta
1278 853 1499 919 impietate

124 919 353 984 peccavit,
381 928 586 982 quantam
617 935 695 962 nos
720 919 861 964 metiri
885 931 1012 984 atque
1035 922 1249 969 aestimare
1281 942 1368 971 non
1396 943 1496 990 pos,

123 1006 285 1043 sumus,
318 989 403 1042 Sed
416 988 757 1053 quantamillam
773 990 1037 1050 judicaverit
1053 994 1169 1040 Deus
1185 1031 1195 1050 ,
1220 996 1320 1042 satis
1338 996 1503 1045 idoneis

123 1059 358 1113 didicimus
383 1060 586 1115 testibus,
619 1070 660 1104 et
686 1059 836 1106 divina
869 1062 1033 1110 scilicet
1060 1064 1290 1129 Scriptura
1308 1104 1318 1122 ,
1346 1078 1387 1113 et
1410 1069 1504 1131 ipsa

123 1130 286 1190 generis
308 1130 494 1183 humani
520 1130 690 1176 miseria
709 1167 720 1187 ‚
742 1142 948 1195 quantam
975 1151 1056 1196 pro
1079 1146 1257 1198 peccato
1281 1140 1372 1196 ejus
1398 1156 1506 1201 pro-

121 1202 271 1265 pagini
302 1205 416 1262 ejus,
449 1217 538 1246 non
575 1199 737 1259 injusto
769 1201 920 1266 utique
946 1203 1118 1263 Judicio
1147 1205 1251 1261 Dei,
1290 1207 1504 1261 redditam

122 1272 338 1324 cernimus
356 1289 365 1316 :
385 1271 463 1335 qui
495 1288 581 1316 non
613 1270 713 1316 dico
742 1282 948 1318 aeternam
969 1285 1010 1319 et
1035 1274 1192 1325 animae
1218 1285 1260 1323 et
1282 1278 1500 1340 corporis,

119 1342 194 1396 sed
220 1360 299 1391 nec
330 1340 615 1404 temporalem
641 1342 836 1404 corporis
862 1355 1047 1390 mortem
1064 1382 1076 1401 ,
1105 1362 1184 1391 nec
1214 1356 1278 1392 tot
1306 1358 1349 1393 et
1382 1359 1498 1401 tanta

118 1413 232 1468 mala
251 1430 353 1477 quae
370 1412 566 1461 videmus
587 1411 794 1475 parvulos
813 1414 1010 1478 perpeti,
1039 1415 1167 1461 etiam
1201 1416 1245 1462 in
1268 1418 1471 1481 paradiso
1487 1457 1498 1474 ‚

119 1484 153 1530 si
170 1501 296 1532 nemo
316 1492 553 1551 peccasset,
574 1481 724 1531 futura
738 1482 867 1528 fuisse
885 1483 1089 1542 dicimus,
1111 1487 1321 1551 quoniam
1344 1490 1501 1537 Chris—

119 1555 224 1608 tiani
242 1571 404 1609 sumus,
430 1553 514 1605 Alii
534 1571 636 1600 vero
660 1565 806 1616 patres
823 1555 952 1602 etiam
976 1557 1011 1602 si
1033 1558 1170 1605 multa
1192 1571 1377 1622 peccant
1393 1598 1403 1617 ,
1432 1572 1501 1608 ta-

116 1643 216 1676 men
242 1626 347 1690 quia
379 1635 421 1671 ct
444 1624 588 1671 anima
629 1624 803 1673 infirma
822 1663 832 1682 ,
860 1636 902 1671 et
935 1626 982 1672 in
1009 1644 1193 1691 corpore
1218 1631 1500 1695 corruptibili

115 1695 237 1761 quod
262 1707 465 1757 aggravat
482 1696 672 1741 animam
688 1733 698 1752 ,
731 1707 938 1759 peccant3
959 1715 1040 1744 nec
1062 1700 1255 1761 peccatis
1277 1718 1428 1750 corum
1449 1704 1498 1754 fit

115 1779 269 1821 natura
293 1767 530 1824 moritura,
571 1777 613 1812 et
641 1778 820 1830 peccata
845 1785 992 1814 eorum
1027 1770 1071 1815 in
1104 1770 1241 1827 filios,
1277 1773 1496 1837 supplicio

113 1840 240 1899 longe
267 1839 436 1885 diverso
469 1847 510 1884 et
544 1837 670 1897 longe
704 1838 870 1883 minore
893 1839 1161 1896 redduntur,
1197 1844 1286 1901 eJus
1322 1845 1495 1897 occulto

108 1915 315 1973 justoque
333 1908 504 1971 judicio
523 1945 535 1964 ,
561 1908 638 1971 qui
661 1907 705 1953 in
732 1925 929 1954 mensura
960 1920 1000 1955 et
1022 1927 1203 1957 numero
1227 1922 1269 1959 et
1301 1915 1493 1975 pondere

114 1993 272 2036 cuncta
287 1979 524 2042 disponit2‚
540 1988 581 2022 et
596 1998 615 2018 α
627 1977 828 2024 Reddam
848 1991 1025 2042 peccata
1042 1992 1218 2044 patrum
1231 1981 1277 2027 in
1291 1983 1401 2031 filios
1415 1985 1451 2043 3,
1469 2009 1490 2029 ›>

113 2071 201 2108 non
226 2050 493 2101 mendaciter
518 2047 641 2094 dicit.

175 2121 333 2175 LXVI.
375 2121 475 2165 Jur.
518 2138 538 2160 ε(
567 2116 688 2174 Quid
707 2118 841 2178 igitur
872 2130 1017 2165 actum
1045 2123 1140 2167 est?
1166 2120 1378 2172 Videlicet
1398 2138 1487 2176 tarn

111 2204 276 2241 certum
304 2207 390 2237 esse
418 2187 645 2234 traducem
678 2205 768 2234 non
796 2206 881 2235 esse
908 2190 1103 2253 peccati,
1138 2201 1186 2238 ut
1217 2192 1382 2243 etiamsi
1411 2199 1489 2246 do-

111 2283 246 2317 ceres,
267 2271 450 2327 propter
473 2259 579 2306 Adae
598 2271 830 2323 peccatum
845 2261 955 2307 filios
974 2262 1150 2324 puniri,
1179 2277 1394 2316 constaret
1413 2281 1483 2318 ta-.

109 2353 210 2391 men
230 2333 396 2387 innasci
419 2342 601 2395 peccata
627 2348 717 2377 non
744 2349 891 2396 posse,
919 2349 998 2378 nec
1018 2333 1182 2380 crimen
1201 2335 1263 2382 ire
1283 2356 1385 2395 cum
1415 2361 1484 2390 εοε-

109 2407 247 2462 mium
261 2402 438 2468 quando
454 2419 540 2447 non
556 2401 644 2447 hoc
661 2402 706 2447 in
724 2403 843 2454 omni
861 2402 1149 2450 foecunditate
1162 2423 1248 2452 esse
1262 2407 1452 2459 fatereris
1468 2433 1479 2461 :

109 2495 160 2533 ac
193 2494 272 2541 per
295 2475 404 2530 hoc,
437 2473 515 2519 etsi
539 2472 811 2524 traderentur
833 2475 1028 2538 personis
1053 2475 1156 2523 vitia
1172 2513 1183 2533 ‚
1219 2497 1306 2526 non
1341 2492 1483 2540 tamen

107 2547 398 2612 Qoncssptibus
417 2547 711 2598 miscerentur.
742 2547 872 2597 Nunc
893 2557 1038 2592 autem
1057 2563 1160 2600 cum
1170 2548 1284 2601 inter
1298 2569 1368 2607 me
1383 2567 1425 2605 et
1442 2569 1484 2610 te

155 2632 166 2656 ²
183 2634 277 2664 Rom.
289 2641 367 2671 vm,
385 2640 438 2664 10.
455 2646 503 2654 —
516 2626 533 2651 ²
548 2631 621 2673 Sap.
638 2639 683 2669 xx,
702 2640 757 2662 21.
772 2647 812 2654 —
833 2626 848 2653 3
866 2632 959 2662 Deut.
979 2640 1008 2669 v,
1027 2641 1061 2671 9.

1309 2687 1352 2742 4.
