1824 3236
201 299 357 329 OPERIS
394 299 656 330 IMPERFECTI
695 300 869 330 CONTRA
898 302 1144 343 JULIANUM,
1182 303 1270 333 LIB.
1311 304 1372 334 vl.
1431 287 1523 351 559

146 362 258 408 illud
281 380 434 423 negare
452 381 541 409 non
564 374 791 428 poterant3
820 364 906 411 hoc
927 384 1101 431 quoque
1130 367 1348 415 debebant
1376 369 1520 416 ablata

147 430 330 492 caligine
347 435 559 480 confiteri.
589 434 699 479 Nam
725 435 759 480 si
782 447 962 498 propter
986 438 1177 501 aliquam
1199 439 1366 484 Christi
1391 439 1518 486 diffe-

145 503 327 549 rentiam
345 540 356 561 ,
378 516 492 551 recte
511 505 595 550 sibi
614 504 813 552 homines
837 507 1039 554 videntur
1062 510 1420 556 resurrectionem
1440 528 1519 557 ne-

146 586 245 633 gare
267 586 539 621 mortuorum
563 613 574 631 ,
602 586 643 622 et
668 586 811 622 tamen
839 579 1196 626 resurrectionem
1225 581 1403 627 Domini
1431 598 1517 627 non

145 662 329 704 negare3
360 656 544 710 possunt
577 656 618 692 et
651 646 733 693 alia
764 647 907 694 dicere
926 686 936 705 ‚
971 666 1072 713 quae
1098 649 1236 696 multa
1259 653 1516 715 reperiunt,

144 716 306 779 quibus
328 734 516 763 errorem
540 733 666 764 suum
695 716 924 765 defendere
949 720 1033 765 sibi
1057 721 1297 769 videantur.
1337 721 1459 779 Quid
1485 723 1519 768 si

143 787 282 842 enim,
306 801 406 833 cum
432 788 674 847 audierint,
713 789 758 835 Si
789 790 951 836 mortui
983 807 1070 836 non
1095 803 1324 853 resurgunt
1342 831 1352 847 ‚
1379 809 1519 857 neque

140 858 367 904 resurrexit
394 859 626 915 Christus3
651 860 940 924 respondeant
964 869 1006 908 et
1027 861 1178 908 dicant
1198 900 1209 918 ‚
1241 863 1325 908 Sed
1344 863 1413 909 ille
1430 881 1518 909 non

142 938 314 975 tantum
333 929 468 975 homo
488 968 498 986 ‚
530 931 811 977 verumetiam
836 932 951 977 Deus
970 942 1060 987 est;
1088 932 1207 996 quod
1227 932 1409 979 aliorum
1431 933 1519 979 ho-

142 998 309 1045 minum
334 1003 490 1047 nemo?
514 1000 591 1047 Ille
607 1001 848 1048 secundum
867 1002 1012 1065 ipsum
1030 1002 1253 1049 hominem
1272 1003 1326 1050 de
1350 1005 1517 1068 Spiritu

141 1080 290 1115 sancto·
308 1081 434 1117 natus
447 1081 488 1117 et
504 1089 550 1118 ex
569 1073 734 1133 virgine
754 1073 892 1118 Maria
909 1093 919 1127 3
945 1073 1064 1137 quod
1087 1074 1269 1121 aliorum
1286 1075 1514 1122 hominum

141 1152 295 1187 nemo:
318 1142 389 1188 ille
405 1152 662 1207 potestatem
687 1144 848 1190 habuit
870 1144 1064 1208 ponendi
1089 1146 1278 1192 animam
1302 1163 1422 1192 suam
1437 1183 1448 1203 ,
1474 1157 1517 1193 et

139 1211 297 1259 iterum
323 1215 520 1262 sumendi
543 1215 691 1274 eam13
728 1215 847 1279 quod
873 1216 1058 1262 aliorum
1093 1216 1325 1263 hominum
1353 1236 1480 1264 nemo
1502 1237 1514 1264 :

142 1283 251 1346 quid
272 1302 372 1346 ergo
402 1286 563 1333 mirum
581 1325 592 1345 ‚
621 1289 655 1333 si
681 1305 704 1333 a
734 1287 914 1333 mortuis
943 1304 1161 1349 resurgere
1196 1290 1369 1353 potuit;
1397 1289 1517 1353 quod

142 1352 324 1401 aliorum
343 1356 574 1404 hominum
598 1358 930 1421 poteritnemo?
950 1358 995 1403 Si
1011 1375 1110 1418 ergo
1123 1358 1202 1405 ista
1223 1359 1396 1418 dicant,
1415 1363 1518 1424 quia

140 1425 368 1473 Christum
387 1428 525 1475 solum
549 1429 823 1474 resurrexisse
847 1428 1112 1485 concedunt,
1140 1441 1320 1476 caeteros
1339 1430 1515 1488 nolunt3

141 1498 359 1562 numquid
387 1499 486 1546 ideo
517 1500 611 1546 illas
642 1500 805 1546 Christi
832 1510 921 1545 tam
946 1517 1121 1560 magnas
1143 1518 1165 1546 a
1189 1502 1355 1548 caeteris
1388 1501 1516 1547 diffe-

141 1569 298 1616 rentias
319 1571 515 1631 negaturi
542 1586 690 1616 sumus
708 1608 718 1625 ‚
746 1581 796 1616 ut
823 1569 1008 1615 aliorum
1031 1586 1207 1634 quoque
1241 1582 1517 1618 mortuorum

140 1641 494 1687 resurrectionem
516 1641 569 1686 de
599 1641 766 1686 Christi
783 1656 884 1686 cum
912 1640 970 1685 eis
992 1640 1241 1703 aequalitate
1259 1642 1518 1705 persuadere

140 1711 382 1774 possimus?
408 1712 479 1758 Sic
517 1729 618 1773 ergo
642 1729 722 1758 nec
755 1713 880 1757 istam
912 1710 1200 1758 differentiam
1225 1712 1480 1773 denegantes
1501 1750 1513 1768 ,

139 1794 226 1844 qua
263 1781 455 1828 fatemur
497 1783 631 1828 solam
669 1799 846 1828 carnem
883 1781 1076 1838 Christi,
1116 1799 1204 1828 non
1242 1793 1291 1828 ut
1327 1783 1510 1829 aliorum

136 1852 265 1898 fuisse
286 1870 460 1899 carnem
483 1852 678 1916 peccati,
703 1851 777 1897 sed
798 1851 939 1904 carnis
958 1852 1127 1914 peccati
1151 1851 1480 1899 similitudinem
1499 1873 1511 1907 3

139 1939 225 1968 non
248 1922 346 1968 ideo
370 1934 516 1969 tamen
539 1923 674 1968 solam
704 1922 978 1968 resurrexisse
995 1959 1005 1978 ,
1035 1920 1107 1967 sed
1133 1922 1315 1968 aliorum
1340 1941 1514 1988 quoque

140 2003 474 2039 resurrecturam
492 2011 578 2039 esse
598 1992 874 2039 defendimus
887 2029 898 2048 ‚
926 2002 968 2037 et
981 1992 1041 2037 sic
1061 1991 1335 2039 defendimus
1352 2031 1363 2050 ‚
1381 2005 1430 2039 ut
1449 1993 1515 2040 di-

140 2075 290 2110 camus
314 2064 433 2128 quod
456 2064 687 2128 Apostolus
707 2063 813 2109 dixit
832 2100 843 2120 ‚
872 2084 893 2104 «
914 2063 959 2108 Si
977 2063 1139 2108 mortui
1157 2080 1246 2109 non
1263 2070 1510 2125 resurgunt,

141 2157 162 2177 ))
182 2142 321 2198 neque
352 2135 555 2181 Christus
577 2135 804 2181 resurrexit
826 2152 836 2180 ε
861 2134 1092 2180 resurrexit
1116 2145 1258 2180 autem
1280 2135 1480 2182 Christus
1500 2156 1512 2191 3

141 2225 162 2246 n
185 2216 416 2266 resurgunt
439 2206 570 2266 igitur
601 2205 809 2251 mortui2.
830 2225 851 2246 n
875 2205 1025 2268 Neque
1058 2205 1171 2250 enim
1203 2205 1306 2268 quia
1331 2224 1418 2252 non
1440 2222 1515 2253 ea—

139 2274 238 2322 dem
261 2277 424 2323 suntin
448 2287 631 2340 utraque
651 2293 781 2322 carne
809 2275 986 2335 originis
1005 2275 1156 2321 merita
1174 2313 1185 2331 ‚
1220 2275 1318 2322 ideo
1343 2295 1431 2323 non
1455 2281 1516 2324 est

139 2347 286 2393 eadem
309 2354 479 2394 terrena
499 2348 780 2410 mortalisque
799 2347 1053 2393 substantia.
1075 2346 1219 2392 Habet
1240 2346 1415 2410 quidem
1430 2348 1515 2395 dif-

138 2418 363 2465 ferentiam
380 2428 501 2466 suam
521 2418 761 2464 similitudo
776 2418 916 2463 carnis
938 2417 1127 2480 peccati,
1153 2433 1238 2480 qua
1256 2416 1517 2464 discernitur

140 2502 162 2535 a
180 2498 310 2536 carue
327 2491 522 2554 peccati:
543 2489 616 2536 sed
631 2489 743 2535 absit
756 2488 1073 2534 utChristuseis
1091 2504 1133 2533 se
1150 2488 1366 2551 disparem
1385 2488 1517 2536 faciat

139 2561 417 2621 resurgendo,
439 2561 601 2624 quibus
627 2577 670 2606 se
687 2558 826 2607 voluit
848 2574 1020 2624 aequare
1050 2558 1289 2607 moriendo.
1320 2559 1418 2606 Non
1436 2560 1514 2607 ita-

187 2643 197 2664 ¹
222 2654 233 2673 1
257 2645 355 2678 Joau.
373 2655 403 2683 x,
425 2644 476 2675 18.
494 2641 569 2667 —2
587 2654 598 2674 ι
617 2644 689 2675 Cor.
705 2653 757 2681 xv,
781 2643 834 2676 16.
