1824 3236
310 254 400 308 3142
719 267 752 296 s.
798 265 1040 297 Acncsrnu
1076 264 1278 296 EPISCOPI

309 333 578 379 miserandus
594 332 807 378 exorbitas
826 370 835 381 .
854 343 895 377 et
917 332 1204 392 vagabundus
1225 341 1400 377 ventosa
1427 331 1687 395 loquacitate

310 414 515 466 tanquam
539 403 1005 466 tempestatejactarisg
1030 414 1069 448 et
1090 404 1186 448 vide
1211 402 1580 466 quemadmodum
1599 402 1688 447 dic-

309 483 402 519 tum
426 473 478 519 sit
495 510 504 526 ‚
537 472 705 528 «Quod
732 473 960 536 quaerebat
982 473 1114 518 lsrael
1136 510 1145 518 .
1179 473 1262 518 hoc
1284 490 1370 518 non
1397 484 1458 518 est
1477 489 1689 518 consecu-

310 565 331 585 »
352 555 420 589 tus
437 564 449 596 ς
469 544 621 589 electio
643 554 785 589 autem
810 555 1047 589 consecuta
1080 554 1140 588 est
1159 581 1168 597 ,
1196 544 1341 589 caeteri
1365 561 1464 589 vero
1492 543 1691 588 excaecati

309 624 476 668 »suntg
519 614 630 659 sicut
661 615 876 678 scriptum
914 625 1007 667 est,
1057 614 1186 658 Dedit
1225 614 1307 658 illis
1339 615 1451 659 Deus
1487 613 1690 676 spiritum

313 685 704 747 »compunctionis
722 722 731 734 ,
761 685 912 730 oculos
939 695 985 729 ut
1010 701 1097 728 non
1124 683 1318 732 videant.
1343 695 1383 728 et
1404 701 1522 729 aures
1543 694 1588 728 ut
1605 699 1691 727 non

314 775 334 794 >³
358 754 568 803 audiant.
596 771 730 818 usque
767 756 810 800 in
848 754 1110 799 hodiernum
1146 753 1275 800 diem.
1309 755 1363 799 Et
1388 754 1529 799 David
1555 753 1688 808 dicit,

317 845 338 865 ›>
368 825 459 869 Fiat
485 842 628 870 mensa
651 843 800 871 eorum
826 827 870 870 in
894 824 1093 888 laqueum
1113 846 1124 878 ;
1152 834 1192 869 et
1216 824 1261 869 in
1285 825 1532 887 captionem
1552 862 1562 879 ‚
1589 834 1629 868 et
1651 823 1695 868 in

319 916 339 936 »
359 896 631 948 scandalum,
655 897 756 940 etin
782 895 1112 940 retributionem
1133 894 1216 939 illis
1236 914 1246 946 ;
1272 896 1563 940 obscurentur
1581 892 1697 939 oculi

320 988 337 1006 υ
359 981 508 1010 eorum
528 983 581 1010 ne
597 965 788 1019 videant‚
809 976 851 1010 et
865 965 1042 1010 dorsum
1063 965 1237 1009 illorum
1261 982 1429 1028 semper
1443 963 1698 1010 i11cu1·va¹.»

320 1036 479 1099 Aspice
506 1036 634 1081 etiam
659 1037 780 1082 illum
806 1037 848 1081 in
882 1036 1113 1096 Evangelio
1141 1054 1151 1081 z
1189 1058 1208 1077 c<
1232 1038 1499 1099 Propterea,
1531 1035 1699 1098 inquit,

321 1128 340 1148 »
362 1124 448 1151 non
469 1118 672 1170 poterant
697 1107 894 1163 credere,
921 1107 1023 1170 quia
1052 1107 1208 1153 iterum
1235 1107 1342 1152 dixit
1366 1109 1522 1163 Isatas,
1548 1107 1701 1150 Excae-

317 1198 340 1219 »
361 1178 475 1222 cavit
511 1178 660 1223 ocutos
696 1195 844 1224 eorum
869 1213 880 1230 ‚
909 1189 950 1223 et
974 1177 1197 1223 induravit
1223 1195 1372 1223 eorum
1414 1195 1490 1223 cor
1509 1214 1519 1231 ‚
1549 1187 1702 1222 utnon

321 1269 341 1288 »
369 1248 545 1293 videant
567 1248 704 1293 oculis
723 1285 733 1303 ‚
764 1265 841 1294 nec
869 1248 1111 1308 intelligant
1136 1248 1284 1302 corde,
1303 1259 1345 1293 et
1372 1257 1699 1293 convertantur.

322 1339 342 1360 n
365 1329 405 1363 et
426 1335 572 1363 sanem
598 1336 667 1364 eos
687 1319 720 1365 2.
748 1341 767 1360 >³
789 1320 897 1364 Haec
928 1319 1294 1374 commemoravi,
1326 1329 1374 1364 ut
1394 1318 1606 1376 intelligas
1628 1354 1638 1370 ,
1671 1315 1706 1360 si

322 1389 475 1452 possis,
502 1390 594 1434 fieri
618 1407 692 1452 per
705 1406 885 1453 poenam
905 1389 1064 1453 procul
1085 1389 1222 1433 dubio
1237 1392 1420 1448 justam,
1448 1398 1598 1432 utnon
1617 1402 1708 1431 cre-

322 1459 429 1504 dant
456 1459 655 1504 homines
693 1471 910 1505 excaecato
946 1459 1102 1511 corde3
1133 1476 1234 1504 cum
1262 1477 1340 1522 per
1366 1457 1708 1504 misericordiam

322 1529 416 1585 fiat,
442 1540 490 1574 ut
509 1529 690 1575 credant
706 1530 842 1575 libera
861 1530 1097 1576 voluntate.
1128 1529 1237 1585 Quis
1260 1530 1373 1574 enim
1401 1529 1550 1583 nescit,
1575 1526 1710 1572 nenii-

330 1618 426 1645 nen]
453 1600 628 1646 credere
664 1602 746 1646 nisi
770 1601 908 1646 libero
939 1601 1174 1647 voluntatis
1196 1601 1405 1647 arbitrio?
1430 1600 1512 1645 Sed
1533 1608 1711 1662 paratur

325 1672 526 1718 voluntas
547 1691 569 1718 a
588 1673 774 1718 Domino
790 1673 929 1718 3:1iec
953 1673 1130 1718 omnino
1151 1673 1318 1717 eruitur
1341 1691 1361 1717 a
1382 1672 1586 1717 servitute
1601 1669 1711 1714 mala

328 1743 414 1787 suis
442 1742 604 1788 meritis
639 1743 787 1788 debita
808 1780 818 1798 ‚
855 1743 936 1788 nisi
966 1743 1143 1806 quando
1166 1760 1244 1806 per
1272 1742 1503 1802 gratuitam
1531 1741 1711 1800 gratiam

326 1824 508 1877 paratur
533 1831 555 1858 a
580 1813 788 1860 Domino.
821 1814 867 1858 Si
892 1814 1007 1858 enini
1038 1815 1151 1858 Deus
1177 1831 1223 1857 ex
1248 1813 1498 1858 nolentibus
1521 1810 1714 1856 volentes

326 1900 415 1928 non
448 1883 634 1937 faeeret3
663 1883 860 1947 profecto
897 1901 978 1947 pro
1012 1884 1070 1928 eis
1099 1884 1176 1946 qui
1210 1883 1365 1929 nolunt
1396 1881 1570 1928 credere
1590 1917 1600 1936 ,
1627 1896 1715 1924 non

330 1971 550 2000 oraremus
585 1965 633 2000 ut
657 1955 829 2002 vellent.
863 1955 995 2011 Quod
1030 1965 1071 1999 et
1107 1954 1343 2017 Apostolus
1379 1971 1420 1998 se
1456 1953 1604 1998 fecisse
1636 1967 1716 2013 pro

330 2024 783 2081 Judaeismonstravit,
814 2025 888 2070 ubi
910 2026 986 2080 ait,
1017 2026 1182 2070 Fratres
1199 2061 1209 2078 ‚
1227 2024 1342 2069 bona
1359 2023 1559 2068 voluntas
1573 2020 1718 2066 cordis

329 2097 439 2151 mei,
468 2107 508 2141 et
528 2096 775 2159 deprecatio
796 2114 874 2160 pro
903 2097 986 2142 illis
1013 2097 1065 2141 ad
1093 2098 1232 2142 Deum
1260 2096 1305 2141 in
1330 2094 1561 2141 salutem-4.
1593 2094 1717 2138 Hanc

330 2167 482 2230 utique
495 2167 673 2212 salutem
687 2168 912 2230 consequi,
936 2168 1016 2213 nisi
1037 2167 1237 2212 credente
1257 2166 1495 2220 voluntate,
1513 2182 1600 2209 non
1616 2180 1719 2227 pos-

334 2249 426 2284 sent
448 2256 459 2283 :
483 2239 569 2283 hoc
595 2255 695 2298 ergo
726 2238 879 2283 beatus
905 2237 1063 2283 Paulus
1082 2238 1235 2282 orabat
1255 2247 1301 2282 ut
1319 2236 1493 2282 vellent.
1520 2236 1575 2279 Et
1599 2234 1716 2296 epis-

329 2310 536 2373 piscopus
562 2310 810 2373 Cyprianus
835 2309 955 2372 quod
986 2309 1153 2354 dictum
1184 2319 1246 2353 est
1274 2308 1318 2353 in
1338 2306 1534 2352 oratione
1564 2303 1719 2350 Domi-

331 2380 428 2424 nica
446 2380 482 2429 5,
510 2381 602 2425 Fiat
619 2380 822 2425 voluntas
844 2390 936 2430 tua.
966 2380 1079 2426 sicut
1104 2380 1149 2424 in
1167 2378 1281 2425 coelo
1309 2389 1351 2424 et
1376 2380 1419 2424 in
1447 2388 1575 2426 terra,
1592 2375 1720 2420 etiam

331 2451 391 2497 sic
414 2451 618 2512 intelligit
639 2489 649 2508 ‚
674 2463 723 2497 ut
741 2470 822 2516 pro
841 2451 1096 2497 infidelibus
1120 2451 1310 2497 inimicis
1330 2449 1484 2496 nostris
1510 2445 1721 2493 admoniti

385 2553 393 2574 ¹
415 2555 508 2584 Rom.
543 2564 584 2587 xi.
614 2565 645 2592 7.
674 2571 719 2579 -—
744 2552 760 2575 Ἰ
787 2556 882 2586 Joan.
903 2561 1073 2589 x11.¹..--
1097 2551 1111 2575 3
1131 2557 1218 2584 Prov.
1237 2564 1312 2584 ΠΗ.
1331 2554 1420 2595 juxta
1438 2561 1509 2582 Lxx.
1529 2567 1570 2572 —-
1592 2546 1603 2570 ⁴
1623 2551 1718 2579 Rom.

333 2619 350 2638 ἲ
371 2631 377 2643 ,
401 2619 427 2638 r.
443 2625 487 2630 —
507 2606 519 2629 5
543 2608 609 2639 mh.
628 2608 668 2639 de
685 2611 775 2641 Orat.
798 2610 928 2641 Domin.
