1863 3262
303 257 394 306 208
723 271 758 301 S.
803 269 1048 301 Aucusrmi
1084 269 1289 300 Eriscom

303 358 391 386 sam
415 357 426 384 ι
455 337 527 383 sed
553 337 688 382 homo
714 353 773 392 es,
801 337 872 382 cui
892 353 980 381 non
1004 335 1176 382 videtur
1199 335 1372 380 castitas
1397 335 1580 395 integra,
1606 333 1683 382 ubi

302 408 605 469 magnitudine
627 419 669 452 et
697 407 960 470 perfectione
993 406 1233 453 voluntatis
1258 407 1390 450 bonae
1426 423 1514 451 non
1544 406 1683 452 solum

303 497 393 527 non
413 479 749 525 committuntur
769 515 779 534 ‚
805 478 877 523 sed
901 495 980 523 nec
1001 478 1247 540 cupiuntur
1272 477 1438 524 illicita.
1475 478 1585 522 Nam
1608 477 1685 540 qui

305 549 581 612 concupiscit
605 547 720 593 mala
739 586 750 604 ‚
784 548 860 593 etsi
882 548 1077 593 resistens
1100 548 1468 610 concupiscentiae
1488 564 1576 592 suae
1598 564 1686 592 non

306 637 355 666 ea
372 629 618 683 perpetrat,
642 618 796 681 implet
817 617 994 681 quidem
1021 617 1140 680 quod
1165 618 1376 680 scriptum
1415 628 1477 663 est
1498 655 1507 673 ‚
1543 639 1562 659 <‹
1584 620 1688 664 Post

308 714 330 736 >³
351 691 728 755 concupiscentias
758 701 852 736 tuas
877 708 964 736 non
993 689 1088 735 eas1
1111 707 1122 734 ε
1148 712 1166 730 n
1189 690 1261 735 sed
1284 708 1371 736 non
1393 691 1548 754 implet
1567 691 1687 754 quod

309 763 368 809 ait
384 762 447 807 lex
473 799 483 818 ‚
522 783 542 803 «
569 763 666 807 lN‘on
691 761 1019 824 concupisces2.
1040 782 1059 801 n
1093 760 1293 805 Christus
1327 778 1426 820 ergo
1451 763 1527 825 qui
1553 762 1687 821 legem

306 832 617 896 perfectissime
652 831 882 895 implevit,
922 830 1044 876 nulla
1081 830 1233 876 illicita
1271 831 1551 894 concupivit3
1586 832 1689 894 quia

308 902 572 948 discordiam
592 903 732 948 carnis
755 912 796 947 et
818 901 1018 965 spiritus,
1042 917 1142 964 quae
1163 901 1209 946 in
1233 901 1464 946 hominum
1487 912 1689 946 naturam

309 989 357 1018 ex
374 972 735 1035 praevaricatione
759 972 893 1034 primi
912 971 1102 1017 hominis
1122 972 1278 1027 vertit,
1305 989 1479 1035 prorsus
1499 972 1571 1017 ille
1603 989 1691 1017 non

310 1042 495 1097 habuit,
525 1041 675 1104 quide
696 1043 867 1104 Spiritu
894 1052 936 1087 et
966 1042 1130 1100 virgine
1155 1059 1244 1086 non
1274 1059 1353 1104 per
1374 1042 1692 1105 concupiscen-

312 1111 418 1157 tiam
449 1111 591 1157 carnis
623 1122 685 1157 est
720 1123 860 1157 natus.
888 1113 938 1157 In
973 1111 1100 1156 nobis
1125 1123 1268 1157 autem
1300 1129 1401 1158 caro
1423 1112 1696 1175 concupiscit

314 1193 466 1228 contra
493 1183 697 1246 spiritum
716 1183 892 1240 illicita,
927 1183 987 1228 ita
1016 1193 1064 1228 ut
1090 1183 1267 1228 omnino
1294 1184 1518 1246 perficiat,
1550 1183 1631 1228 nisi
1653 1193 1694 1228 et

313 1264 464 1299 contra
483 1271 655 1299 carnem
678 1254 856 1317 spiritus
892 1254 951 1299 ita
974 1254 1284 1317 concupiscat,
1306 1265 1354 1299 ut
1373 1255 1536 1300 vincat.
1576 1253 1695 1298 Dicis

312 1335 500 1369 mentem
518 1324 683 1370 Christi
712 1325 909 1370 omnium
943 1341 1145 1369 sensuum
1170 1324 1444 1370 domitricem
1470 1342 1479 1369 :
1510 1323 1581 1368 sed
1609 1323 1695 1368 hoc

313 1393 583 1440 domandum
606 1406 666 1442 est
684 1432 694 1450 ,
727 1395 848 1458 quod
872 1395 1028 1440 resistit
1053 1411 1064 1440 ε
1089 1412 1191 1440 caro
1224 1406 1367 1440 autem
1397 1394 1562 1439 Christi
1584 1392 1697 1438 nihil

312 1463 509 1509 habebat
526 1464 807 1517 indomitum,
828 1482 907 1510 nec
926 1465 971 1509 in
996 1464 1144 1527 aliquo
1169 1466 1341 1528 spiritui
1363 1465 1587 1510 resistebat
1604 1500 1614 1519 ‚
1647 1473 1696 1508 ut

314 1533 370 1578 ab
393 1533 468 1578 illo
485 1551 579 1579 eam
601 1534 771 1580 domari
791 1545 1022 1598 oporteret.
1055 1536 1158 1591 Quo
1198 1536 1424 1599 proposito
1466 1534 1696 1598 perfectio-

313 1603 381 1649 nis
404 1604 621 1667 exemplo,
654 1605 708 1650 ad
731 1606 818 1651 hoc
841 1623 883 1651 se
910 1605 1040 1651 debet
1059 1605 1198 1651 omnis
1228 1606 1421 1652 imitator
1439 1605 1662 1651 extendere
1678 1641 1689 1659 ‚

313 1684 363 1720 ut
392 1676 770 1738 concupiscentias
786 1677 928 1722 carnis
946 1714 957 1732 ‚
983 1692 1091 1739 quas
1114 1688 1231 1722 vetat
1256 1678 1488 1741 Apostolus
1505 1676 1658 1740 perfici
1677 1712 1688 1731 ,

310 1745 479 1791 nitatur
515 1757 643 1810 atque
678 1757 799 1810 optet
833 1747 1007 1810 penitus
1043 1764 1130 1792 non
1166 1747 1329 1793 habere
1359 1766 1369 1793 ε
1397 1749 1458 1793 sic
1480 1747 1595 1792 enim
1623 1762 1693 1790 eas

309 1826 452 1879 potest
472 1828 684 1880 provectu
708 1817 965 1880 quotidiano
989 1818 1181 1863 minuere
1199 1855 1209 1874 ‚
1238 1836 1346 1882 quas
1368 1817 1508 1864 nullas
1526 1816 1690 1862 habeat

309 1886 446 1932 salute
477 1887 666 1950 perfecta
681 1888 713 1934 3.
739 1910 759 1930 υ

373 1958 537 2005 LVIII.
563 1960 666 2006 JUL.
709 1980 728 1999 α
750 1960 819 2004 Τιι
837 1959 970 2018 igitur
987 1997 998 2015 ,
1027 1970 1075 2004 ut
1094 1959 1265 2013 omnia,
1296 1959 1596 2022 profanissime
1622 1958 1688 2003 ef-

308 2028 422 2074 fatus
442 2046 512 2085 eS,
536 2029 583 2074 in
608 2029 774 2074 Christi
796 2046 924 2074 carne
948 2047 1036 2074 non
1064 2029 1193 2074 fuisse
1227 2029 1346 2091 quod
1377 2030 1584 2075 humanae
1606 2047 1688 2074 na-

310 2108 420 2143 turae
449 2109 548 2144 est:
586 2099 707 2161 quod
743 2110 856 2144 certe
895 2099 948 2144 de
986 2100 1106 2144 nulla
1143 2100 1384 2161 Scripturae
1416 2098 1688 2144 rationabilis

308 2185 440 2224 vena,
478 2168 551 2213 sed
586 2168 640 2213 de
672 2169 761 2214 solo
798 2169 1145 2214 lilanichaeorum
1172 2186 1301 2214 coeno
1327 2169 1535 2232 deceptus
1568 2168 1685 2213 hau-

307 2239 412 2285 sisti.
443 2239 608 2285 Verum
636 2250 683 2284 ut
710 2243 851 2299 major
875 2240 1002 2302 copia
1030 2239 1314 2285 defendendae
1335 2240 1523 2285 veritatis
1544 2257 1686 2302 appa-

305 2320 422 2368 reat,
449 2310 741 2356 concedamus
766 2321 805 2355 te
828 2311 1081 2366 somniasse,
1111 2311 1155 2355 in
1182 2310 1358 2356 Christo
1385 2311 1525 2356 carnis
1552 2327 1683 2373 quam

306 2378 417 2424 dicis
439 2380 839 2444 concupiscentiam
864 2398 953 2425 non
987 2379 1138 2435 fuisse3
1171 2381 1287 2444 quod
1320 2392 1435 2427 certe
1466 2381 1512 2426 in
1537 2381 1682 2426 Mani-

307 2449 422 2495 chaei
443 2451 564 2513 prius
579 2488 590 2507 ‚
619 2462 768 2514 postea
788 2452 835 2497 in
864 2451 1127 2514 Apollinaris
1151 2452 1295 2497 furore
1314 2452 1569 2497 damnatum
1588 2461 1649 2496 est
1666 2469 1677 2496 ι

305 2533 381 2569 tuo
419 2534 562 2569 tamen
607 2524 714 2587 quid
749 2524 885 2588 possit
924 2524 1117 2584 dogmati
1156 2526 1408 2586 suffragari3
1454 2542 1554 2571 cum
1593 2542 1680 2571 nou

352 2606 361 2628 ¹
384 2606 478 2638 Ecc¹i.
494 2618 592 2646 xvm,
614 2608 667 2640 30.
684 2625 727 2632 -
742 2606 757 2629 2
776 2607 876 2639 Exod
891 2618 943 2647 xx,
969 2620 1019 2648 17,
1033 2614 1064 2640 et
1079 2611 1173 2641 Deut.
1194 2619 1225 2651 v,
1253 2620 1303 2649 ¹9·
1328 2627 1367 2632 —
1387 2605 1402 2630 3
1419 2608 1524 2642 Galat.
1544 2619 1573 2646 v,
1601 2609 1652 2643 16,
