1863 3262
166 311 328 342 OPERIS
363 307 624 342 IMPERFEC'I'I
659 308 838 338 CONTRA
873 309 1118 352 JULIANUM,
1158 310 1243 342 LIB.
1287 310 1356 340 111.
1409 295 1496 355 149

181 377 377 423 CCXVI.
405 376 499 422 JUL.
531 395 551 416 <c
580 373 722 436 Atque
757 373 854 420 ideo
885 375 1015 420 ctiam
1046 375 1298 421 tardissimis
1343 374 1397 420 ad
1427 374 1499 420 in-

114 446 400 507 telligendum
432 444 500 491 vel
528 453 604 489 >tuo
643 443 791 489 favore
816 444 1011 508 deceptis
1047 445 1213 508 liquere
1238 444 1433 499 confido,
1462 454 1503 489 te

114 516 350 562 Manichaei
375 514 514 561 solum
538 513 722 559 aversari
741 531 923 568 nomen3
952 526 1160 560 caeterum
1198 532 1244 560 ex
1265 514 1385 559 omni
1411 514 1497 560 fide

116 603 215 633 cum
239 587 409 632 cunctis
443 585 637 630 traducis
661 585 947 631 sectatoribus
969 622 980 641 ,
1022 604 1110 631 non
1145 586 1290 630 minus
1334 585 1504 648 spurcis

116 673 247 720 quam
267 655 431 701 stolidis
455 659 544 714 eJ'us
563 654 776 700 inhaerere
803 655 1094 715 dogmatibus,
1128 677 1148 697 >³

181 728 290 773 Ace.
327 725 456 772 Aliud
481 736 521 771 et
547 736 699 771 contra
739 736 799 771 est
838 727 1019 771 omnino
1045 743 1174 789 quam
1200 736 1349 789 putaS‚
1382 724 1501 788 quod

114 797 279 860 liquere
303 796 430 842 etiam
450 795 705 841 tardissimis
724 795 845 843 dicis.
871 795 987 841 Illud
1006 813 1194 859 namque
1208 796 1354 859 potius
1373 795 1503 839 etiam

117 866 367 912 tardissimis
391 866 545 929 liquet,
569 866 602 911 si
620 865 810 925 legendis
855 866 1081 930 utriusque
1106 877 1300 911 nostrum
1327 863 1500 928 scriptis

114 937 325 982 intentam
346 953 496 982 curam
525 953 613 981 non
631 947 863 996 graventur
888 936 1157 1000 impendere,
1192 953 1260 981 me
1292 935 1505 980 demons-

115 1018 246 1053 trasse
280 1024 368 1052 non
405 1006 543 1052 solum
562 1006 683 1070 quod
707 1024 785 1066 ego
816 1008 896 1053 sim
923 1007 1274 1052 Manichaeorum
1297 1005 1500 1050 inimicus

117 1077 270 1132 errori,
288 1093 528 1141 eorumque
544 1075 707 1122 nefaria
727 1077 928 1137 dogmata
947 1079 1038 1122 Deo
1053 1076 1243 1122 veritatis
1259 1075 1505 1138 opitulante

116 1147 425 1194 subverterim:
453 1147 679 1192 sedetiam
704 1147 824 1210 quod
849 1165 923 1193 vos
948 1147 1300 1193 Manichaeorum
1324 1155 1492 1191 tantum

120 1219 332 1278 adjuvetis
369 1218 598 1272 insaniam,
632 1228 679 1262 ut
719 1235 760 1263 se
785 1219 964 1263 omnino
989 1218 1279 1278 gloriarentur
1298 1215 1500 1270 invictos,

118 1289 202 1334 nisi
221 1287 441 1334 catholica
461 1287 564 1342 fide,
593 1304 725 1350 quam
745 1288 837 1332 Deo
855 1288 1082 1333 miserante
1100 1286 1391 1337 defendimus,
1415 1302 1506 1329 nou

119 1376 198 1421 per
223 1375 315 1414 vos,
341 1357 409 1403 vel
445 1375 468 1402 a
485 1357 628 1412 vobis,
658 1357 730 1401 sed
757 1357 984 1402 vobiscum
1019 1359 1167 1420 potius
1202 1356 1498 1401 vincerentur.

121 1428 183 1473 Te
201 1437 345 1473 autem
367 1426 465 1472 ideo
495 1443 561 1471 me
587 1442 726 1470 unum
739 1426 934 1486 elegisse,
964 1427 1035 1471 cui
1064 1426 1411 1471 Manichaeorum
1429 1441 1505 1468 no-

121 1499 285 1544 mineet
299 1497 498 1552 crimine,
519 1508 684 1560 quanto
697 1498 908 1552 crebrius,
927 1509 1047 1543 tanto
1062 1495 1367 1543 conviciareris
1383 1495 1505 1541 odio-

121 1569 236 1624 sius,
275 1568 378 1631 quia
412 1584 462 1613 eo
486 1567 619 1613 modo
645 1567 810 1631 putasti
844 1568 1134 1623 catholicam,
1178 1583 1279 1631 quae
1312 1583 1388 1611 vos
1436 1582 1509 1609 ar-

122 1637 596 1699 guit,fundatissimam
620 1638 752 1683 fidem
784 1649 826 1683 et
857 1638 1073 1684 clarorum
1097 1649 1225 1701 atque
1258 1647 1509 1682 sanctorum

122 1707 399 1754 defensorum
418 1712 508 1768 ejus
545 1708 814 1755 notissimam
859 1708 1208 1764 multitudinem,
1235 1707 1313 1770 qui
1337 1723 1385 1752 ea
1409 1722 1510 1769 quae

124 1777 358 1823 didicimus
378 1789 421 1823 et
443 1778 667 1834 docemus,
693 1778 948 1824 didicerunt
970 1790 1101 1842 atque
1122 1778 1388 1831 docuerunt,
1416 1776 1508 1821 sine

123 1847 287 1893 invidia
310 1858 351 1894 te
366 1865 490 1910 posse
511 1847 748 1904 destruere,
776 1849 957 1894 horrore
981 1848 1158 1894 nefandi
1180 1846 1368 1892 nominis
1383 1882 1394 1901 ,
1418 1861 1510 1890 non

126 1918 289 1978 objecti
320 1918 534 1973 criminis,
561 1919 754 1966 veritate.
797 1920 923 1964 «Sed
959 1921 1136 1965 firmum
1174 1917 1511 1963 fundamentum

128 2009 149 2030 >2
171 1989 251 2033 Dei
275 1998 356 2033 stat
376 2005 387 2032 ε
415 1988 537 2033 novit
555 1989 668 2033 enim
688 1989 904 2035 Dominus
928 1989 1004 2052 qui
1030 1999 1129 2034 sunt
1150 1991 1241 2048 ejus
1258 1986 1290 2030 ¹.
1323 2007 1343 2027 >2
1366 1985 1512 2030 Verba

127 2075 228 2103 vero
246 2057 350 2103 libri
369 2057 483 2113 mei,
516 2074 616 2121 quae
657 2058 738 2103 tibi
777 2059 902 2122 quasi
930 2057 1162 2105 refellenda
1195 2071 1507 2120 proposueras,

127 2126 350 2191 quomodo
365 2126 628 2190 quibusdam
643 2128 917 2191 paucissimis
930 2128 1052 2193 quasi
1070 2127 1122 2173 ad
1142 2127 1330 2190 speciem
1349 2140 1513 2188 pugnae

128 2197 460 2261 qualiscumque
484 2197 675 2253 tentatis,
700 2197 839 2244 multo
852 2199 982 2262 plura
1005 2209 1180 2254 caetera,
1203 2196 1360 2243 diffusa
1383 2205 1512 2257 atque

128 2265 336 2313 interfusa
358 2276 433 2312 tua
453 2266 660 2312 nebulosa
684 2266 948 2331 loquacitate
973 2268 1192 2323 vitaveris,
1214 2265 1386 2312 interim
1407 2263 1512 2328 quia

128 2336 307 2396 longum
323 2346 386 2382 est
403 2336 478 2382 hic
495 2336 734 2391 ostendere,
761 2348 810 2383 ut
823 2355 903 2402 per·
921 2356 964 2385 se
985 2338 1131 2402 ipsum
1151 2336 1349 2384 advertat
1371 2345 1414 2380 et
1439 2333 1510 2379 in-

128 2406 291 2461 veniat,
318 2404 493 2452 dimitto
507 2405 675 2454 lectori.

179 2488 225 2519 ¹²
245 2489 326 2521 Tim.
343 2499 384 2531 11,
401 2499 458 2521 ιι.
