1863 3262
216 290 372 321 OPERIS
406 286 666 320 IMPERFECTI
703 284 879 317 CONTRA
913 285 1162 328 JULIANUM,
1208 288 1297 320 LIB.
1340 289 1406 320 lv.
1458 288 1543 320 201

168 356 284 411 cari,
314 355 391 418 qui
423 353 653 399 affirmares
685 351 738 397 ad
764 356 834 411 jus
855 351 1022 397 diaboli
1053 353 1284 399 hominum
1310 355 1553 402 universam

168 426 383 488 pertinere
405 422 707 469 substantiam.
732 443 753 464 »2

238 498 350 541 Aue.
393 493 523 550 Quod
547 495 592 538 in
617 493 742 538 tertio
778 503 853 538 tuo
885 492 1001 537 libro
1026 503 1065 537 te
1087 494 1325 542 ostendisse
1356 514 1552 543 comme-

173 582 314 611 moras
330 602 340 620 ,
369 564 523 627 quinto
541 579 635 608 meo
660 573 699 607 te
722 579 810 608 non
833 562 1066 608 ostendisse
1085 566 1269 612 convici.

239 636 334 681 LII.
370 635 468 680 Jur..
511 655 532 675 c<
554 635 608 678 Et
646 633 743 679 ideo
779 634 866 679 hoc
914 634 957 678 in
998 636 1327 696 praesentiarum
1370 637 1544 694 relicto,

170 704 281 750 illud
301 704 506 764 efflagito,
527 704 606 750 ubi
639 714 686 749 tu
719 704 868 764 legeris
893 703 1119 749 Christum
1140 707 1394 752 eunuchum
1420 706 1548 753 fuisse

167 775 434 820 naturaliter.
464 796 484 815 >³

237 849 347 892 AUG.
389 846 457 890 Tu
485 845 598 889 enim
632 843 708 889 ubi
740 861 806 888 mc
840 844 926 891 hoc
961 844 1112 890 dixisse
1144 845 1311 905 legisti,
1343 846 1424 892 nisi
1445 847 1549 909 quia

169 915 446 962 calumniaris
463 952 474 971 ,
499 925 548 960 ut
569 914 700 960 soles?
724 914 855 960 Aliud
879 925 941 960 est
970 915 1236 978 possibilitas
1270 916 1551 962 seminando-

167 1003 262 1032 rum
289 985 505 1041 filiorum,
533 1002 664 1048 quam
694 985 859 1030 (Ihristi
881 987 1000 1032 carni
1022 986 1206 1032 defuisse
1228 1004 1317 1032 non
1342 987 1545 1044 dicimus,

170 1057 283 1102 sicut
303 1055 444 1101 deesse
461 1056 581 1101 carni
604 1057 805 1102 novimus
825 1057 1130 1102 eunuchorum
1152 1075 1162 1102 :
1189 1069 1232 1103 et
1251 1058 1368 1104 aliud
1393 1069 1454 1104 est
1474 1075 1550 1104 cu-

166 1126 329 1190 piditas
346 1126 581 1182 vitiorum,
606 1143 737 1189 quam
768 1137 814 1171 tu
850 1127 1110 1189 persuadere
1140 1130 1310 1174 conaris
1344 1128 1550 1175 habuisse

169 1197 400 1242 Christum
419 1234 429 1252 ,
457 1201 651 1256 etjactas
670 1207 710 1241 te
729 1213 816 1242 esse
834 1196 1136 1243 Christianum
1154 1218 1164 1252 3
1187 1199 1290 1261 quia
1314 1198 1545 1256 videlicet,

167 1271 280 1313 sicut
302 1267 436 1331 paulo
461 1279 560 1313 ante
583 1267 748 1322 dixisti,
776 1288 795 1309 c<
815 1267 1017 1313 Christus
1036 1270 1168 1314 etiam
1203 1269 1368 1314 fraudis
1397 1270 1549 1315 crimi-

167 1337 297 1382 nibus
317 1347 557 1397 urgeretur‚
588 1338 624 1383 si
644 1337 807 1382 diceret
831 1338 1093 1384 mortalibus
1111 1376 1122 1395 ,
1167 1339 1459 1385 Extendimini
1495 1339 1550 1385 ad

165 1406 420 1469 patientiam
445 1406 635 1451 hominis
657 1406 770 1452 nihil
794 1406 1014 1452 sentientis
1037 1425 1047 1452 z
1073 1428 1092 1449 >2
1111 1409 1235 1472 quasi
1259 1420 1479 1473 sequatur,
1503 1419 1552 1455 ut

166 1493 254 1521 non
273 1477 429 1522 sentiat
455 1476 645 1522 inflictos
665 1475 857 1532 dolores,
885 1477 961 1540 qui
987 1478 1080 1524 Vult
1103 1489 1144 1524 et
1171 1491 1315 1542 potest
1346 1497 1433 1544 non
1467 1480 1550 1525 ha-

165 1546 268 1592 bere
292 1547 427 1593 malas
445 1547 708 1610 cupiditates
734 1565 744 1592 :
770 1547 838 1594 vel
861 1549 894 1593 si
918 1548 1110 1604 diceret,
1138 1562 1187 1596 ut
1211 1561 1285 1597 tua
1303 1551 1437 1597 verba
1458 1551 1549 1614 ipse

166 1617 394 1680 componis
409 1655 419 1673 ,
450 1638 471 1659 α
489 1618 726 1663 lmitamini
748 1618 990 1664 castitatem
1008 1656 1019 1675 ,
1055 1632 1171 1666 certa
1204 1632 1375 1667 naturae
1397 1631 1552 1667 vestrae

167 1687 440 1734 irritamenta
460 1688 709 1745 vincentes,
745 1688 860 1734 illius
891 1707 1020 1753 quem
1055 1690 1258 1737 debilitas
1290 1692 1392 1737 fecit
1411 1691 1550 1755 pudi-

166 1775 268 1804 cum
290 1759 443 1811 videri,
464 1780 485 1801 «
515 1759 587 1805 Sic
610 1761 726 1805 enim
753 1777 796 1805 es
825 1772 996 1806 amator
1019 1762 1213 1822 egregius
1237 1763 1445 1808 castitatis
1460 1799 1471 1819 ,
1503 1773 1553 1807 ut

167 1826 248 1873 tibi
266 1830 424 1876 castior
441 1829 658 1887 videatur,
692 1831 770 1894 qui
809 1832 1074 1877 concubitus
1097 1832 1274 1878 illicitos
1298 1834 1448 1896 cupit,
1473 1832 1548 1878 sed
1578 1876 1584 1885 ,

168 1909 217 1944 ut
235 1916 325 1944 non
343 1911 595 1964 perpetret,
617 1917 705 1946 suae
727 1900 962 1963 cupiditati
988 1901 1176 1957 resistit,
1201 1919 1334 1964 quam
1351 1903 1428 1966 qui
1451 1903 1553 1948 talia

166 1969 279 2014 mala
303 1987 382 2016 nec
405 1971 553 2016 saltem
579 1971 704 2034 cupit
722 2007 732 2027 ,
756 1987 844 2015 non
861 1988 940 2033 per
957 1971 1352 2034 impossibilitatem
1374 1973 1515 2018 carnis
1533 2009 1545 2028 ‚

167 2039 239 2084 sed
264 2057 344 2102 per
364 2041 656 2086 summitatem
698 2040 1096 2105 perfectionemque
1131 2042 1331 2088 Virtutis:
1370 2043 1458 2088 imo
1478 2042 1549 2088 ille

166 2110 221 2155 sit
241 2121 409 2166 castus,
435 2111 514 2156 iste
539 2122 683 2156 autem
715 2112 894 2156 omnino
930 2129 1009 2157 nec
1038 2114 1114 2168 sit,
1142 2113 1215 2158 sed
1248 2131 1334 2159 esse
1360 2124 1551 2159 tantum-

165 2179 298 2224 modo
321 2179 546 2234 videatur3
574 2181 778 2244 quoniam
805 2181 1046 2226 secundum
1080 2193 1120 2227 te
1137 2219 1148 2236 ,
1187 2184 1222 2228 si
1250 2193 1391 2229 castus
1414 2193 1545 2238 esset,

166 2250 279 2295 mala
297 2250 378 2296 ista
401 2262 580 2314 cuperet
603 2269 682 2315 per
709 2264 909 2297 naturam
928 2289 937 2307 ‚
982 2252 1054 2298 sed
1089 2254 1285 2300 eamdem
1311 2254 1551 2300 naturalem

167 2320 452 2383 cupiditatem
472 2322 633 2369 virtute
656 2323 790 2368 animi
809 2327 1043 2369 coerceret.
1070 2324 1136 2369 lta
1159 2324 1209 2369 fit
1229 2335 1278 2370 ut
1298 2335 1337 2370 te
1355 2325 1427 2370 illa
1444 2324 1549 2370 hor-

166 2389 329 2446 ribilis,
355 2392 466 2437 sicut
484 2396 574 2451 jam
606 2394 806 2455 superius
829 2393 1025 2449 ostendi,
1050 2405 1257 2456 sequatur
1274 2395 1545 2452 absurditas,

168 2471 289 2506 tanto
304 2478 388 2506 esse
405 2479 621 2525 quemque
638 2464 864 2510 voluntate
881 2464 1106 2509 castiorem
1121 2500 1131 2519 ‚
1160 2476 1325 2528 quanto
1343 2470 1550 2526 maJ'orem

167 2542 336 2577 naturae
370 2549 459 2579 suae
486 2533 717 2580 libidinem
758 2534 938 2591 vicerit,
971 2552 1050 2581 nec
1081 2535 1127 2581 in
1162 2536 1329 2601 aliquos
1357 2554 1550 2583 excessus

167 2601 369 2659 luxuriae,
392 2603 634 2667 quamlibet
650 2605 723 2652 illa
743 2622 899 2667 magna
926 2606 1006 2662 sit,
1033 2606 1143 2653 exire
1164 2607 1410 2670 permiserit
1432 2623 1442 2652 ι
1469 2609 1547 2672 qui
