1863 3262
177 298 334 330 OPERIS
368 297 628 329 IMPERFECTI
664 296 839 328 CONTRA
873 297 1117 340 JULIANmt,
1158 299 1243 330 Lm.
1286 299 1355 331 111.
1431 284 1493 333 55

125 376 182 411 sae
201 402 212 422 ,
243 375 332 411 tam
357 378 556 425 magnam
580 363 721 409 laudis
748 364 1077 427 persolvendam
1106 376 1234 427 putas
1268 383 1355 412 esse
1378 384 1495 412 mer-

124 437 271 482 cedem
293 439 312 483 9

187 508 360 555 LXXV.
391 509 493 555 JUL.
523 529 543 549 c<
559 508 708 570 Etpro
724 506 1058 553 auctoritatibus
1075 507 1225 563 sacris,
1253 507 1330 552 Dei
1347 507 1496 554 crimi-

122 579 372 626 nationibus
395 579 657 626 intumescit.
686 599 706 619 »

185 654 304 697 AUG.
336 651 479 697 lta-ne
502 665 606 696 vero
630 662 750 695 sacra
781 647 1015 694 auctoritas
1037 664 1126 693 non
1149 657 1238 703 est,
1274 668 1294 688 «
1319 649 1491 712 Corpus

120 741 142 764 >2
161 732 383 768 mortuum
408 732 469 768 est
487 733 670 786 propter
687 734 917 784 peccatum
932 718 983 764 1?
1004 741 1022 759 υ
1049 729 1089 763 et
1115 718 1197 763 Dei
1215 718 1462 765 criminatio
1476 757 1487 776 ,

118 808 206 839 non
230 791 424 840 laudatio
454 804 544 848 est,
571 815 591 834 «
609 791 864 838 vivificabit
890 801 931 835 et
954 788 1154 835 mortalia
1183 805 1369 852 corpora
1393 806 1491 835 ves-

119 884 140 906 »
158 866 284 911 tra‘2'2)
307 888 328 908 ›>
352 866 467 911 Puto
492 863 613 929 quod
637 880 724 909 non
750 863 1026 917 criminator,
1054 859 1128 906 sed
1162 860 1256 923 ipso
1282 862 1372 905 Deo
1394 860 1493 923 ple-

117 948 198 980 nus
221 931 301 981 Dei
323 934 592 1000 praedicator
620 935 720 981 haec
749 934 867 980 dixit.
900 933 985 979 Ubi
1018 932 1208 977 ostendit
1234 930 1377 976 Adam
1401 948 1490 976 non

116 1005 177 1051 sic
201 1023 287 1051 esse
307 1006 471 1052 factum
495 1005 866 1070 quemadmodum
885 1003 1054 1060 dicitis,
1078 1013 1126 1048 ut
1146 1002 1233 1048 sive
1261 1011 1487 1065 peccaret,

114 1075 201 1123 sive
223 1091 311 1123 non
332 1088 555 1140 peccaret,
583 1077 821 1122 moriturus
845 1086 964 1121 esset.

179 1146 377 1195 LXXVI.
403 1149 505 1196 JUL.
537 1170 557 1191 c<
582 1150 635 1194 In
659 1153 784 1209 cujus
819 1146 1051 1212 praeceptis
1083 1144 1489 1191 immoderationem

115 1231 161 1285 t)
165 1222 388 1269 rannICRm
419 1240 430 1268 2
454 1244 474 1265 ))

178 1298 294 1338 Aue.
319 1292 598 1356 Praeceptum
619 1291 699 1337 Dei
715 1290 993 1354 tyrannicum
1018 1305 1107 1334 non
1130 1297 1217 1339 est3
1244 1284 1317 1330 sed
1336 1294 1385 1329 ut
1404 1283 1492 1328 im—

112 1361 307 1426 pleatur,
334 1364 425 1428 ipse
446 1361 664 1424 rogandus
691 1372 786 1407 est:
815 1362 901 1407 hoc
928 1376 1003 1407 vos
1023 1376 1111 1404 non
1130 1356 1290 1411 vultis,
1317 1354 1421 1419 quia
1444 1353 1490 1398 in

111 1433 274 1481 virtute
296 1445 435 1480 vestra
458 1431 691 1481 confiditis.

175 1499 828 1565 LXXV11.JUL.«lnjudiciis
855 1501 1129 1566 iniquitatem
1150 1498 1418 1544 barbaram:

183 1572 295 1624 Aca.
327 1577 548 1635 Quoniam
575 1575 655 1621 Dei
686 1592 774 1621 non
797 1585 858 1620 est
890 1574 1089 1636 iniquum
1111 1570 1329 1630 judicium
1349 1605 1360 1624 ,
1391 1566 1489 1612 ideo

111 1645 156 1694 in
181 1649 352 1694 ‘miseria
383 1648 546 1709 generis
577 1646 785 1702 humani,
813 1661 913 1709 quae
951 1643 1108 1707 incipit
1134 1658 1156 1687 a
1180 1640 1355 1686 fletibus
1382 1653 1490 1702 par·-

111 1719 313 1766 vulorum
328 1757 338 1776 ‚
369 1719 691 1781 agnoscendum
714 1728 775 1764 est
795 1712 1003 1777 originale
1023 1722 1268 1778 peccatum.

177 1782 428 1840 LXXVIII.
453 1792 555 1838 JUL.
595 1813 615 1833 «
639 1791 691 1836 In
713 1788 969 1851 juramentis
1000 1785 1232 1832 falsitatem
1270 1781 1485 1828 Punicam

109 1851 242 1908 inesse
261 1859 504 1910 confirmat.
523 1883 544 1904 >³

177 1931 261 1980 At
252 1951 293 1980 G.
308 1927 558 2014 Numquid
582 1930 760 1996 quando
787 1933 904 1976 Deus
922 1929 1060 1984 dicit,
1088 1925 1289 1973 Reddam
1309 1931 1490 1987 peccata

108 2009 287 2069 ‘patrum
308 2002 353 2048 in
374 1995 505 2060 filios,
527 2000 692 2049 Punice
709 2001 923 2065 loquitu]
914 2003 932 2037 θ

173 2066 382 2120 LXXIX.
412 2071 512 2119 JuL
549 2095 567 2114 «
594 2074 813 2129 Quoniam
835 2089 919 2135 pro
943 2066 1318 2132 disputationibus
1341 2075 1382 2110 et
1404 2078 1487 2127 pro

110 2144 315 2190 omnibus
359 2144 617 2208 syllogismis
638 2182 649 2201 ,
702 2142 942 2190 Manichaei
979 2140 1183 2188 innititur
1229 2136 1405 2185 somniis
1448 2143 1491 2178 et

107 2213 260 2263 furori.
286 2236 306 2257 ))

175 2287 290 2332 AUG.
321 2276 412 2331 Nec
434 2276 478 2330 M
485 2284 709 2332 anichaeus
733 2296 843 2341 erat,
866 2300 946 2331 nec
969 2285 1230 2339 somniabat,
1256 2293 1336 2330 nec
1366 2283 1487 2329 fure-

107 2345 203 2411 bat,
231 2357 317 2402 si‘ve
335 2357 412 2420 qui
438 2356 568 2411 dixit,
590 2378 610 2399 c<
633 2357 810 2403 Fuimus
823 2368 863 2402 et
882 2372 959 2402 nos
979 2357 1134 2402 natura
1153 2356 1235 2402 ‘filii
1257 2355 1351 2411 irae,
1375 2355 1488 2400 sicut

110 2448 130 2468 >›
149 2438 193 2473 et
219 2428 364 2473 caeteri
379 2426 397 2454 ³
416 2436 430 2473 ἐ
455 2449 476 2469 »
503 2428 589 2474 sive
606 2429 681 2492 qui
705 2423 839 2483 dixit3
864 2429 1026 2475 Omnes
1055 2424 1252 2475 homiues
1274 2427 1355 2473 sub
1373 2434 1484 2489 'pec‘-

108 2501 204 2545 c'a'to
222 2498 460 2554 nascimur,
487 2512 675 2563 quorum
693 2501 785 2564 ipse
804 2508 924 2546 ortus
946 2500 992 2546 in
1013 2499 1120 2546 vitio
1147 2498 1253 2546 estl‘.

157 2598 168 2620 ¹
187 2601 282 2632 Rom.
304 2607 375 2639 vlu,
392 2611 444 2634 ιο.
459 2617 505 2623 ——
523 2598 538 2622 2
554 2600 637 2632 Ibid.
661 2613 714 2636 11.
730 2620 775 2627 -
792 2599 806 2624 3
823 2601 939 2646 Ephes.
958 2613 991 2640 ιι,
1014 2596 1044 2635 3.
1065 2620 1111 2626 -
1131 2599 1143 2623 ⁴
1159 2600 1306 2632 Ambeos.
1325 2590 1380 2632 lib.
1405 2611 1430 2632 ι.
1447 2589 1487 2630 de

108 2653 225 2689 Poenit.
245 2665 276 2688 c.
296 2666 327 2687 α.
344 2655 395 2687 vel
415 2657 449 2688 3.
