1863 3262
292 261 382 291 202
715 261 749 289 S·
795 260 1038 291 AUGUSTINI
1078 261 1279 291 EPISCOPI

288 337 431 372 autem
463 324 674 370 minorem
710 324 976 385 flagitiorum
1016 327 1247 373 libidinem
1283 328 1491 385 cohibet,
1532 330 1674 377 minus

290 413 375 441 esse
402 406 568 440 castum
618 396 827 458 quoniam
864 414 991 459 quem
1016 414 1103 442 non
1129 397 1235 443 libet
1269 398 1387 461 quod
1425 417 1513 445 non
1545 400 1670 457 licet,

289 465 530 513 secundum
551 476 670 510 tuam
695 467 948 528 sapientiam
973 504 983 521 ‚
1012 467 1079 513 vel
1103 468 1246 530 potius
1281 469 1534 525 amentiam,
1575 487 1674 515 om·-

291 536 394 580 nino
415 553 494 580 nec
519 546 662 580 castus
680 546 755 582 est.
788 537 897 582 Ecce
921 537 1041 600 quod
1077 538 1254 582 christo
1279 539 1517 600 importare
1537 556 1673 586 cona-

289 607 348 652 ris
377 606 552 662 insane,
590 617 637 651 ut
673 617 828 652 natura
865 607 996 653 fuerit
1033 609 1227 654 omnium
1261 608 1671 665 libidinosissimus,

288 677 392 739 quia
411 680 470 723 ita
487 687 629 739 posset
644 677 880 723 voluntatis
900 679 1060 724 virtute
1080 680 1275 724 omnium
1294 696 1380 724 esse
1394 680 1670 727 castissimus.

293 749 434 792 'l‘anto
458 748 626 811 quippe
645 749 689 793 in
715 766 763 793 eo
782 786 792 803 ,
816 749 927 794 sicut
950 749 1145 812 disputas
1162 787 1172 804 ‚
1203 750 1484 795 continentiae
1501 751 1678 814 spiritus

291 821 433 877 major
467 829 599 873 esset,
647 829 812 881 quanto
851 823 1061 879 majorem
1100 819 1242 865 carnis
1278 820 1679 882 concupiscentiam

295 892 531 934 coerceret.
562 888 628 933 Ad
666 889 787 935 hunc
818 900 858 935 te
890 890 1114 937 interitum
1152 902 1225 936 tua
1260 901 1460 953 suscepta
1493 891 1679 937 nimium

295 957 452 1004 dilecta
476 957 693 1021 perduxit.

359 1030 484 1075 LIII.
525 1031 624 1076 JUL.
669 1050 689 1071 α
712 1030 800 1086 Qui
835 1031 911 1076 etsi
950 1041 1132 1094 propter
1154 1031 1324 1090 signum
1349 1041 1478 1076 natus
1511 1047 1559 1076 ex
1589 1030 1682 1077 vir-

297 1099 395 1158 gine
418 1109 506 1155 est,
530 1110 573 1145 et
611 1111 757 1146 tamen
788 1101 848 1146 ita
882 1113 1101 1147 aversatus
1133 1119 1221 1146 non
1241 1112 1303 1146 est
1320 1118 1463 1146 sexum
1486 1100 1678 1158 virilem,

298 1182 348 1216 ut
364 1174 399 1230 ej
409 1188 454 1216 us
474 1171 712 1234 susciperet
733 1172 955 1218 veritatem
970 1210 980 1229 ‚
1000 1173 1165 1233 integer
1182 1190 1261 1235 per
1280 1172 1425 1218 onmia
1447 1172 1683 1228 viscerum,

297 1242 462 1301 integer
485 1243 681 1304 corporis
704 1279 714 1299 ,
754 1243 890 1288 1101110
921 1260 1047 1289 verus
1066 1281 1076 1299 ‚
1112 1244 1179 1289 vir
1216 1243 1459 1306 perfectus,
1489 1242 1524 1288 si
1555 1246 1684 1288 Petro

297 1311 496 1374 apostolo
515 1312 708 1357 creditur
728 1313 772 1358 in
795 1314 980 1359 Actibus
998 1314 1219 1359 disserenti
1237 1314 1279 1370 13
1303 1314 1466 1359 intacta
1486 1313 1683 1358 castitate

297 1383 563 1445 conspicuus
584 1420 594 1438 ,
621 1394 663 1428 et
687 1384 881 1429 animum
903 1396 945 1430 et
964 1384 1114 1430 000105
1134 1401 1361 1447 nunquam
1385 1384 1560 1429 remisso
1579 1400 1682 1428 cor-

298 1453 365 1498 dis
385 1453 532 1512 vigore
556 1453 830 1507 custodiens;
855 1455 926 1500 sed
951 1455 1072 1518 quod
1096 1455 1183 1500 hoc
1214 1466 1351 1500 totum
1386 1455 1546 1499 virtute
1567 1469 1686 1497 men-

300 1523 379 1578 tis‚
419 1540 507 1567 11011
544 1523 687 1568 carnis
724 1525 976 1570 infirmitate
1000 1525 1257 1588 perfecerit,
1281 1523 1685 1587 concupiscentiam

302 1594 444 1640 carnis
468 1594 598 1639 totius
622 1596 820 1658 corporis
852 1596 1092 1642 immixtam
1124 1597 1346 1651 sensibus,
1388 1606 1429 1641 et
1462 1595 1687 1641 veritatem

302 1682 352 1713 ac
377 1665 604 1710 sanitatem
626 1667 1011 1731 conditionemque
1044 1668 1343 1713 membrorum
1385 1666 1512 1712 fuisse
1539 1666 1583 1711 in
1607 1682 1683 1721 eo,

302 1746 345 1781 et
365 1752 541 1781 somnus
564 1740 655 1796 ejus
671 1772 682 1793 ‚
706 1748 747 1782 et
771 1738 896 1784 cibus
915 1776 926 1795 ‚
951 1750 992 1784 et
1016 1739 1154 1784 barba
1172 1775 1183 1793 ,
1217 1749 1258 1784 et
1287 1738 1434 1792 sudor,
1466 1748 1507 1782 et
1539 1737 1684 1788 labor,

303 1816 346 1851 et
365 1822 468 1851 crux
493 1816 689 1855 testatur.
714 1819 754 1853 et
773 1808 936 1855 lancea.
969 1810 1066 1855 Non
1091 1826 1191 1868 ergo
1211 1826 1356 1854 sensus
1384 1807 1581 1870 corporis
1600 1824 1688 1852 non

302 1876 465 1922 habuit
484 1877 578 1933 ille,
604 1878 676 1923 sed
701 1880 821 1926 rexit.
846 1881 943 1926 Hoc
961 1891 1022 1926 est
1043 1879 1158 1926 unde
1177 1881 1379 1939 gentibus
1397 1917 1408 1935 ‚
1438 1878 1554 1924 unde
1584 1879 1686 1922 Ma—

304 1946 488 1991 nichaeis
523 1947 702 1993 insultat
740 1950 1063 1996 catholicorum
1103 1950 1210 1995 fides
1227 1986 1237 2006 ‚
1276 1950 1378 2013 quia
1414 1949 1597 1994 verbum
1640 1958 1691 1992 ut

306 2017 448 2063 crucis
467 2054 478 2072 ,
507 2018 566 2063 ita
602 2021 744 2065 carnis
767 2024 879 2081 ejus,
914 2021 1201 2084 pereuntibus
1228 2020 1412 2066 stultitia
1435 2030 1524 2075 est,
1565 2017 1690 2063 salvis

307 2099 449 2134 autem
468 2088 624 2134 futuris
644 2091 782 2136 virtus
803 2092 893 2138 Dei.
928 2093 1023 2138 Hoc
1045 2103 1106 2138 est
1124 2109 1212 2155 quo
1232 2089 1555 2136 commendavit
1577 2088 1689 2133 cba-

306 2158 476 2204 ritatem
507 2175 627 2204 suam
657 2160 702 2204 in
735 2161 888 2215 nobis3
925 2162 1129 2225 quoniam
1162 2178 1263 2224 quae
1294 2161 1456 2206 lacerat
1492 2158 1690 2223 impietas

306 2229 575 2286 Manichaei,
599 2247 646 2274 ea
675 2231 819 2276 onmia
840 2232 977 2294 pietas
1001 2232 1255 2277 Mediatoris
1289 2230 1535 2294 assumpsit.
1569 2227 1691 2273 Nihil

305 2315 405 2358 ergo
430 2316 496 2344 me
521 2299 659 2362 pudet
676 2300 720 2345 in
750 2302 941 2347 Domino
965 2319 1060 2348 meo
1080 2340 1090 2358 ‚
1117 2303 1160 2348 in
1181 2319 1282 2366 quae
1307 2312 1488 2365 propter
1510 2299 1692 2346 salutem

306 2385 445 2414 meam
474 2370 623 2414 venit:
656 2382 777 2416 teneo
809 2373 1033 2418 veritatem
1062 2373 1361 2419 membrorum
1380 2407 1392 2427 ‚
1429 2382 1478 2417 ut
1509 2367 1692 2430 exempli

304 2442 394 2499 ejus
421 2439 685 2486 soliditatem
709 2459 938 2506 arcemque
960 2443 1210 2507 suscipiam.
1240 2464 1259 2485 ›³

377 2513 494 2557 Aue.
540 2510 671 2558 Aliud
696 2523 758 2559 est
779 2515 935 2561 veritas
958 2515 1260 2561 membrorum
1280 2549 1294 2570 ,
1319 2529 1455 2580 quam-
1477 2509 1691 2559 Christia-

356 2592 367 2614 ¹
387 2595 460 2626 Act.
486 2605 526 2626 11.
