1824 3236
322 275 416 322 506
746 294 781 324 s.
825 294 1069 326 Aucus‘rmi
1107 295 1312 327 Eriscorl

321 366 444 402 erant
490 367 532 403 et
567 358 760 421 parvuli,
795 370 836 406 te
861 371 1073 424 patrono,
1111 363 1213 426 puri
1247 376 1289 408 et
1325 362 1452 410 liberi
1494 365 1549 411 ab
1589 365 1707 411 omni

323 429 581 489 contagione
599 431 788 493 peccati,
814 449 894 478 nec
914 438 1213 494 tamenjustus
1242 445 1285 480 et
1316 435 1556 482 misericors
1593 437 1709 483 Deus

324 510 388 545 tot
410 501 659 547 innocentes
677 502 882 564 imagines
901 522 997 551 suas
1015 523 1094 569 per
1111 506 1375 565 Angelorum
1395 507 1680 553 ministerium
1695 545 1706 565 ‚

322 571 442 635 quod
464 572 501 617 ei
523 572 784 620 facillimum
806 575 908 633 fuit,
940 588 1036 622 ante
1076 577 1222 640 rapuit
1257 577 1309 623 de
1338 578 1541 624 incendio
1567 578 1710 624 Sodo-

324 660 495 689 morum
510 681 521 701 ,
550 655 623 690 aut
649 645 762 692 sicut
784 648 925 694 tribus
943 648 1027 694 illis
1042 649 1086 694 in
1112 648 1282 695 camino
1300 650 1418 706 viris,
1441 650 1633 695 innoxias
1654 650 1712 695 eis

322 715 518 761 flammas
540 717 701 780 quibus
720 731 918 782 parentes
956 738 1106 766 eorum
1141 721 1468 778 cremabantur,
1503 721 1713 784 omnipo-

322 796 415 832 tens
434 787 641 850 praebuit.
667 790 754 835 Ista
771 791 1014 847 considera,
1038 792 1118 838 ista
1139 792 1371 852 diligenter
1394 804 1436 838 et
1457 792 1528 856 pie
1547 793 1714 853 cogita3

320 869 362 904 et
379 859 529 906 videns
552 860 599 906 in
620 861 708 907 hoc
727 864 887 910 saeculo
924 864 1107 928 pusillos
1125 881 1226 910 cum
1246 864 1429 924 magnis,
1454 864 1620 928 pariter
1646 874 1716 909 ta-

320 929 437 976 libus
456 931 637 978 miseriis
653 934 896 994 subjacere,
915 936 1064 1000 quales
1088 935 1210 982 nullo
1229 935 1362 981 modo
1380 945 1556 1000 possent
1572 934 1617 980 in
1635 933 1717 980 Dei

323 1003 543 1067 paradiso,
573 1005 608 1050 si
626 1023 752 1053 nemo
780 1019 1021 1071 peccasset,
1048 1008 1255 1064 existere;
1291 1025 1474 1069 agnosce
1508 1006 1718 1067 originale

323 1085 576 1137 peccatum,
606 1087 647 1122 et
664 1080 835 1137 J'ustum
872 1096 1001 1140 grave
1033 1082 1190 1141 jugum
1216 1096 1347 1143 super
1377 1078 1490 1124 filios
1528 1077 1668 1124 Adam
1696 1095 1719 1122 a

325 1144 395 1190 die
414 1146 548 1192 exitus
579 1147 632 1193 de
663 1160 811 1195 ventre
844 1153 990 1198 matris
1013 1168 1163 1197 eorum
1184 1150 1201 1179 1
1235 1169 1244 1196 :
1269 1161 1310 1197 et
1337 1149 1426 1195 noli
1447 1167 1515 1195 eos
1540 1160 1613 1194 tua
1639 1148 1719 1193 de-

327 1216 516 1263 fensione
541 1218 729 1283 amplius
753 1238 1004 1281 aggravare,
1031 1222 1207 1282 aegrotis
1231 1221 1300 1268 vel
1321 1220 1504 1266 mortuis
1528 1218 1720 1265 salvato-

326 1305 418 1333 rem
444 1299 486 1333 et
501 1290 813 1338 vivificatorem
836 1292 1054 1353 denegans
1077 1293 1321 1339 Christum.

397 1360 507 1405 Nam
534 1360 566 1406 si
591 1363 751 1426 quaeris
772 1364 867 1427 quis
887 1364 999 1409 mihi
1021 1364 1174 1410 dixerit
1200 1381 1333 1428 quam
1371 1379 1579 1423 magnum
1613 1379 1719 1425 pec-

326 1440 475 1476 catum
502 1431 641 1478 Adam
660 1435 938 1498 perpetrarit,
962 1435 1053 1498 ipse
1074 1447 1136 1481 est
1161 1436 1237 1498 qui
1258 1434 1367 1481 dixit
1386 1445 1428 1479 et
1452 1433 1535 1479 tibi
1558 1451 1568 1478 :
1588 1432 1661 1478 sed
1686 1432 1719 1477 si

326 1500 465 1547 habes
484 1519 606 1549 aures
630 1505 856 1561 audiendi,
884 1505 1032 1552 audies
1050 1523 1174 1564 eum3
1199 1505 1386 1551 babebis
1409 1515 1550 1550 autem
1573 1521 1659 1559 eas,
1688 1503 1721 1548 si

329 1590 417 1617 non
442 1573 535 1620 illas
568 1585 662 1621 tuas
694 1577 876 1623 arbitrio
915 1577 1100 1633 tribuas,
1128 1577 1202 1623 sed
1225 1577 1279 1622 ab
1323 1576 1399 1622 1110
1430 1575 1620 1639 accipias
1645 1575 1721 1638 qui

330 1642 454 1700 dixit,
476 1666 497 1686 <‹
524 1646 652 1691 Dabo
687 1648 745 1693 eis
771 1665 846 1694 cor
869 1648 1161 1708 cognoscendi
1200 1666 1285 1705 me,
1308 1658 1350 1694 et.
1372 1664 1494 1693 aures
1534 1645 1722 1692 audien-

329 1736 350 1756 »
375 1725 436 1760 tes
460 1715 493 1763 2.
513 1737 532 1758 >³
575 1718 684 1775 Quis
705 1719 838 1775 enim,
876 1720 957 1764 nisi
979 1720 1054 1783 qui
1082 1719 1242 1764 talibus
1262 1719 1442 1765 auribus
1469 1728 1605 1773 caret,
1630 1734 1720 1762 non

330 1786 454 1831 audit
491 1787 768 1851 Scripturam
805 1790 895 1835 sine
926 1789 1017 1835 ulla
1052 1790 1320 1836 obscuritate
1345 1790 1414 1837 vel
1438 1788 1722 1848 ambiguitate

328 1856 546 1904 dicentem
576 1859 748 1906 homini
778 1861 922 1924 primo
955 1860 1193 1923 peccatori,
1223 1882 1242 1901 α
1263 1863 1396 1905 Terra
1422 1877 1482 1915 es,
1506 1870 1547 1904 et
1567 1859 1610 1904 in
1634 1869 1723 1904 ter-

332 1950 352 1970 »
374 1946 465 1974 ram
483 1929 567 1975 ibis
580 1929 597 1958 3
615 1933 633 1976 Ρ
651 1953 670 1972 >>
682 1932 769 1977 Ubi
782 1931 1002 1978 evidenter
1014 1931 1273 1987 ostenditur,
1291 1948 1381 1976 non
1394 1947 1489 1976 eum
1510 1928 1638 1975 fuisse
1656 1928 1725 1974 vel

327 2016 456 2046 earne
480 2001 762 2055 moriturum,
780 2002 826 2048 id
839 2004 973 2059 est,iu
989 2012 1167 2058 terram,
1191 2001 1308 2047 unde
1327 2018 1428 2047 caro
1440 2003 1529 2060 ejus
1547 2008 1721 2062 sumpta

327 2070 484 2127 fuerat,
506 2084 646 2118 morte
667 2073 802 2137 ipsius
821 2074 962 2119 carnis
979 2074 1160 2129 iturum,
1178 2073 1262 2119 nisi
1285 2083 1469 2137 propter
1489 2080 1723 2135 peccatum

327 2140 415 2187 hoc
431 2141 581 2188 audire
601 2144 857 2208 perpetique.
876 2145 1114 2201 meruisset,
1134 2144 1251 2190 unde
1265 2155 1412 2208 postea
1432 2142 1519 2188 dixi
1540 2143 1726 2204 Aposto-

330 2213 416 2268 lus,
437 2235 457 2255 «
477 2214 651 2278 Corpus
671 2215 851 2279 quidem
872 2226 1097 2260 mortuum
1116 2225 1178 2260 est
1195 2224 1379 2278 propter
1399 2222 1629 2277 peccatum
1645 2210 1679 2258 Α.
1704 2232 1723 2252 »

333 2284 443 2341 Quis
464 2301 553 2331 non
572 2285 740 2343 audiat,
759 2287 840 2333 nisi
856 2286 934 2352 qui
953 2286 1058 2332 tales
1083 2303 1207 2331 aures
1223 2303 1311 2331 non
1329 2285 1484 2340 habet,
1506 2283 1725 2329 dicentem

333 2357 475 2403 Deum
499 2356 552 2403 de
580 2358 677 2421 ipso
704 2359 860 2415 Adam,
894 2360 1000 2405 «Ne
1031 2357 1269 2422 aliquando
1307 2356 1508 2404 extendat
1543 2370 1725 2402 manum

334 2449 356 2470 »
383 2446 522 2487 suam,
546 2441 743 2477 etsumat
767 2431 820 2477 de
840 2431 961 2492 ligno
985 2430 1104 2478 vitae
1129 2440 1170 2475 et
1189 2429 1306 2486 edat,
1331 2440 1373 2475 et
1397 2427 1580 2476 vivatin
1604 2435 1728 2471 aeter-

330 2520 351 2543 »
374 2518 501 2559 num3
522 2512 564 2547 et
586 2501 751 2549 dimisit
771 2503 898 2549 illum
916 2502 1132 2548 Dominus
1152 2501 1206 2548 de
1221 2501 1426 2566 paradiso
1452 2496 1727 2561 voluptatis?

330 2591 351 2613 ›>
376 2572 455 2617 ubi
485 2572 636 2637 utique
669 2574 758 2620 sine
782 2574 936 2619 labore
963 2584 1004 2619 et
1028 2573 1180 2619 dolore
1216 2572 1306 2618 ullo
1338 2573 1501 2620 viveret
1527 2569 1571 2614 in
1597 2577 1728 2613 aeter-

373 2661 568 2695 1Eccli.xr,.
590 2674 617 2696 1.
632 2681 677 2688 —
692 2662 707 2687 2
727 2665 875 2701 Baruch.
893 2677 935 2707 11,
954 2677 1012 2699 21.
1028 2683 1072 2690 —
1094 2662 1108 2688 3
1128 2666 1215 2699 Gen,
1240 2675 1295 2704 111,
1316 2676 1413 2707 19.—
1429 2661 1442 2685 4
1461 2665 1559 2694 Rom·
1582 2670 1653 2702 vm,
1674 2668 1726 2691 ¹⁰·
