1863 3262
288 275 372 322 108
702 293 736 324 s.
778 292 1021 324 Acocsrim
1060 293 1261 324 nrrscom

281 367 517 402 creatorem
535 393 545 412 ‚
565 356 777 408 abutitur.
802 359 891 404 sine
916 358 1016 403 fidei
1037 357 1291 422 dispendio,
1317 359 1658 407 substantiarum

280 427 560 482 nominibus,
591 427 645 473 ad
666 428 1023 488 significationem
1048 429 1303 492 cupiditatis
1322 431 1585 478 immodicae.
1609 454 1628 473 >³

346 500 458 544 At‘c.
492 498 619 544 «Sed
655 509 700 544 tu
737 500 1138 562 concupiscentiali]
1179 502 1339 553 carnis,
1376 520 1455 547 nec
1484 503 1662 566 quando

279 567 514 614 immodica
537 580 597 614 est
613 606 623 625 ‚
647 571 711 615 vis
728 570 908 630 intelligi
927 570 1088 615 malum
1111 588 1197 616 esse
1216 609 1226 626 ‚
1255 572 1325 617 sed
1347 573 1536 626 bonum3
1565 591 1662 619 eos-

279 656 364 702 que
385 639 530 702 potius
554 640 671 685 bono
696 640 806 686 male
833 642 894 686 uti
913 678 923 697 ‚
944 641 1020 703 qui
1040 659 1087 686 ea
1112 652 1296 688 utuntur
1318 643 1566 688 immodice.
1598 645 1661 689 Ac

278 727 358 773 per
383 710 489 763 hoc,
512 710 545 754 si
565 711 918 774 coucupiscentia
945 712 1084 757 carnis
1110 712 1274 763 bonum
1294 724 1380 765 θεῖς
1407 714 1603 776 profecto
1621 725 1662 759 et

280 780 452 825 modica
482 780 649 826 bonum
674 792 734 826 est
765 781 1016 837 modicum,
1054 793 1095 827 et
1131 783 1365 829 immodica
1405 784 1569 829 bonum
1602 794 1663 829 est

280 850 566 896 immodicum
593 869 602 896 ε
631 851 704 897 sed
741 852 912 898 modica
940 852 1028 908 uti,
1056 853 1143 899 hoc
1177 864 1264 907 est,
1297 865 1346 899 ut
1376 854 1483 900 dicis
1503 892 1512 909 ‚
1542 855 1661 899 bono

280 922 391 967 bene
417 923 480 968 uti
507 940 517 967 :
542 922 778 968 immodica
803 941 904 969 vero
932 924 995 969 uti
1015 961 1026 979 ‚
1054 924 1141 970 hoc
1175 935 1259 980 est,
1298 936 1345 970 ut
1381 925 1515 980 dicis,
1543 925 1662 970 bono

281 992 394 1037 male
416 993 493 1039 uli.
529 993 652 1038 Sicut
670 993 818 1039 vinum
837 994 994 1057 procul
1013 994 1150 1040 dubio
1171 995 1337 1041 bonum
1351 1006 1411 1041 est
1434 1014 1444 1040 ε
1469 1018 1487 1036 α
1508 995 1664 1042 Omnis

282 1082 304 1104 ι
327 1063 441 1108 enim
467 1074 662 1109 creatura
685 1065 765 1109 Dei
786 1064 902 1110 bona
919 1076 1009 1110 est:
1032 1066 1161 1128 etqui
1188 1065 1362 1112 modico
1385 1066 1486 1112 vino
1508 1067 1663 1120 utitur,

281 1154 303 1175 >2
327 1133 445 1179 bono
467 1134 576 1179 bene
597 1135 759 1188 utitur3
776 1135 851 1198 qui
870 1152 970 1181 vero
989 1135 1226 1181 immodico
1247 1136 1347 1181 vino
1366 1137 1522 1192 utitur,
1545 1137 1663 1182 bono

282 1225 303 1246 »
329 1204 439 1250 male
461 1205 640 1251 utiturff.
665 1226 685 1246 »
707 1205 793 1250 Sed
823 1206 1011 1252 Joannes
1033 1223 1261 1270 nunquam
1286 1206 1448 1253 diceret
1472 1208 1621 1253 vinum
1643 1225 1665 1252 a

281 1286 406 1340 patre
444 1294 532 1321 non
573 1293 660 1322 esse
681 1314 690 1328 ,
729 1277 842 1322 sicut
876 1278 1275 1341 concupiscentiam
1310 1279 1450 1324 carnis
1491 1278 1599 1324 dixit
1642 1296 1664 1323 a

285 1348 417 1392 Patre
440 1364 525 1392 non
557 1364 658 1394 esse.
690 1348 790 1393 Non
815 1348 948 1408 igitur
969 1348 1132 1394 invenis
1148 1386 1158 1403 ‚
1187 1366 1287 1412 quae
1311 1349 1664 1412 concupiscentia

283 1418 424 1464 carnis
449 1435 538 1463 non
570 1418 627 1463 sit
657 1436 680 1463 a
714 1420 844 1464 Patre
871 1438 881 1464 ε
912 1420 1013 1482 quia
1048 1430 1088 1464 et
1124 1420 1362 1465 immodica
1398 1420 1567 1464 bonum
1605 1429 1666 1464 est

285 1487 405 1551 apud
431 1498 494 1542 te3
523 1498 565 1532 et
599 1487 672 1534 ille
702 1489 850 1552 potius
873 1507 960 1535 non
982 1500 1045 1534 est
1067 1490 1233 1540 bonus.
1264 1490 1340 1553 qui
1362 1490 1480 1535 bono
1504 1490 1666 1534 immo-

284 1558 384 1603 dico
402 1557 558 1613 utitur,
587 1557 633 1603 id
649 1568 735 1613 est,
764 1559 840 1622 qui
864 1559 981 1604 bono
1002 1559 1112 1604 male
1140 1560 1292 1607 utitur.
1319 1559 1439 1616 Quid
1459 1577 1557 1620 ergo
1577 1559 1665 1604 du-

284 1628 398 1674 bitas
421 1628 611 1674 breviter
632 1639 864 1693 aperteque
883 1629 1048 1685 dicere,
1075 1630 1194 1693 quod
1219 1631 1403 1676 obscure
1425 1630 1562 1690 longis
1586 1648 1666 1675 au—

285 1698 499 1744 fractibus
530 1698 666 1753 dicis,
705 1699 825 1763 quod
856 1700 964 1745 dixit
1000 1701 1188 1745 Joannes
1220 1701 1375 1746 falsum
1403 1718 1514 1756 esse,
1553 1711 1595 1745 et
1627 1711 1666 1744 te

285 1786 434 1815 verum
450 1769 619 1815 dicere?
648 1769 821 1815 Falsum
843 1782 905 1815 est
930 1771 1042 1816 enim
1066 1770 1185 1834 quod
1205 1771 1275 1816 ille
1295 1772 1352 1816 ait
1374 1789 1384 1815 ε
1416 1771 1666 1834 Concupis-

285 1840 427 1886 centia
451 1842 590 1886 carnis
609 1857 696 1886 non
710 1851 772 1886 est
791 1859 813 1886 a
830 1845 980 1897 Patre,
1011 1860 1033 1886 a
1057 1858 1145 1905 quo
1163 1853 1263 1886 sunt
1283 1842 1427 1887 omnia
1452 1842 1664 1886 naturalia

285 1911 403 1956 bona
431 1929 441 1956 :
469 1911 503 1957 si
521 1912 875 1975 concupiscentia
896 1911 1037 1958 carnis
1054 1950 1064 1968 ‚
1089 1922 1137 1957 ut
1163 1911 1331 1966 dicitis,
1359 1923 1398 1957 et
1429 1923 1531 1957 tunc
1552 1912 1667 1957 bona

286 1992 370 2036 est,
400 1999 501 2028 cum
529 2000 576 2027 ea
597 1982 780 2046 quisque
810 1983 1046 2029 immodica
1071 1983 1225 2038 utitur,
1251 1983 1323 2028 sed
1352 1982 1422 2028 ille
1446 1982 1584 2028 malus
1606 1993 1669 2028 est

288 2051 365 2115 qui
390 2051 508 2097 bono
531 2052 641 2097 male
659 2053 814 2099 utitur.

351 2122 496 2168 XXII.
537 2125 634 2168 JUL.
676 2144 695 2163 «
722 2123 940 2186 Praecepit
980 2140 1078 2183 ergo
1126 2141 1212 2168 non
1254 2122 1375 2181 diligi
1417 2121 1632 2167 mundum
1653 2158 1663 2176 ‚

286 2209 426 2256 neque
449 2210 495 2238 ea
519 2209 619 2255 quae
647 2193 692 2238 in
718 2192 884 2238 mundo
909 2194 1064 2247 sunt2;
1094 2205 1135 2239 et
1161 2194 1267 2239 dicit
1293 2192 1500 2261 quoniam
1531 2191 1668 2237 dilec-

289 2264 458 2309 toribus
478 2263 625 2309 saeculi
644 2263 724 2309 Dei
751 2263 941 2309 charitas
960 2264 1093 2310 inesse
1112 2282 1199 2310 non
1215 2265 1348 2327 possit
1372 2281 1382 2308 z
1412 2263 1484 2308 sed
1508 2280 1593 2308 non
1621 2273 1669 2308 ut

287 2334 374 2380 hoc
397 2334 571 2380 nomine
595 2334 839 2380 dilectionis
867 2353 890 2380 a
928 2334 1088 2380 saeculo
1113 2333 1425 2381 submovendae
1441 2371 1451 2389 ‚
1485 2333 1667 2379 alterum

287 2410 378 2467 ejus
393 2425 524 2471 quam
539 2424 692 2453 verum
705 2409 844 2453 Deum
861 2407 1042 2468 intelligi
1059 2407 1188 2454 faciat
1208 2407 1498 2463 conditorem3
1518 2422 1666 2451 verum

287 2488 336 2525 ut
371 2488 606 2538 agnoscant
642 2477 811 2534 fideles,
845 2478 984 2526 nullas
1018 2482 1246 2544 praesentis
1275 2479 1373 2525 vitae
1407 2476 1669 2543 cupiditates

284 2547 576 2614 praeferendas
600 2565 688 2596 esse
711 2548 975 2605 virtutibus,
1002 2567 1055 2598 ne
1074 2567 1193 2598 mens
1218 2566 1367 2599 eorum
1393 2558 1466 2597 aut
1486 2564 1664 2612 compa-

336 2632 345 2657 ¹
365 2643 377 2664 1
395 2631 477 2665 Tim.
493 2643 538 2675 iv,
558 2638 587 2670 4.
609 2649 649 2659 —
668 2631 684 2656 2
710 2645 720 2665 1
743 2635 893 2673 Joan.11‚
922 2635 974 2667 15.
