1863 3262
384 232 475 281 256
795 244 828 276 5.
873 244 1115 276 Auecs‘rlm
1152 245 1355 277 EPISCOPI

375 315 500 362 dicis,
529 313 638 358 Dico
659 311 805 375 plane,
828 311 931 375 quia
945 329 1094 358 verum
1116 323 1177 359 est
1201 330 1211 358 ε
1235 312 1354 376 quod
1387 311 1420 358 si
1441 322 1487 358 tu
1501 329 1650 360 verum
1673 331 1762 361 esse

377 403 466 431 non
489 395 636 448 putas,
669 382 815 428 curin
842 399 926 427 una
960 383 1196 447 eademque
1222 384 1449 440 sententia,
1490 401 1621 447 quam
1654 384 1763 431 dicit

378 456 466 511 ille,
495 455 594 501 dico
618 471 713 515 ego,
741 470 827 498 non
852 463 912 498 est
938 454 1212 500 Manichaeus
1236 455 1323 511 ille,
1353 454 1425 500 sed
1451 458 1560 514 ego?
1585 456 1762 512 Quanto

372 526 532 586 justius
548 525 623 571 hic
647 541 723 569 nos
738 523 1043 581 exclamamus,
1061 525 1099 569 Ο
1113 525 1453 571 erubescendam
1476 542 1762 589 personarum

376 595 701 659 acceptionem!
727 611 828 658 quae
866 604 907 640 te
935 595 1093 658 procul
1127 595 1263 641 dubio
1288 596 1539 641 erubescere
1571 606 1759 656 cogeret,

378 666 460 713 nisi
483 667 526 711 in
548 677 620 711 tua
636 681 819 729 persona
839 664 958 710 frons
981 666 1044 710 ori
1074 677 1146 711 tuo
1171 666 1320 711 similis
1346 677 1464 713 esset.

445 737 587 784 CVII.
621 738 719 784 JUL.
755 758 775 778 «
799 737 1029 783 Hunccine
1064 737 1221 782 audere
1239 737 1381 782 dicere
1398 755 1439 783 50
1460 738 1760 783 damnatorem

378 825 466 854 non
494 825 578 854 esse
594 808 806 867 conjugii,
829 818 870 853 et
900 818 1019 852 tanto
1046 807 1201 853 scelere
1222 807 1402 853 illudere
1422 809 1600 854 auribus
1618 808 1763 872 impe-

377 878 488 935 ritis,
508 889 556 924 ut
575 896 595 924 a
619 878 857 924 Manichaei
881 895 922 924 50
937 878 1053 923 dicat
1068 878 1284 924 Γο0055ἰ550
1299 880 1534 935 consortio,
1555 880 1630 942 qui
1647 896 1765 924 com·

380 948 626 996 mixtionem
659 965 853 1004 sexuum,
877 949 950 1011 qui
978 965 1151 1011 operam
1175 948 1446 1011 nuptiarum,
1471 949 1545 1012 qui
1569 949 1765 994 affectio-

378 1037 474 1066 nem
508 1030 549 1064 et
588 1036 758 1065 sensum
794 1030 1025 1082 parentum
1066 1020 1111 1064 in
1150 1037 1280 1079 regno
1319 1019 1484 1065 diaboli
1529 1019 1766 1083 multiplici

379 1090 642 1154 professione
670 1089 920 1143 constituit3
950 1100 1077 1153 atque
1107 1090 1160 1135 ad
1190 1090 1289 1136 haec
1325 1090 1500 1136 inventa
1527 1089 1765 1136 Manichaei

379 1161 646 1222 adjutorium
665 1161 728 1206 sui
751 1161 1178 1221 acuminisjungens,
1201 1162 1461 1225 pronuntiat
1477 1161 1654 1225 quidem
1672 1160 1764 1206 dia-

378 1232 566 1278 bolicam
594 1231 943 1278 commixtionem
964 1269 975 1288 ,
1009 1249 1190 1295 eamque
1214 1250 1300 1278 0550
1335 1243 1376 1278 et
1400 1250 1528 1296 opere
1561 1243 1603 1278 et
1638 1249 1766 1278 carne

378 1306 634 1363 conjugum,
657 1320 705 1348 ac
727 1313 909 1366 propter
943 1319 1036 1347 eam
1063 1302 1246 1365 deputat
1265 1320 1396 1363 regno
1416 1303 1600 1358 diaboli,
1629 1302 1762 1348 abso-

377 1372 478 1418 lutis
496 1384 636 1418 tamen
656 1373 976 1436 operatoribus,
1006 1373 1275 1420 innocentes.
1299 1374 1363 1418 lta
1382 1374 1531 1436 utique
1545 1373 1637 1418 Deo
1648 1389 1764 1418 sem-

375 1461 454 1507 per
480 1442 675 1498 infestus,
716 1443 957 1500 diabolico,
986 1444 1097 1489 sicut
1140 1443 1266 1502 dicit,
1292 1462 1370 1508 per
1400 1443 1630 1490 libidinem
1673 1461 1763 1490 ser-

376 1526 541 1561 vientes
568 1525 730 1561 tuctur.

439 1586 557 1632 Auo.
579 1586 723 1641 Erras,
745 1595 784 1630 et
800 1584 880 1630 tibi
896 1584 1210 1630 consentientes
1223 1583 1357 1630 mittis
1373 1582 1533 1630 aliosin
1543 1600 1760 1631 erroremz

375 1673 465 1703 non
486 1656 677 1702 serviunt
709 1655 885 1702 diabolo
918 1673 996 1719 per
1031 1654 1279 1713 libidinem,
1316 1655 1392 1720 qui
1428 1655 1618 1701 filiorum
1653 1672 1763 1719 pro-

376 1726 668 1774 creandorum
698 1743 826 1772 causa
853 1737 1038 1771 utuntur
1071 1730 1310 1787 conjugum
1332 1743 1533 1790 corpore,
1556 1735 1604 1772 ut
1628 1743 1763 1786 gene-

375 1808 526 1844 rentur
551 1796 845 1857 regenerandi.
875 1796 964 1842 Nec
1001 1795 1098 1842 idco
1125 1807 1268 1842 tamen
1302 1796 1550 1842 defenditur
1567 1795 1764 1842 libidinis

375 1869 539 1914 malum
567 1886 576 1913 ε
601 1868 673 1914 sed
708 1867 1005 1913 defenduntur
1027 1868 1103 1931 qui
1127 1868 1238 1914 bene
1277 1879 1464 1914 utuntur
1507 1867 1638 1914 malo.
1686 1868 1762 1913 Est

374 1940 489 1986 enim
514 1950 554 1986 et
580 1938 681 1985 mali
700 1955 799 1984 usus
816 1939 974 1985 bonus.
1002 1939 1111 1984 Nam
1138 1951 1178 1985 et
1201 1939 1337 2003 ipsius
1363 1940 1535 1986 Satanae
1550 1938 1595 1985 in
1609 1938 1763 2002 Scrip-

375 2011 482 2057 turis
517 2011 675 2057 sanctis
699 2010 976 2074 reperiuntur
1005 2010 1229 2067 utilitates,
1258 2021 1457 2057 manente
1481 2013 1573 2070 ejus
1599 2009 1763 2056 scilicet

369 2081 706 2145 vituperatione,
733 2080 863 2126 laude
886 2098 985 2127 vero
1005 2083 1160 2127 utentis
1181 2081 1294 2127 malo
1311 2082 1436 2128 bene.

442 2153 604 2199 CVIII.
638 2153 737 2199 JUL.
776 2151 1026 2198 «Parvulos
1047 2169 1149 2198 vero
1170 2189 1181 2209 ,
1208 2170 1317 2216 quos
1343 2171 1366 2198 a
1391 2154 1481 2198 Deo
1503 2152 1596 2197 fieri
1619 2151 1756 2209 dicit,

376 2222 571 2270 dominio
608 2222 773 2269 addicit
797 2222 996 2279 inimici,
1024 2222 1170 2286 sicque
1202 2241 1286 2269 non
1315 2240 1426 2287 opus
1453 2223 1664 2269 daemonis
1688 2241 1762 2269 ar-

376 2296 492 2356 guit,
514 2299 640 2355 quus
659 2294 876 2340 ministros
903 2293 1090 2339 absolvit
1115 2313 1136 2340 a
1158 2294 1321 2358 culpa;
1345 2294 1417 2341 sed
1437 2311 1546 2358 opus
1573 2294 1677 2350 Dei,
1705 2294 1760 2340 ad

375 2366 493 2431 quod
515 2366 724 2412 diabolici
746 2365 934 2412 muneris
964 2366 1135 2411 conscia
1162 2366 1363 2430 voluptas
1377 2383 1465 2412 non
1489 2365 1635 2429 potuit
1655 2382 1760 2429 per-

375 2438 535 2485 Venire.
569 2437 822 2498 ConjUgalis
842 2454 941 2497 ergo
971 2437 1111 2500 operis
1131 2437 1403 2494 criminator,
1433 2436 1505 2483 sed
1525 2436 1760 2482 libidinum

375 2509 586 2572 expiator,
629 2508 911 2572 impugnator
944 2507 1205 2554 innocentiae
1226 2546 1236 2565 ,
1275 2519 1317 2554 et
1356 2508 1518 2556 divinae
1542 2507 1760 2571 aequitatis

374 2578 606 2627 infamator
635 2596 722 2627 non
753 2578 899 2627 timuit
921 2577 1109 2626 scribere
1135 2597 1144 2624 ε
1175 2601 1194 2622 »
1220 2579 1330 2627 Dico
1362 2578 1514 2644 plane,
1539 2577 1637 2626 ideo
1663 2576 1758 2626 illos
