1824 3236
142 274 298 303 ommis
336 269 596 301 IMPERFEC'H
635 267 809 299 CONTRA
845 268 1091 307 JumANtJM,
1132 268 1218 297 mn.
1262 268 1324 297 vi.
1375 252 1468 313 489

155 341 270 384 AuG.
298 338 590 382 Assentatores
613 333 779 379 diaboli
799 350 886 378 non
904 350 1051 379 sumus
1070 369 1080 389 ‚
1109 351 1187 379 nec
1208 337 1298 393 ejus
1320 343 1470 396 potes-

93 419 248 463 tatem,
276 423 376 470 quae
402 406 479 451 Dei
503 405 699 464 subjecta
721 414 782 448 est
809 405 1010 466 potestati
1028 441 1038 459 ,
1062 403 1304 450 adulatorio
1322 441 1333 459 ,
1359 403 1471 448 sicut

92 479 220 525 nobis
240 475 548 524 conviciamini
568 512 578 531 ‚
599 474 823 538 praeconio
839 474 979 520 laudis
998 474 1254 521 extollimus.
1287 473 1371 519 Sed
1391 473 1474 519 uti-

93 565 193 593 nam
214 565 289 593 vos
321 563 408 592 non
442 548 530 604 ejus
551 544 707 590 milites
730 544 871 590 essetis
889 581 900 600 ‚
929 544 1040 589 sicut
1065 561 1213 590 omnes
1236 543 1432 589 haeretici
1457 560 1467 588 :

94 634 284 681 quorum
300 616 372 662 ille
386 615 590 675 dogmata
609 616 654 660 in
675 631 785 678 quos
802 614 992 678 potuerit
1010 651 1020 669 ‚
1039 631 1117 677 per
1134 624 1292 660 vestras
1307 613 1474 673 linguas

96 688 214 734 velut
237 686 320 732 tela
343 686 562 732 mortifera
577 686 812 746 jaculatur.
837 686 955 732 Dicit
975 686 1235 749 Apostolus:
1260 706 1280 727 «
1304 684 1478 730 Gratias

97 779 119 800 ›>
146 768 315 817 agentes
357 756 502 808 Patri,
546 756 723 802 idoneos
758 756 933 802 facienti
971 772 1047 801 nos
1082 756 1127 801 in
1153 766 1322 818 partem
1356 754 1480 800 sortis

100 850 121 870 »
147 828 407 873 Sanctorum
432 827 476 872 in
494 827 660 872 lumine
679 864 690 882 ,
718 827 793 890 qui
812 827 922 872 eruit
941 843 1017 872 nos
1042 825 1095 872 de
1119 835 1333 889 potestate
1360 835 1480 869 tene-

98 919 122 941 »
145 897 326 943 brarum
342 934 354 954 ,
378 907 420 942 et
438 896 657 942 transtulit
678 898 721 942 in
741 914 921 957 regnum
937 896 1034 942 Filii
1051 896 1276 943 charitatis
1290 893 1406 940 suae‘1
1428 912 1438 939 ε
1462 915 1482 936 ›>

100 978 142 1014 et
161 984 236 1013 vos
253 968 353 1012 istas
372 967 527 1027 gratias
550 984 631 1030 pro
659 968 853 1031 parvulis
874 985 951 1013 nos
974 983 1095 1027 agere
1114 966 1359 1030 prohibetis
1375 1002 1385 1021 ‚
1414 982 1484 1011 as-

101 1048 283 1084 serentes
302 1054 372 1083 eos
390 1055 478 1083 non
504 1054 590 1083 esse
614 1039 696 1084 sub
715 1049 926 1102 potestate
948 1037 1140 1092 diaboli3
1172 1045 1221 1083 ut
1239 1036 1347 1100 quid
1368 1073 1377 1091 ‚
1405 1035 1486 1081 nisi

102 1118 152 1154 ut
167 1107 268 1154 inde
288 1125 375 1154 non
392 1118 618 1164 eruantur,
641 1126 694 1155 ne
717 1109 841 1155 lucra
865 1108 1030 1154 diaboli
1059 1108 1344 1153 minuantur?
1369 1105 1487 1151 Dicit

103 1179 226 1224 Jesus
256 1215 266 1234 ,
288 1179 366 1242 qui
392 1178 633 1225 secundum
686 1180 773 1225 hoc
800 1196 956 1226 nomen
995 1196 1149 1234 suum,
1185 1178 1351 1225 salvum
1385 1176 1491 1223 facit

103 1249 318 1313 populum
349 1266 475 1295 suum
501 1268 523 1295 a
549 1251 741 1313 peccatis
767 1268 917 1297 eorum
943 1269 953 1295 ι
984 1272 1003 1292 α
1027 1252 1165 1296 Nemo
1191 1250 1324 1295 intrat
1342 1249 1386 1294 in
1405 1247 1490 1293 do-

113 1341 135 1365 »
160 1337 282 1365 mum
307 1319 455 1377 fortis,
478 1331 526 1366 ut
550 1338 648 1366 vasa
672 1324 764 1380 ejus
789 1322 970 1385 eripiat,
1005 1321 1087 1367 nisi
1107 1321 1229 1384 prius
1258 1317 1495 1379 alligaverit

107 1412 129 1434 ³>
153 1390 306 1437 fortem
321 1391 338 1419 ‘2
366 1409 376 1436 ε
404 1413 423 1433 »
444 1402 487 1437 et
505 1409 581 1438 vos
599 1392 644 1437 in
664 1392 751 1438 hoc
774 1393 943 1457 populo
960 1392 1150 1447 Christi,
1176 1408 1306 1454 quem
1328 1390 1495 1436 salvum

106 1461 218 1507 facit
241 1480 265 1507 a
302 1462 492 1525 peccatis
529 1480 703 1519 eorum,
742 1464 950 1526 parvulos
971 1480 1055 1508 non
1082 1479 1169 1508 esse
1205 1460 1491 1515 contenditis,

111 1548 223 1595 quos
260 1542 309 1576 ut
334 1532 552 1595 propriis,
588 1533 647 1578 ita
675 1550 754 1578 nec
784 1534 1070 1594 originalibus
1099 1533 1228 1578 vultis
1263 1532 1496 1577 obstrictos

109 1620 195 1649 esse
219 1603 435 1666 peccatis;
452 1614 493 1649 ct
513 1621 613 1649 cum
630 1603 775 1650 fallaci
796 1616 936 1650 vestro
955 1620 1150 1649 sermone
1169 1602 1363 1648 minuitis
1385 1602 1498 1647 vires

113 1677 226 1733 ejus,
243 1691 373 1737 quem
401 1674 507 1720 dixit
529 1676 686 1721 veritas
701 1674 856 1721 fortem
873 1713 884 1732 ,
907 1691 1052 1720 errore
1076 1685 1219 1720 vestro
1240 1690 1337 1719 eum
1361 1672 1502 1718 facitis

94 1744 170 1806 >ad
193 1745 456 1790 obtinendos
476 1746 682 1809 parvulos
715 1744 957 1793 fortiorem.
1000 1745 1120 1791 Dicit
1148 1745 1271 1790 Jesus
1294 1762 1304 1788 ε
1334 1766 1352 1783 α
1372 1742 1502 1788 Venit

42 1822 47 1831 '
116 1836 138 1857 »
161 1815 273 1859 enim
303 1814 436 1860 Filius
453 1815 644 1861 hominis
660 1833 871 1880 quaerere,
889 1828 931 1862 et
946 1816 1112 1862 salvum
1132 1815 1272 1860 facere
1290 1813 1409 1878 quod
1431 1829 1505 1876 pe-

117 1905 138 1927 »
162 1884 314 1930 rierat3
340 1902 350 1930 ε
379 1906 399 1927 »
417 1896 458 1931 et
482 1902 559 1932 vos
581 1886 618 1931 ei
643 1886 911 1950 respondetis
935 1904 945 1932 ε
975 1904 1063 1932 non
1088 1901 1198 1948 opus
1229 1895 1292 1930 est
1319 1894 1368 1929 ut
1401 1900 1502 1946 par-

119 1954 245 2000 vulos
265 1972 435 2018 quaeras
450 1992 461 2011 ‚
493 1955 599 2019 quia
618 1973 704 2002 non
724 1957 972 2020 perierant;
994 1968 1125 2019 atque
1149 1955 1208 2000 ita
1234 1971 1336 2000 cum
1367 1954 1423 1999 ab
1448 1952 1506 1998 eis

121 2025 359 2071 Salvatoris
384 2025 710 2090 inquisitionem
729 2027 937 2090 repellitis
952 2065 963 2083 ,
984 2036 1243 2091 potestatem
1268 2034 1419 2070 contra
1437 2039 1509 2069 eos

91 2145 95 2147 ,
122 2094 408 2142 vulneratoris
433 2097 611 2156 augetis,
648 2097 766 2143 Dicit
799 2098 923 2143 Jesus
947 2116 957 2143 :
994 2098 1131 2142 «Non
1161 2105 1222 2141 est
1248 2093 1508 2141 necessarius

123 2187 144 2207 >2
169 2165 281 2212 sanis
313 2166 533 2223 medicus,
567 2167 639 2213 sed
665 2168 775 2214 male
800 2169 1092 2224 habentibu53
1113 2184 1203 2212 non
1236 2165 1334 2211 veni
1353 2181 1508 2210 vocare

124 2257 146 2278 »
165 2239 328 2295 justos,
347 2236 420 2282 sed
442 2237 716 2299 peccatores4
743 2256 754 2283 ι
779 2261 798 2280 >2
823 2249 865 2283 et
882 2255 958 2284 vos
971 2239 1006 2284 ei
1029 2238 1173 2283 dicitis
1194 2254 1204 2281 ε
1228 2238 1327 2282 Non
1345 2253 1387 2282 es
1409 2251 1510 2295 ergo

125 2306 320 2371 parvulis
342 2307 605 2353 necessarius
623 2345 633 2364 ‚
664 2309 767 2372 quia
799 2326 881 2354 nec
913 2309 1140 2356 voluntate
1173 2317 1274 2352 sunt
1296 2305 1504 2369 propria,

124 2394 204 2424 nec
224 2377 419 2441 humana
444 2377 610 2437 origine
628 2390 892 2442 peccatores
921 2381 1033 2425 Cum
1055 2396 1156 2438 ergo
1178 2394 1267 2423 non
1285 2376 1424 2423 salvos
1441 2392 1511 2421 ve-

100 2494 102 2501 s
125 2447 218 2492 nire
230 2446 457 2493 salvandos
475 2448 625 2494 vetatis
645 2448 698 2494 ad
715 2449 955 2506 medicum,
978 2448 1197 2495 diabolica
1215 2449 1260 2494 in
1273 2447 1332 2499 eis
1351 2455 1516 2493 exercet

175 2549 186 2569 ¹
208 2549 326 2580 Coloss-
350 2560 378 2585 ¹,
412 2538 530 2582 12.'·-—
549 2548 565 2572 2
586 2540 702 2581 Matth.
722 2558 767 2582 κη
786 2573 794 2589 ,
823 2561 877 2591 29.
905 2568 945 2575 -·
976 2548 989 2573 3
1008 2551 1085 2586 Luc.
1120 2559 1198 2587 xnt,
1234 2559 1285 2591 ro.
1304 2566 1346 2578 -÷-
1368 2545 1382 2570 ⁴
1403 2551 1508 2581 Marc.

127 2616 174 2639 >ur
192 2629 200 2644 ‚
234 2617 282 2644 ¹5-
