1824 3236
197 297 354 328 ominis
393 296 650 327 turnum-:cri
687 297 863 327 COM'.·.A
899 298 1143 338 armum,
1187 300 1269 329 tin.
1313 300 1371 329 w.
1426 285 1515 346 587

143 363 347 410 adversus
365 362 586 426 spiritum,
610 362 804 408 nondum
824 374 912 408 crat
932 374 1028 408 ante
1053 365 1182 426 primi
1206 364 1393 410 hominis
1412 365 1521 411 illud

143 433 309 494 grande
330 444 562 497 peccatum
586 450 596 476 ε
626 432 697 478 sed
716 450 803 479 esse
822 443 926 478 tunc
945 435 1083 497 cupit
1105 471 1112 478 .
1132 445 1418 497 naturamque
1446 436 1528 481 llu-

145 521 320 551 manam
346 514 556 567 tanquam
580 503 627 549 in
658 503 837 549 traduce
862 504 1056 561 vitiavit,
1085 505 1197 549 unde
1232 505 1367 550 trahit
1400 506 1526 565 origi-

144 574 243 621 nale
264 585 513 638 peccatum.
539 576 653 619 Cum
683 573 756 619 illa
780 574 947 638 quippe
981 575 1120 620 omnis
1140 574 1274 620 homo
1298 575 1490 620 nascitur
1510 593 1522 620 ε

144 661 226 692 nec
249 644 383 704 hujus
418 644 789 708 concupiscentiae
823 654 990 699 reatus,
1021 645 1100 690 nisi
1126 645 1173 690 in
1202 644 1538 690 renascentibus

146 714 347 770 solvitur,
372 724 422 760 ut
448 731 498 761 eo
526 726 627 778 post
656 715 773 760 hanc
803 714 1118 760 absolutionem
1141 732 1227 760 non
1254 716 1520 778 inquinetur,

145 785 232 831 nisi
252 785 331 849 qui
349 785 388 831 ei
407 784 461 831 ad
482 785 826 849 perpetrandum
847 802 958 848 opus
981 786 1144 831 malurn
1164 823 1173 839 ‚
1197 786 1353 849 spiritu
1378 786 1527 831 adver-

146 872 216 902 sus
228 872 326 901 eam
343 856 412 902 vel
430 872 519 901 non
538 856 875 919 concupiscente
891 893 901 911 ‚
928 856 996 901 vel
1021 872 1107 901 non
1128 856 1281 901 fortius
1302 856 1530 919 concupis-

147 936 272 973 cente
286 961 298 982 ,
318 926 547 973 consentit.
574 926 755 973 Addunt
767 943 867 986 ergo
882 926 990 972 vires
1006 926 1143 972 eidem
1163 926 1528 989 concupiscentiae

102 1025 126 1029 —·
148 1007 332 1061 peccata
347 1034 359 1054 ‚
385 1013 487 1060 quae
514 997 729 1044 accedunt
748 999 926 1061 propria
946 997 1170 1042 voluntate
1194 998 1468 1060 peccantium
1488 1007 1530 1041 et

148 1069 244 1132 ipsa
277 1068 548 1114 consuetudo
581 1068 822 1133 peccandi,
859 1085 959 1132 quae
995 1084 1080 1113 non
1114 1068 1273 1113 frustra
1307 1068 1395 1113 dici
1426 1066 1531 1113 solet

149 1138 341 1186 secunda
363 1150 552 1186 natura.
578 1141 650 1186 sed
671 1157 724 1186 ne
747 1151 851 1185 tunc
870 1138 1045 1202 quidem
1067 1139 1206 1184 omnis
1224 1148 1286 1183 est
1303 1138 1532 1201 concupis-

150 1209 307 1256 centia.
349 1209 510 1256 Adhuc
530 1211 645 1256 enim
674 1210 810 1256 habet
828 1227 915 1272 quo
941 1219 1131 1264 crescat3
1158 1209 1366 1272 quoniam
1391 1209 1530 1254 minor

150 1291 239 1333 est,
265 1279 462 1344 quandiu
488 1298 576 1327 non
600 1299 623 1326 a
647 1281 836 1336 sciente,
867 1281 939 1326 sed
969 1281 1024 1325 ab
1055 1280 1280 1339 ignorante
1303 1290 1525 1342 peccatur.

154 1348 262 1396 Ideo
288 1366 378 1395 non
401 1350 462 1395 ait
485 1366 496 1395 ι
521 1350 621 1396 Non
645 1350 865 1395 habebam
887 1387 898 1405 ‚
930 1350 1023 1402 sed,
1052 1370 1071 1390 α
1093 1349 1342 1394 Nesciebam
1376 1364 1534 1394 concu-

152 1441 173 1462 »
199 1420 456 1483 piscentiam
473 1457 484 1476 ,
520 1421 602 1466 nisi
623 1420 688 1466 lex
709 1421 870 1466 diceret
901 1438 911 1464 :
946 1422 1041 1465 Non
1065 1420 1361 1482 concupisces.
1395 1420 1533 1464 Occa-

154 1513 174 1532 »
199 1491 318 1537 sione
336 1501 480 1536 autem
498 1502 675 1555 accepta
697 1503 925 1555 peccatum
942 1509 1021 1555 per
1035 1491 1289 1537 mandatum
1310 1501 1534 1554 operatum

155 1583 176 1604 »
201 1562 331 1608 estin
355 1579 421 1608 me
445 1579 619 1608 omnem
654 1563 1071 1626 concupiscentiam.
1097 1583 1117 1602 η
1144 1562 1298 1607 Omnis
1327 1572 1388 1607 est
1422 1562 1534 1605 enim

155 1632 512 1695 concupiscentia
525 1669 535 1687 ‚
553 1633 732 1696 quando
754 1633 976 1696 prohibita
995 1633 1368 1694 concupiscuntur
1389 1631 1537 1676 arden-

156 1704 240 1750 tius
258 1739 269 1759 ,
292 1713 334 1749 et
351 1713 531 1766 peccata
549 1707 642 1763 jam
667 1704 840 1764 cognita
857 1740 869 1758 ‚
892 1703 1148 1762 ignorantiae
1173 1703 1344 1747 sublata
1373 1718 1543 1747 excusa·

155 1776 298 1832 tione,
321 1786 367 1821 et
397 1776 628 1823 accedente
652 1777 756 1837 legis
779 1776 1138 1840 praevaricatione
1158 1812 1167 1830 ,
1203 1774 1539 1820 committuntur

129 1905 133 1907 q
156 1862 405 1893 immamus.

223 1916 350 1963 Unde
372 1916 438 1962 lex
462 1917 570 1972 Dei,
606 1918 724 1981 apud
753 1935 824 1963 eos
851 1934 960 1980 quos
988 1934 1075 1963 non
1103 1916 1280 1975 adjuvat
1305 1915 1439 1974 gratia
1459 1914 1538 1959 Dei

158 2005 238 2052 per
255 1989 427 2047 Agnum
449 1988 526 2052 Dei
542 1989 619 2051 qui
636 1988 748 2034 tollit
770 1999 952 2050 peccatu
962 2005 1000 2032 m
1020 1986 1191 2042 mundi,
1221 2002 1306 2030 non
1331 1984 1540 2030 correctio

162 2058 386 2121 peccantis
408 2057 504 2114 ‚sed
522 2058 660 2104 virtus
678 2059 824 2122 potius
839 2069 901 2103 est
921 2057 1038 2103 dicta
1057 2057 1238 2120 peccati.
1264 2060 1318 2100 [t
1331 2054 1426 2100 ideo
1439 2069 1539 2099 cum

163 2127 336 2174 dixisset
368 2144 380 2173 t
408 2127 557 2174 Virtus
593 2131 765 2191 peccati
794 2129 857 2174 lex
876 2166 886 2184 ‚
924 2138 1130 2191 tanquam
1174 2125 1539 2189 responderetur:

165 2197 285 2255 Quid
306 2214 410 2258 ergo
435 2197 671 2255 faciemus,
704 2200 738 2245 si
763 2209 993 2262 peccatum
1028 2214 1106 2242 nec
1129 2197 1220 2256 lege
1253 2195 1438 2250 tollitur,
1469 2193 1541 2240 sed

165 2277 370 2335 augetu'r.
359 2271 378 2304 ὓ
398 2270 609 2316 continuo
628 2271 863 2330 subjiciens
884 2269 961 2314 ubi
980 2285 1075 2331 spes
1092 2267 1248 2313 debeat
1269 2282 1353 2311 esse
1372 2275 1548 2310 certamw

137 2339 284 2404 'tibus
310 2355 322 2383 :
348 2339 592 2397 «Gratias,
633 2341 800 2405 inquit,
843 2342 932 2385 Deo
966 2339 1041 2403 qui
1081 2337 1203 2383 dedit
1236 2336 1363 2382 nobis
1402 2336 1545 2380 victo—

167 2432 188 2454 »
211 2409 372 2468 rimm13
389 2431 411 2452 ¹>
429 2410 498 2456 vel
521 2411 634 2458 sicut
654 2412 727 2458 alii
758 2411 932 2457 codices
960 2410 1126 2456 habent
1144 2446 1154 2463 ‚
1187 2406 1306 2472 quod
1330 2417 1372 2451 et
1401 2405 1546 2452 Graeci

166 2482 334 2529 habent
351 2517 363 2537 ,
384 2481 464 2544 qui
482 2481 560 2528 dat
582 2483 710 2529 nohis
726 2483 954 2528 victoriam
979 2498 1058 2545 per
1084 2480 1320 2524 Dominum
1350 2487 1546 2522 nostrum

166 2557 309 2600 ,lesum
327 2551 568 2600 Christum.
599 2553 826 2600 Verissime
839 2569 1018 2616 prorsus
1039 2569 1048 2595 τ
1074 2571 1093 2591 <‹
1115 2549 1160 2595 Si
1178 2548 1290 2594 enim
1313 2546 1413 2593 data
1440 2555 1549 2592 esset

217 2637 227 2659 ¹
251 2648 263 2668 1
283 2638 360 2669 Cor.
381 2645 435 2679 xv,
454 2637 511 2676 57.
