1824 3236
161 273 318 304 OPERIS
355 270 619 305 IMPERFECTI
655 268 831 301 CONTRA
864 267 1108 310 JULIANUM,
1148 267 1236 300 LIB.
1280 268 1319 300 V.
1392 252 1486 316 399

113 337 184 386 sed
202 342 292 401 jam
313 337 651 387 necessariorum
678 334 777 382 finis
805 344 892 390 est;
915 333 1021 380 hinc
1045 332 1276 380 finduntur
1297 333 1342 380 in
1376 351 1488 380 con·-

115 411 244 458 traria
274 410 529 459 voluntates,
567 407 634 455 Ad
662 406 866 453 unionem
893 422 991 465 ergo
1018 405 1242 451 necessarii
1266 404 1489 452 divisionis

111 493 268 529 natura
285 500 374 529 non
391 482 593 546 pertinet.
620 479 687 524 Ita
706 476 1039 542 possibilitatem
1064 476 1228 522 habere
1251 476 1448 537 cogimur
1473 493 1484 522 ι

112 553 176 599 uti
194 564 337 600 autem
360 552 428 600 vel
455 552 565 598 bene
597 549 665 596 vel
692 548 802 595 male
824 548 918 611 ipsa
944 546 1232 610 possibilitate
1257 565 1344 593 non
1365 549 1490 608 cogi—

110 641 223 672 mur.
255 625 320 670 Ita
351 625 422 681 fit,
447 634 496 670 ut
518 623 649 668 etiam
683 619 952 685 possibilitas
983 618 1197 681 peccandi
1221 636 1356 682 capax
1379 620 1486 665 boni

110 695 319 759 malique,
343 695 416 741 sed
436 692 671 741 voluntarii
695 692 748 737 sit
771 708 781 736 ε
804 690 1014 754 quoniam
1035 689 1142 735 boni
1163 690 1333 754 proprii
1352 707 1487 754 capax

108 783 195 813 esse
217 784 306 812 non
325 776 520 831 poterat,
546 764 629 810 nisi
653 780 790 826 capax
813 772 918 808 esset
945 771 986 807 et
1005 761 1147 824 pravi.
1175 782 1195 803 ))

176 839 292 886 Aue..
319 839 405 885 Dic
421 838 584 903 potius,
604 836 639 882 si
664 834 726 882 vis
744 851 897 881 verum
924 833 1093 886 dicere,
1130 831 1321 878 hominis
1351 843 1486 878 natu-

110 927 202 956 ram
239 926 443 974 capacem
486 909 592 955 boni
627 917 669 953 et
700 906 823 970 pravi
858 905 982 969 prius
1009 903 1170 950 factam
1209 921 1220 949 :
1253 921 1341 950 non
1367 903 1488 967 quod

108 998 198 1026 non
240 991 384 1044 posset
419 980 550 1026 solius
588 977 694 1024 boni
733 994 868 1040 capax
902 976 1020 1029 fieri;
1063 975 1137 1021 sed
1163 974 1282 1038 quod
1309 975 1365 1020 ab
1393 976 1489 1038 ipso

109 1052 247 1114 gradu
272 1051 589 1099 ordinatissime
612 1066 783 1110 surgere
809 1048 990 1103 debuit,
1020 1057 1069 1093 ut
1097 1047 1132 1092 si
1160 1064 1249 1093 non
1272 1057 1492 1110 peccasset

108 1123 287 1188 quando
310 1139 491 1187 peccare
518 1130 689 1186 posset,
719 1119 772 1165 ad
793 1136 886 1165 eam
908 1118 1226 1164 beatitudinem
1246 1118 1492 1182 perveniret

111 1195 188 1241 ubi
207 1211 388 1259 peccare
409 1211 498 1240 non
523 1201 682 1256 posset.
707 1190 841 1246 Quia,
863 1189 975 1235 sicut
996 1192 1088 1248 jam
1114 1189 1201 1234 dixi
1218 1227 1229 1245 ‚
1254 1200 1490 1251 utrumque

110 1283 316 1327 magnum
338 1266 507 1312 bonum
522 1274 584 1311 est
601 1300 612 1320 ,
643 1261 843 1326 quamvis
863 1260 1005 1306 minus
1023 1277 1180 1317 unum,
1202 1260 1381 1306 alterum
1402 1277 1492 1304 ma-

103 1340 189 1397 jus,
213 1337 360 1383 Minus
382 1347 448 1382 est>
463 1335 576 1381 enim
595 1350 720 1398 posse
741 1348 830 1378 non
850 1348 1050 1395 peccare,
1079 1335 1221 1391 majus
1240 1342 1383 1377 autem
1403 1348 1490 1376 non

108 1422 235 1470 posse
257 1424 439 1471 peccare
471 1424 482 1452 ε
521 1416 563 1451 et
599 1403 835 1468 oportebat
860 1420 883 1447 a
906 1403 1060 1448 merito
1093 1403 1201 1448 boni
1226 1403 1406 1449 minoris
1436 1400 1490 1447 ad

108 1479 341 1541 praemium
372 1477 600 1543 pervenire
635 1475 825 1535 majoris.
852 1474 963 1521 Nam
994 1474 1027 1519 si
1065 1474 1219 1520 «Boni
1247 1473 1445 1538 proprii,
1472 1494 1493 1515 ›>

109 1549 223 1595 sicut
254 1548 391 1604 dicis,
430 1570 451 1590 «
472 1553 620 1611 Capax
647 1563 733 1592 esse
770 1563 857 1591 non
889 1555 1060 1608 poterat
1093 1546 1287 1591 humana
1311 1556 1493 1602 natura,

109 1619 190 1664 nisi
210 1636 344 1683 capax
368 1628 477 1664 esset
499 1628 541 1663 et
561 1616 714 1681 pravi3
736 1637 756 1657 »
790 1631 870 1660 cur
889 1625 986 1677 post
1005 1615 1122 1661 hanc
1144 1616 1279 1661 vitam
1303 1616 1374 1678 pie
1397 1633 1493 1676 ges-

111 1699 217 1745 tam,
243 1689 351 1735 boni
371 1689 502 1736 solius
521 1688 631 1743 erit,
660 1697 702 1732 et
725 1702 813 1732 non
837 1685 940 1730 mali
965 1703 1098 1750 capax
1116 1724 1126 1742 ‚
1151 1686 1208 1732 ab
1235 1687 1356 1732 omni
1373 1686 1494 1732 scili-

110 1769 180 1805 cet
205 1759 362 1816 aliena,
392 1778 482 1806 non
502 1759 645 1805 solum
662 1756 887 1803 voluntate
913 1757 981 1802 vel
1005 1757 1254 1804 necessitate
1272 1795 1282 1812 ,
1313 1774 1494 1804 verum-

112 1830 242 1876 etiam
276 1830 564 1894 possibilitate
585 1827 837 1892 peccandi?
864 1828 932 1873 An
965 1845 1068 1873 vero
1092 1828 1375 1874 metuendum
1400 1839 1462 1873 est
1481 1865 1492 1882 ‚

115 1918 170 1946 ne
199 1911 308 1947 tunc
342 1901 470 1947 etiam
505 1902 616 1946 forte
637 1914 871 1963 peccemus
890 1934 900 1954 ‚
936 1898 1115 1961 quando
1141 1899 1300 1945 sanctis
1325 1899 1497 1959 Angelis

117 1970 276 2017 erimus
299 1971 516 2035 aequales'?
542 1972 607 2015 De
630 1969 792 2033 quibus
820 1969 911 2014 sine
930 1968 1205 2015 dubitatione
1232 1969 1498 2016 credendum

118 2052 206 2098 est,
237 2042 357 2106 quod
383 2041 631 2106 acceperint
650 2058 739 2086 non
756 2057 880 2103 posse
911 2057 1093 2103 peccare
1118 2057 1200 2104 pro
1218 2041 1372 2086 merito
1395 2057 1499 2103 per-

121 2114 354 2159 mansionis
367 2130 456 2159 suae
471 2151 480 2169 ‚
504 2112 712 2177 quoniam
736 2121 972 2168 steterunt,
994 2111 1171 2174 quando
1193 2112 1285 2157 aliis
1302 2111 1502 2158 cadenti—

121 2184 204 2229 bus
222 2185 350 2230 etiam
375 2185 457 2249 ipsi
474 2200 658 2248 peccare
675 2194 927 2246 potuerunt.
960 2182 1167 2245 Alioquin
1187 2182 1335 2229 adhuc
1351 2184 1502 2229 timen-

123 2254 230 2300 dum
255 2267 388 2312 esset,
416 2273 468 2301 ne
498 2254 656 2301 multos
687 2272 823 2301 novos
849 2253 1072 2308 diabolos,
1103 2264 1144 2298 et
1179 2271 1331 2299 eorum
1369 2271 1503 2300 novos

125 2325 261 2371 malos
278 2326 448 2385 angelos
465 2326 651 2371 haberet
672 2324 747 2370 hic
771 2324 976 2370 mundus.
1004 2324 1265 2370 Sanctorum
1286 2324 1413 2370 etiam
1431 2326 1504 2388 qui

126 2395 180 2440 de
203 2397 466 2459 corporibus
489 2395 710 2450 exierunt,
739 2396 822 2441 erit
846 2396 975 2442 nobis
995 2395 1084 2442 vita
1110 2405 1307 2458 suspecta
1325 2432 1336 2451 ‚
1363 2412 1417 2441 ne
1444 2396 1506 2440 ibi

126 2467 255 2512 etiam
279 2484 367 2531 quo
391 2477 633 2522 venerunt,
673 2466 854 2513 forsitan
892 2467 1201 2531 peccaverint,
1232 2476 1306 2512 aut
1327 2466 1508 2512 forsitan

129 2550 341 2601 peccent3
365 2539 398 2585 si
424 2539 469 2584 in
492 2548 650 2584 natura
674 2537 873 2583 rationali
891 2537 1158 2601 possibilitas
1180 2536 1395 2601 peccandi
1413 2554 1510 2601 per-

131 2619 301 2667 manet,
334 2626 413 2656 nec
436 2619 581 2674 potest
607 2625 693 2655 esse
729 2625 866 2672 capax
899 2608 1033 2665 boni,
1064 2608 1096 2655 si
1121 2625 1209 2654 non
1245 2607 1298 2653 sit
1321 2618 1363 2653 et
1385 2607 1502 2655 mali.
