1863 3262
382 236 473 292 264
804 249 838 279 s.
884 248 1127 281 Aucosrlm
1164 251 1366 280 crisconi

378 316 645 363 catholicam
672 326 746 361 aut
768 315 1005 362 emendatis
1024 326 1097 362 aut.
1118 315 1415 363 condemnatis
1439 318 1587 377 vobis,
1612 330 1651 366 et
1667 319 1760 384 pla-

377 389 473 434 nius
498 397 693 433 tueretur
714 398 754 433 et
779 387 962 434 cautius.
992 409 1011 429 ›>

445 463 556 506 Auo.
584 460 676 504 Cur
702 476 801 518 crgo
820 458 1056 505 emendatis
1077 459 1227 514 nobis,
1249 470 1289 505 et
1309 477 1395 505 non
1418 461 1545 508 etiam
1566 480 1607 509 se
1627 463 1761 526 ipsis?

374 531 463 577 Ubi
484 530 682 594 estquod
706 541 748 575 te
764 530 900 575 libere
922 534 1166 591 conjectare
1200 542 1241 576 et
1270 533 1557 595 pronuntiare
1596 535 1764 598 promi-

377 604 522 648 seras;3
549 603 664 647 Ecce
688 618 767 646 nec
788 600 923 647 libera
945 612 1006 647 est
1027 612 1100 647 tua
1125 602 1318 657 vanitas,
1353 613 1394 648 et
1414 601 1518 648 falsa
1548 604 1725 651 libertas
1750 623 1761 650 ι

375 673 561 720 timuisti
580 672 694 717 enim
720 671 862 718 dicere
882 710 891 728 ‚
915 673 1034 736 quod
1062 673 1095 718 si
1117 672 1186 717 his
1210 672 1365 719 diebus
1392 687 1630 738 superesset
1663 677 1767 722 Am·

375 744 574 799 brosius,
598 743 723 789 vobis
752 742 941 796 auditis,
978 744 1171 806 primum
1205 760 1246 788 se
1290 743 1460 806 ipsum,
1499 745 1655 792 deinde
1690 763 1768 792 nos

378 814 627 861 emendaret
652 832 662 859 ε
692 813 763 859 sed
787 814 910 875 quasi
930 813 1066 858 homo
1091 813 1203 858 liber
1225 813 1312 859 hoc
1333 814 1491 860 mutire
1508 815 1764 871 formidans,

378 897 524 932 tamen
554 884 736 943 intelligi
768 883 959 930 voluisti.
994 884 1059 928 En
1083 900 1171 947 quo
1200 883 1468 930 devenerunt
1492 885 1540 930 hi
1575 885 1664 931 dies
1683 923 1694 938 ,
1721 896 1771 932 ut

378 960 424 1004 in
445 957 503 1002 eis
523 956 801 1009 Ambrosius,
830 956 864 1000 si
882 956 958 1001 hic
983 956 1176 1011 viveret,
1203 956 1383 1003 disceret
1408 974 1449 1002 se
1473 956 1602 1003 fuisse
1623 957 1770 1003 Mani-

384 1028 559 1074 cbaeum
577 1065 588 1083 ,
615 1037 657 1072 et
681 1026 829 1071 audito
856 1026 1033 1071 Juliano
1050 1064 1061 1082 ‚
1090 1026 1158 1073 vel
1185 1027 1390 1073 Coelestio
1407 1065 1417 1084 ,
1445 1028 1512 1074 vel
1532 1029 1627 1092 ipso
1649 1028 1773 1075 Pela-

380 1100 476 1161 gio,
504 1116 589 1144 esse
613 1097 792 1144 ulterius
817 1114 904 1143 non
933 1097 1089 1143 debere
1108 1135 1119 1154 ,
1147 1098 1220 1143 sed
1254 1115 1301 1144 ex
1339 1099 1413 1145 illa
1446 1099 1610 1145 nefaria
1635 1100 1774 1163 pesti-

380 1171 511 1216 lentia
536 1169 661 1215 vobis
690 1169 1052 1232 praecipientibus
1077 1169 1429 1233 curantibusque
1449 1170 1604 1217 sanari.
1635 1170 1776 1227 Quale

384 1241 687 1305 spectaculum
712 1239 858 1285 animo
882 1240 1114 1300 cogitantis
1139 1240 1365 1286 occurrit?
1395 1240 1525 1305 quale
1544 1251 1676 1296 esset,
1706 1240 1771 1286 vi·

384 1312 485 1359 dere
513 1310 793 1357 Atnbrosium
820 1320 1005 1356 stantem
1022 1348 1033 1366 ,
1056 1311 1123 1356 vel
1143 1311 1176 1356 si
1194 1310 1264 1355 ille
1287 1312 1557 1374 permitteret
1578 1348 1588 1366 ,
1621 1309 1776 1356 seden-

387 1394 473 1430 tem
498 1394 596 1429 ante
618 1382 865 1441 Pelagium,
904 1393 1034 1445 atque
1058 1381 1294 1428 discentem
1334 1382 1586 1446 paradisum
1613 1398 1777 1428 novum

388 1454 537 1501 saeculi
560 1454 694 1514 hujus
715 1453 1042 1499 calamitatibus
1078 1454 1256 1517 plenum
1273 1491 1284 1510 ,
1313 1471 1419 1517 quas
1450 1453 1647 1500 videmus
1670 1471 1778 1518 par-

389 1526 514 1573 vulos
533 1524 729 1589 perpeti,
764 1524 842 1569 ubi
862 1541 1031 1570 necesse
1055 1536 1178 1581 esset,
1201 1524 1369 1570 etiamsi
1392 1542 1518 1570 nemo
1540 1535 1775 1589 peccasset,

393 1614 567 1644 carnem
599 1595 910 1659 concupiscere
937 1595 1140 1641 adversus
1166 1595 1394 1658 spiritum3
1419 1606 1461 1641 et
1485 1613 1536 1641 ne
1553 1595 1605 1641 ad
1629 1595 1781 1642 illicita

394 1687 445 1715 ac
481 1667 691 1727 flagitiosa
726 1667 1024 1731 pertraheret,
1070 1667 1380 1730 concupiscere
1419 1667 1545 1712 etiam
1579 1666 1781 1730 spiritum

396 1741 599 1787 adversus
620 1756 794 1785 carnem
817 1757 826 1783 :
853 1756 985 1802 quam
1011 1739 1318 1784 dissensionem
1342 1738 1486 1784 dicere
1506 1738 1659 1784 soleret
1680 1740 1782 1783 Am-

396 1809 619 1866 brosius&
648 1827 726 1873 per
745 1810 1154 1873 praevaricationem
1185 1809 1318 1872 primi
1349 1808 1540 1855 hominis
1562 1809 1607 1854 in
1630 1807 1782 1853 homi-

398 1899 505 1929 num
525 1881 696 1926 vertisse
716 1891 916 1926 naturam
935 1900 946 1934 3
971 1880 1042 1926 sed
1058 1884 1150 1940 jam
1168 1881 1250 1925 sub
1269 1880 1395 1926 vobis
1414 1879 1626 1939 magistris
1642 1878 1784 1924 dicere

400 1972 488 2000 non
513 1952 704 1999 auderet.
737 1953 916 1999 Necesse
938 1969 1113 2017 quoque
1137 1963 1241 1998 esset
1278 1953 1323 1998 in
1355 1952 1429 1997 tali
1464 1950 1665 2015 paradiso
1683 1949 1784 2014 pal-

401 2026 487 2072 lere
521 2034 797 2088 praegnantes
815 2061 826 2080 ,
858 2023 1039 2069 tolerare
1067 2023 1197 2084 longa
1226 2023 1398 2069 fastidia
1417 2060 1428 2079 ,
1459 2039 1625 2082 gemere
1658 2032 1786 2085 atque

401 2096 569 2142 ululare
587 2095 828 2158 parientes3
861 2111 962 2140 cum
988 2094 1166 2140 diversis
1190 2095 1305 2141 vitiis
1321 2093 1594 2153 ingeniorum
1619 2102 1660 2137 et
1684 2108 1786 2138 cor-

400 2183 561 2231 porum
582 2165 780 2210 homines
801 2165 943 2221 nasci,
971 2181 1224 2228 paucosque
1248 2164 1448 2210 cordatos
1466 2200 1478 2221 ,
1504 2164 1672 2208 minore
1691 2162 1784 2226 qui-

404 2239 501 2285 dem
521 2275 531 2293 ,
562 2254 642 2283 nec
678 2247 820 2282 tamen
861 2236 950 2281 sine
990 2235 1142 2282 labore
1178 2236 1341 2281 litteras
1382 2235 1570 2290 discere,
1610 2244 1788 2280 caeteros

403 2307 693 2355 tardiusculos
714 2307 800 2353 sive
825 2306 970 2352 tardos
988 2343 998 2360 ,
1033 2316 1073 2351 et
1104 2317 1222 2352 tanto
1250 2306 1383 2366 magis
1414 2315 1581 2369 quanto
1604 2304 1789 2369 quisque

405 2390 510 2427 esset
535 2378 713 2434 tardior,
739 2388 812 2423 aut
830 2377 1004 2423 concidi
1025 2376 1172 2422 ferulis
1194 2378 1518 2437 magistrorum,
1542 2386 1615 2421 aut
1638 2375 1789 2421 indoc-

405 2464 471 2497 tos
490 2450 802 2512 imperitosque
828 2465 1028 2501 manere;
1049 2448 1187 2494 fatuos
1208 2465 1306 2494 vcro
1328 2465 1407 2493 nec
1432 2446 1644 2506 magistris
1664 2445 1785 2500 dari,

408 2522 481 2567 scd
523 2519 732 2565 dolendos
774 2517 1031 2567 ridendosve
1086 2519 1242 2565 nutriri
1263 2539 1274 2573 ;
1319 2517 1504 2564 infantes
1555 2526 1789 2579 antequam

459 2607 466 2626 ¹
494 2603 642 2637 ,Ᾰιιιιὶιῐυξῑι
667 2603 687 2635 l.
710 2615 736 2643 7.
754 2602 784 2634 in
811 2605 882 2634 Luc.
909 2613 960 2635 12'.
