1863 3262
176 280 334 312 OPERIS
369 276 631 311 lMPERFEcTI
667 278 842 309 CONTRA
876 280 1120 325 JULIANL'M,
1162 287 1249 317 ΗΒ.
1292 290 1362 320 111.
1438 279 1498 340 93

129 347 227 394 dem
251 346 379 393 etiam
404 346 449 391 in
468 344 610 408 primo
642 361 798 408 opere,
826 346 937 391 nihil
961 357 998 392 te
1019 351 1150 409 magis
1185 370 1306 413 agere
1322 393 1332 411 ,
1372 373 1503 420 quam

128 428 177 464 ut
197 433 352 482 parum
377 414 642 474 intelligaris.
670 437 690 456 »

194 490 311 534 Auo.
353 487 534 532 Prorsus
548 485 780 546 intelligor,
809 487 913 533 velis
926 489 1036 535 nolis
1058 508 1068 535 :
1096 492 1168 537 sed
1191 504 1236 540 tu
1252 507 1401 543 contra
1424 499 1503 545 ista

126 558 240 604 nihil
262 557 483 612 dicturus,
510 556 574 601 vis
592 573 679 601 non
704 557 885 618 intelligi
903 559 1021 621 quod
1042 578 1119 620 ego
1151 565 1418 613 verissimum
1441 581 1502 614 at-

128 645 212 692 que
229 627 520 674 firmissimum
542 626 628 672 dixi
655 644 665 672 :
693 627 880 691 denique
903 646 967 675 res
989 630 1084 694 ipsa
1104 632 1340 693 indicavit,
1364 637 1459 684 lraec
1479 659 1500 686 a

130 710 169 745 te
192 716 277 745 non
294 698 482 762 potuisse
500 696 716 758 redargui.

193 770 437 816 CXxXIX.
471 770 575 816 JUL.
617 790 638 811 α
657 770 925 834 Ostendique
957 775 1163 831 majorem
1194 793 1304 838 pene
1334 789 1501 840 partem

127 855 474 891 commentorum
506 855 703 903 tuorum,
730 845 959 905 grandiore
989 846 1172 909 intelligi
1196 849 1344 897 labore
1372 870 1504 916 quam

126 932 258 963 vinei.
287 937 306 957 »

193 990 314 1033 AUG.
357 986 414 1032 Et
443 985 641 1041 laboras3
674 985 795 1049 quod
830 987 914 1032 tibi
940 999 1001 1033 est
1038 993 1161 1052 pejus
1181 1028 1191 1046 ,
1228 1003 1270 1037 et
1299 994 1496 1042 vinceriS.

127 1058 227 1105 Non
242 1067 385 1103 tamen
403 1056 574 1103 laboras
589 1067 638 1102 ut
661 1075 727 1103 me
745 1058 975 1118 intelligas,
1002 1061 1121 1123 quod
1138 1061 1341 1109 facillime
1358 1077 1503 1128 potes;

126 1127 199 1174 sed
219 1127 391 1174 laboras
408 1139 456 1174 ut
476 1145 543 1173 me
567 1127 756 1185 refellas,
779 1129 898 1192 quod
919 1148 1005 1176 non
1024 1142 1159 1195 potes.

164 1219 169 1223 ·
193 1199 325 1246 CXL.
350 1199 447 1246 JUL.
476 1199 598 1245 «Sed
625 1200 658 1244 si
680 1200 727 1246 id
746 1218 824 1264 per
846 1202 1013 1261 singula
1031 1203 1171 1248 facere
1193 1205 1340 1261 velim,
1366 1219 1407 1252 et
1427 1226 1501 1254 ea-

126 1268 224 1315 dem
248 1269 487 1333 repetendo
508 1270 747 1333 supessuu8,
771 1282 812 1316 et
831 1282 990 1317 cuncta
1013 1274 1311 1336 persequendo
1348 1276 1503 1338 longus

125 1339 322 1388 videbor.
352 1362 373 1384 n

191 1412 304 1458 AUG.
342 1413 456 1458 Ecce
486 1411 709 1477 quomodo
728 1411 833 1472 agis,
862 1422 910 1458 ut
939 1411 1066 1472 longe
1090 1413 1262 1460 recedat
1289 1415 1426 1463 lector
1446 1420 1502 1465 ab

123 1483 193 1530 his
214 1500 314 1547 quae
337 1483 442 1538 dixi,
468 1495 511 1530 et
533 1494 572 1530 te
600 1483 871 1547 respondisse
895 1482 1148 1538 arbitretur,
1178 1483 1286 1531 dum
1312 1504 1378 1543 ea,
1404 1506 1503 1552 quae

125 1554 207 1600 tibi
225 1553 347 1617 quasi
364 1554 597 1600 refellenda
618 1571 928 1618 proposueras,
955 1553 1243 1602 obliviscitur.

191 1626 348 1673 CXLI.
378 1625 478 1673 Jt'r..
506 1626 673 1672 «Unde
696 1626 896 1690 quamvis
939 1624 1085 1670 omnia
1121 1642 1221 1688 quae
1256 1639 1501 1677 contrarios

123 1695 298 1742 edidisti
309 1696 471 1760 scripta
484 1734 495 1754 ,
520 1697 573 1743 ad
586 1714 721 1742 unum
734 1697 862 1741 finem
877 1706 1133 1759 properent,
1152 1696 1354 1743 videlicet
1372 1711 1504 1747 utna-

123 1767 282 1818 turalia
305 1768 418 1813 mala
440 1785 526 1814 esse
543 1768 820 1831 persuadeas,
841 1778 883 1812 et
907 1778 980 1812 aut
1000 1766 1228 1813 diabolum
1250 1768 1497 1829 hominum,

125 1848 199 1885 aut
239 1839 379 1883 Deum
401 1838 636 1884 criminum
665 1839 936 1884 conditorem
959 1855 970 1882 z
1014 1848 1156 1883 tamen
1195 1849 1304 1901 puto
1339 1841 1506 1905 aliquid

124 1908 357 1972 procedere
370 1908 424 1953 ad
447 1908 638 1954 studium
670 1909 913 1963 brevitatis,
938 1909 972 1953 si
994 1925 1043 1952 ea
1069 1909 1342 1970 potissimum
1372 1929 1504 1971 argu-

125 1988 288 2034 menta,
310 1979 473 2041 quibus
495 1989 631 2024 totam
666 1989 784 2023 tuam
806 1978 1057 2040 opinionem
1076 1978 1186 2022 tueri
1213 1989 1270 2034 te,
1297 1996 1398 2025 cum
1418 1982 1503 2027 ob-

125 2049 359 2106 umbraris,
388 2060 529 2112 putas,
574 2049 627 2095 de
654 2049 832 2094 diversis
869 2048 914 2093 in
942 2065 1074 2093 unum
1102 2049 1301 2111 partibus
1327 2068 1505 2111 congre-

126 2137 298 2180 gavero,
326 2137 462 2184 eaque
492 2121 614 2184 prius
639 2121 813 2166 admota
834 2119 1097 2183 expositione
1119 2124 1293 2179 juvero,
1331 2133 1378 2167 ut
1401 2123 1509 2186 quid

125 2200 338 2236 conentur
353 2201 583 2255 appareat3
618 2202 719 2254 post
753 2208 855 2238 vero
891 2208 978 2235 non
1014 2207 1179 2253 sparsa,
1207 2191 1279 2236 sed
1298 2192 1505 2252 collect-<13

125 2277 213 2306 non
228 2260 441 2317 involuta,
469 2261 540 2306 sed
561 2261 770 2324 explicata
786 2278 1009 2324 proruero,
1032 2282 1052 2301 »

195 2333 306 2378 AUG.
333 2331 684 2378 Mirabilistudio
704 2332 927 2378 brevitatis
942 2341 1043 2377 octo
1059 2331 1195 2376 libros
1213 2332 1287 2377 uni
1303 2350 1396 2378 meo
1412 2334 1509 2380 red-

126 2400 214 2457 dis,
235 2418 367 2466 quem
384 2419 463 2448 nec
486 2412 609 2447 tanta
627 2402 896 2466 multiloquii
918 2401 1164 2466 prolixitate
1184 2403 1402 2450 convellis,
1425 2405 1507 2450 Dic

125 2489 263 2529 nunc,
281 2472 314 2518 si
330 2484 468 2536 potes,
488 2473 712 2537 quomodo
736 2492 825 2520 non
853 2473 996 2519 dicere
1017 2473 1235 2532 cogamini
1256 2474 1453 2531 Christo,
1470 2487 1512 2521 et

127 2543 163 2589 si
185 2560 273 2589 non
291 2543 451 2601 verbis,
478 2555 591 2590 certe
612 2544 716 2608 ipsis
738 2545 950 2609 perversis
970 2543 1168 2591 sensibus
1191 2546 1340 2592 vestris
1354 2544 1372 2574 1
1397 2564 1407 2590 :
1426 2567 1445 2590 c<
1463 2546 1508 2592 Si

176 2625 188 2649 ⁸
208 2625 278 2659 Lib.
298 2636 332 2661 α.
355 2625 395 2659 de
409 2628 511 2671 Nupt.
528 2638 557 2663 c.
584 2628 615 2660 3.
