1824 3236
144 250 300 282 OPERIS
338 248 598 279 IMPERFECTI
638 247 813 277 CONTRA
842 246 1087 288 JULIANUM,
1126 248 1213 279 Lm.
1255 249 1296 280 V.
1375 233 1468 280 365

93 316 196 381 quia
214 315 267 361 de
288 314 428 360 nihilo
449 313 589 359 factus
620 322 724 358 erat.
761 311 868 357 Vide
892 330 992 372 ergo
1012 330 1064 359 ne
1089 324 1130 359 et
1153 325 1199 360 tu
1221 333 1299 378 pei
1319 315 1470 361 alteras

93 387 184 436 vias
205 398 411 432 aetemam
430 384 548 430 dieas
570 382 699 428 fuisse
727 382 827 428 mali
849 384 1156 430 necessitatem
1185 387 1294 431 Nam
1318 387 1351 432 si
1372 385 1471 432 haec

94 456 180 503 fuit
197 473 327 502 eausa
349 452 712 513 exoriendimali
702 470 747 499 1n
766 469 895 515 opere
918 453 995 498 Dei
1009 455 1245 517 ‚quoniam
1267 455 1471 502 denihilo

93 526 141 573 id
163 526 330 572 factum
366 541 451 570 esse
475 523 732 581 constabat3
765 532 998 585 antequam
1032 525 1152 570 fieret
1179 535 1321 571 autem
1354 525 1472 589 quod

96 607 225 653 esset,
257 596 343 642 hoc
371 594 561 641 nihilum
586 611 753 657 semper
775 593 859 639 fuit
876 630 886 648 ‚
916 592 962 638 id
983 603 1070 650 est,
1100 605 1332 658 antequam
1354 597 1474 641 fieret

94 667 140 714 id
162 666 284 731 quod
303 677 434 722 esset,
461 682 689 729 nunquam
708 663 876 728 aliquid
903 662 1010 720 fuit,
1044 675 1085 709 et
1105 664 1191 710 hoe
1216 665 1334 729 quod
1355 683 1472 712 nun-

93 754 227 801 quam
246 735 351 794 fuit,
377 734 491 783 nihil
508 735 636 781 fuisse
657 734 821 782 dicitur
845 752 855 780 :
879 734 934 780 ab
953 744 1113 780 aeterno
1129 752 1227 795 ergo
1245 753 1473 799 nunquam

94 807 201 864 fuit,
237 806 357 871 quod
384 823 472 852 non
495 805 580 851 suit
614 817 846 869 antequam
873 806 994 851 fieret
1016 822 1039 849 a
1065 806 1156 851 Deo
1176 842 1188 862 ‚
1214 810 1339 866 cujus
1371 807 1478 852 sul)-

97 879 255 925 stantia
279 877 369 923 sola
406 877 496 923 sine
521 877 744 940 principio
768 887 830 922 est
852 893 862 922 :
889 875 975 921 hoc
1009 892 1108 935 ergo
1138 876 1289 931 inane,
1316 876 1360 922 id
1384 886 1472 931 est,

97 948 238 1005 nihil,
263 958 495 1011 antequam
519 964 598 1010 per
614 964 759 993 rerum
782 946 982 993 finiretur
1001 946 1262 993 existentiam
1280 985 1290 1004 ‚
1312 963 1481 1010 semper

98 1016 197 1065 fuit.
229 1018 330 1064 Non
353 1034 454 1077 ergo
477 1018 645 1064 factum
667 1028 728 1063 est
755 1017 843 1063 hoc
869 1016 1062 1063 nihilum
1088 1034 1099 1062 ε
1127 1018 1201 1064 sed
1229 1018 1357 1064 faetae
1379 1027 1481 1063 sunt

101 1099 312 1135 creaturae
327 1125 340 1143 ,
364 1098 406 1134 et
425 1088 537 1134 illud
554 1088 667 1134 nihil
684 1105 770 1135 esse
784 1088 975 1135 cessavit.
1001 1091 1052 1134 In
1070 1106 1117 1135 ea
1138 1106 1237 1149 ergo
1259 1099 1453 1134 creatura
1468 1123 1480 1145 ‚

101 1175 203 1223 quae
234 1158 352 1205 facta
387 1158 441 1205 de
477 1159 618 1205 nihilo
652 1170 740 1215 est,
768 1169 816 1205 tu
840 1159 937 1205 ideo
974 1159 1138 1205 malum
1178 1159 1485 1206 commentaris

103 1240 322 1286 exortum,
348 1230 557 1293 quoniam
581 1229 634 1276 de
663 1230 802 1276 nihilo
835 1230 949 1275 faeta
974 1241 1078 1277 erat.
1115 1230 1286 1276 Malum
1312 1247 1411 1290 ergo
1437 1230 1484 1275 in

103 1300 283 1346 homine
305 1310 500 1345 exortum
516 1300 673 1361 origini
688 1300 968 1364 reputavisti;
990 1311 1120 1364 atque
1144 1299 1264 1360 origo
1283 1337 1293 1356 ‚
1323 1301 1368 1346 id
1393 1310 1482 1355 est,

105 1369 326 1426 nihilum,
356 1369 519 1416 dicitur
549 1388 572 1416 a
596 1380 636 1416 te
669 1387 799 1416 causa
839 1369 968 1416 fuisse
996 1371 1182 1434 peccati.
1213 1375 1314 1418 Non
1338 1370 1451 1416 enim
1472 1406 1484 1426 ‚

106 1440 253 1504 inquis
265 1476 277 1496 ,
294 1452 526 1504 propterea
545 1440 591 1486 in
604 1440 783 1486 homine
800 1440 961 1486 malum
981 1451 1174 1486 exortum
1187 1451 1267 1497 est,
1279 1440 1488 1505 quoniam

110 1527 134 1556 a
154 1510 245 1556 Deo
271 1508 412 1556 factus
439 1511 598 1568 fuerat3
624 1510 697 1557 sed
719 1511 821 1574 quia
840 1510 894 1557 de
923 1510 1064 1556 nihilo
1091 1511 1233 1557 factus
1255 1512 1409 1557 fuerat.
1442 1510 1487 1554 Si

110 1596 211 1640 ergo
236 1579 335 1626 ideo
359 1580 525 1627 malum
550 1591 744 1626 exortum
768 1592 854 1637 est,
878 1581 982 1644 quia
1005 1580 1199 1626 conditio
1230 1580 1359 1626 nihili
1382 1595 1492 1643 prae-

112 1650 303 1696 cedentis
337 1650 384 1697 id
417 1651 580 1711 exegit3
613 1652 701 1697 hoc
727 1661 871 1696 autem
906 1650 1097 1697 nihilum
1123 1662 1336 1697 aeternum
1371 1651 1488 1696 fuit:

113 1720 353 1767 immutatis
372 1722 531 1768 semitis
553 1722 768 1780 incidisti,
785 1732 826 1767 et
847 1721 1011 1785 pendes
1034 1721 1272 1768 omninoin
1291 1738 1495 1786 praecep-

115 1792 219 1838 toris
243 1792 307 1839 tui
334 1792 491 1857 laqueo
510 1830 521 1851 ,
565 1804 614 1840 ut
643 1793 805 1839 malum
832 1793 962 1838 ambo
988 1793 1044 1838 ab
1067 1803 1229 1838 aeterno
1252 1811 1338 1839 esse
1364 1793 1495 1839 fatea—

116 1861 238 1909 mini.
267 1862 352 1908 Sed
374 1864 419 1908 in
446 1863 533 1909 hoc
556 1863 817 1927 quoqueille
835 1862 1095 1926 prudentior
1118 1880 1128 1908 :
1150 1863 1362 1909 inducens
1379 1863 1494 1908 enim

119 1933 314 1979 naturale
353 1944 583 1997 peecatum
604 1972 614 1991 ,
657 1935 765 1980 dixit
798 1944 1002 1980 aeternam
1045 1933 1171 1979 fuisse
1211 1935 1494 1980 substantiam

120 2003 397 2049 tenebrarum
413 2041 423 2060 ,
460 2021 559 2066 quae
583 2004 673 2050 sine
701 2004 925 2051 voluntate
959 2005 1200 2066 peccatoris
1223 2004 1386 2050 malum
1412 2005 1498 2050 hoc

121 2073 256 2119 inesse
271 2073 564 2136 compelleret.
585 2075 663 2121 Rei
680 2093 779 2135 ergo
798 2110 809 2128 ,
829 2078 898 2134 cuj
909 2091 954 2120 us
972 2073 1162 2120 faciebat
1185 2075 1497 2134 necessitatem,

125 2154 346 2189 auctorem
361 2143 505 2201 dedit,
530 2155 577 2191 ut
599 2145 762 2191 malum
781 2146 902 2209 quod
926 2145 1187 2190 substantias
1209 2145 1499 2209 pervadebat,

125 2213 346 2260 videretur
367 2215 528 2261 habere
550 2226 773 2275 cogentem
800 2234 809 2260 ι
840 2226 886 2261 tu
903 2232 1005 2262 vero
1027 2215 1214 2278 plumbo
1238 2217 1397 2276 ingenii
1415 2233 1501 2262 non

127 2283 304 2330 ferendo
319 2321 330 2340 ,
357 2286 587 2331 confirmas
615 2287 909 2332 necessitatem
930 2284 1057 2341 mali,
1085 2286 1158 2331 sed
1180 2303 1309 2346 negas
1330 2286 1507 2332 necessi-

132 2355 229 2400 tatis
254 2365 491 2401 auctorem.
521 2357 574 2401 Et
595 2356 708 2402 sicut
739 2357 785 2402 in
814 2355 1034 2420 parvulis,
1067 2356 1127 2401 ita
1159 2357 1204 2402 in
1237 2357 1332 2420 ipso
1363 2356 1508 2420 priore

129 2425 301 2489 peccati
326 2436 554 2488 operatore
592 2443 704 2489 opus
735 2426 970 2490 relinquis3
1010 2444 1059 2472 ac
1093 2426 1201 2472 dicis
1226 2428 1369 2473 nescio
1400 2427 1508 2491 quid

132 2512 337 2556 magnum
357 2495 676 2559 posseintelligi
692 2533 703 2554 ‚
730 2507 778 2544 ut
794 2496 904 2544 illud
916 2496 1029 2544 nihil
1042 2496 1227 2546 valuerit
1244 2498 1505 2560 plurimum,

133 2583 236 2613 eum
254 2565 369 2614 nihil
388 2576 508 2614 esset.
536 2587 558 2610 >)
