1863 3262
344 245 432 300 114
749 252 782 281 S.
827 245 1070 279 AUGUSTINI
1106 248 1308 279 EPISCOPI

338 325 504 389 aperire
525 318 730 371 voluisse,
751 333 890 379 neque
910 315 995 360 1100
1015 314 1254 376 permisisse
1276 314 1512 374 religiosam
1531 326 1712 362 matrem

339 411 487 449 suani,
513 389 586 437 sed
615 389 661 434 id
690 386 873 433 effecisse
899 385 1106 447 imposito
1130 401 1177 429 ex
1202 385 1473 431 Eucharistia
1501 386 1713 449 cataplas=

336 476 450 511 mate
467 501 477 519 ,
497 478 594 508 011111
611 463 702 520 jam
722 474 830 521 puer
850 456 1042 519 quinque
1060 454 1144 500 sere
1164 467 1239 501 aut
1260 456 1446 519 amplius
1464 468 1570 502 esset
1584 473 1714 502 anno-

334 553 433 582 rum
452 573 461 591 ‚
506 532 621 580 unde
656 531 742 575 1100
781 546 822 574 se
869 527 967 572 satis
1006 527 1249 572 meminisse
1285 528 1504 574 narrabat.
1545 528 1713 574 Omitto

333 606 457 653 illum
470 601 767 663 evangelicum
785 608 1140 654 03-1011111113111111,
1159 598 1230 643 cui
1247 597 1412 643 lumina
1426 635 1436 653 ‚
1458 616 1558 661 quae
1577 616 1714 662 prop-

334 691 399 726 ter
423 670 772 723 commendanda
795 667 1010 714 mirabilia
1036 685 1110 713 sna
1128 668 1269 713 minus
1286 668 1470 724 fecerat,
1496 670 1586 732 ipse
1612 670 1714 715 arti-

333 750 400 797 fex
422 744 627 793 reddidit.
661 742 729 787 lbi
753 741 866 786 0111111
887 756 965 784 cur
987 750 1129 784 caecus'
1150 750 1276 785 natus
1294 739 1448 792 fuerit,
1476 758 1603 787 causa
1627 758 1716 788 non

335 820 467 866 tacita
488 814 575 861 est1
597 834 608 868 3
633 830 721 858 non
741 810 904 857 scilicet
921 821 1102 873 propter
1120 821 1351 873 peccatum
1370 828 1496 856 suum
1514 848 1524 865 ‚
1549 811 1616 858 vel
1638 829 1714 875 pa-

333 900 503 937 rentum
523 924 533 942 ‚
562 884 633 931 sed
649 894 696 929 ut
717 882 1093 928 manifestarentur
1111 898 1242 944 opera
1265 881 1341 927 Dei
1360 882 1403 926 in
1419 881 1507 928 illo.
1531 885 1716 929 Verum-

334 972 480 1006 tamen
499 959 715 1014 interroga
734 952 944 1008 medicos,
961 962 1004 996 et
1023 951 1173 996 dicant
1194 951 1273 996 tibi
1291 968 1425 1015 quam
1446 952 1614 1007 multis,
1639 953 1717 998 ubi

331 1039 516 1096 possunt
533 1065 545 1084 ,
574 1024 862 1088 opitulentur,
886 1040 937 1068 ne
961 1023 1066 1068 vitia
1087 1022 1348 1084 corporibus
1366 1023 1518 1068 innata
1536 1040 1715 1086 perma-

332 1109 490 1156 neant,
518 1095 585 1143 vel
612 1095 741 1140 etiam
771 1104 894 1138 natos
919 1103 1087 1138 necent.
1128 1093 1240 1137 Nam
1268 1092 1448 1155 quidam
1467 1131 1478 1150 ‚
1507 1094 1618 1140 sicut
1645 1094 1716 1140 alii

337 1170 509 1225 oribus,
535 1167 596 1212 ita
617 1163 774 1210 clausis
811 1162 1086 1208 inferioribus
1118 1162 1336 1207 meatibus
1366 1163 1584 1220 oriuntur,
1616 1181 1717 1227 quae

335 1243 490 1303 utique
513 1239 616 1285 vitia
643 1236 678 1281 si
716 1244 942 1287 maneant,
970 1251 1057 1279 non
1083 1250 1154 1279 eos
1189 1234 1336 1279 sinunt
1370 1235 1527 1282 vivere.
1566 1236 1717 1298 Neque

332 1313 449 1361 enim
475 1327 577 1357 cum
604 1307 673 1353 his
697 1305 946 1351 medicinali
970 1305 1126 1368 peritia
1147 1305 1406 1351 subvenitur
1429 1306 1684 1351 hominibus
1700 1343 1710 1362 ‚

332 1384 414 1431 Dei
439 1387 572 1444 opera
596 1377 774 1440 culpata
797 1376 1099 1422 emendantur.
1126 1375 1234 1432 Quis
1251 1376 1366 1421 enim
1384 1392 1508 1422 verax
1529 1377 1607 1422 Dei
1624 1376 1716 1437 cul-

332 1465 402 1500 tor
424 1453 592 1512 180131,
621 1447 740 1511 quod
767 1446 867 1491 tales
898 1446 957 1491 sic
981 1446 1100 1491 nasci
1120 1447 1352 1509 oportebat
1382 1457 1430 1491 ut
1460 1446 1550 1491 nati
1581 1450 1714 1493 sunt‘)

333 1523 421 1572 Sed
440 1523 569 1572 etiam
605 1519 692 1564 1100
718 1516 906 1580 pertinet
931 1516 985 1562 ad
1007 1533 1222 1562 aerumnas
1247 1516 1410 1575 generis
1435 1517 1645 1570 humani,
1670 1518 1715 1563 10

333 1595 495 1661 quibus
518 1601 705 1652 aguntur
729 1588 777 1635 hi
801 1588 890 1634 dies
915 1588 1041 1644 mali,
1065 1592 1185 1648 ]”11510
1207 1588 1377 1647 judicio
1412 1589 1488 1634 Dei
1505 1626 1515 1645 ‚
1549 1589 1716 1635 labori-

332 1668 443 1723 bus,
478 1661 728 1717 doloribus,
758 1659 1014 1714 timoribus,
1038 1658 1242 1721 periculis
1272 1659 1389 1721 pleni
1416 1676 1426 1703 :
1451 1676 1552 1722 quae
1572 1659 1716 1705 onmia

333 1737 448 1788 mala
465 1733 577 1780 absit
601 1741 649 1777 ut
663 1739 802 1776 essent
819 1729 864 1774 in
890 1729 963 1774 illa
993 1728 1198 1774 felicitate
1217 1728 1438 1792 paradisi3
1462 1746 1510 1774 30
1533 1747 1611 1793 per
1628 1729 1715 1775 1100

332 1825 424 1855 non
448 1802 777 1870 pullulaverunt
795 1799 876 1844 nisi
898 1799 951 1844 de
971 1799 1117 1844 radice
1141 1799 1327 1862 peccati.
1360 1798 1478 1855 Quid
1500 1837 1510 1856 ‚
1538 1801 1631 1862 ipsa
1651 1801 1714 1845 in-

336 1877 485 1940 genia,
507 1874 544 1921 si
565 1871 843 1919 dimittantur
863 1880 912 1915 ut
934 1880 1034 1915 nata
1054 1880 1154 1915 sunt
1173 1905 1183 1923 ‚
1211 1887 1289 1915 nec
1309 1869 1519 1915 doctrinis
1544 1871 1715 1916 solerti-

334 1951 421 2001 bus
433 1944 684 1993 excolantur
696 1941 847 1987 labore
857 1957 1014 2000 magno
1028 1940 1278 1985 docentium
1293 1951 1420 2003 atque
1433 1940 1711 1996 discentium,

331 2034 480 2073 nonne
505 2023 689 2079 apparet
710 2011 856 2075 qualia
874 2011 1188 2057 remanebunt?
1208 2010 1292 2055 Sed
1309 2028 1383 2056 vos
1403 2011 1657 2056 hominibus
1674 2022 1716 2056 et

333 2103 517 2151 corpore
531 2095 573 2130 et
587 2083 731 2128 animo
744 2081 899 2127 vitioso
919 2083 1030 2126 natis
1044 2091 1234 2126 vestrum
1252 2080 1428 2143 implete
1441 2081 1689 2143 paradisum
1700 2119 1710 2135 ‚

334 2170 384 2208 ut
414 2154 643 2204 infeliciter
674 2150 812 2198 oculis
847 2150 1004 2196 clausis
1025 2187 1036 2206 ,
1076 2160 1117 2195 01
1145 2149 1423 2213 impudenter
1456 2168 1529 2196 ore
1563 2162 1714 2214 aperto

334 2227 495 2289 negetis
512 2223 720 2284 originale
744 2232 989 2285 peccatum.

401 2295 607 2343 CLthl.
632 2294 736 2339 JUL.
764 2291 1116 2337 «Probabilitate
1134 2292 1279 2355 itaque
1298 2302 1333 2337 et
1350 2309 1397 2337 ea
1418 2292 1715 2338 mediocritate

334 2369 517 2430 laudum
535 2381 636 2429 quae
657 2363 822 2409 naturis
853 2361 1054 2418 debetur,
1082 2362 1210 2407 011301
1236 2363 1282 2408 in
1311 2363 1588 2408 nascentibus
1612 2363 1715 2425 qui-

333 2445 507 2503 busque
519 2444 710 2491 servata,
734 2443 963 2494 augmenta
982 2433 1297 2479 beneficiorum
1322 2433 1571 2480 divinorum
1593 2433 1715 2479 utilia

331 2528 419 2561 esse
430 2503 935 2556 etnecessariaomnibus
953 2503 998 2553 in
1014 2520 1249 2550 commune
1270 2504 1476 2551 aetatibus
1494 2504 1708 2552 dicimus:

379 2595 391 2619 ¹
407 2596 507 2628 Joan.
526 2601 574 2633 1x,
597 2591 628 2622 3.
