1863 3262
346 248 400 294 16
761 261 795 291 s.
840 261 1086 292 AUGUSTINI
1121 261 1326 292 EP1scom

338 338 528 383 constet,
562 326 759 390 opinioni
790 337 942 373 vestrae
970 337 1012 373 et
1036 327 1117 387 legi
1152 327 1230 373 Dei
1265 327 1517 393 neutiquam
1551 346 1717 377 conve-

339 415 446 445 nire.
478 420 497 439 ›>

407 471 519 514 Am.
563 469 654 527 Ego
680 467 906 530 acquiesco
925 466 1007 528 legi
1033 467 1113 513 Dei
1138 483 1149 513 ε
1178 468 1250 515 sed
1276 479 1322 516 tu
1346 487 1434 516 non
1459 470 1710 533 acquiescis.

342 541 432 599 Ego
456 555 544 584 non
561 554 670 598 nego
687 554 765 583 nec
786 537 925 584 filium
943 555 1024 601 pro
1042 548 1190 602 patre,
1214 556 1294 585 nec
1310 551 1483 603 patrem
1501 558 1582 603 pro
1605 540 1714 596 filio,

340 607 520 673 quando
543 625 638 654 suas
657 618 872 671 separatas
898 625 1048 653 causas
1071 608 1263 665 habent,
1302 609 1461 656 debere
1482 610 1680 656 damnari
1704 628 1715 655 ε

339 679 413 726 sed
441 690 487 725 tu
511 678 662 724 audire
684 695 773 724 non
788 678 852 724 vis
869 679 915 724 in
929 679 1123 726 Levitico
1151 697 1162 725 ι
1190 701 1210 721 «
1229 680 1517 744 Disperibunt
1540 692 1721 744 propter

341 771 363 793 »
389 760 572 814 peccata
594 760 772 812 patrum
795 749 1020 796 suorum1.
1045 771 1066 791 ³>
1091 751 1148 795 Et
1174 751 1219 796 in
1243 750 1358 796 libro
1392 752 1682 797 Numerorum
1706 768 1717 796 ε

342 842 362 863 «
386 820 591 866 Reddens
614 829 794 884 peccata
827 831 998 884 patrum
1029 820 1075 866 in
1098 821 1209 867 filios
1239 838 1373 885 usque
1403 822 1449 867 in
1479 822 1649 867 tertiam
1681 832 1724 867 et

342 913 363 934 »
384 902 586 954 quartam
609 890 970 950 generationem2.
998 913 1018 934 ι)
1045 893 1102 938 Et
1119 891 1238 956 apud
1262 893 1286 937 J
1292 892 1494 938 eremiam
1519 910 1529 937 :
1559 913 1579 933 «
1599 891 1724 937 Red-

339 983 362 1004 »
385 961 491 1008 dens
539 971 718 1025 peccata
765 972 944 1024 patrum
989 962 1035 1008 in
1072 963 1169 1009 sinu
1208 962 1398 1009 filiorum
1441 979 1590 1008 eorum
1625 973 1725 1025 post

344 1053 366 1075 >2
390 1032 503 1079 eos3.
535 1054 554 1074 υ
573 1033 682 1078 Haec
700 1042 742 1077 et
766 1030 848 1077 alia
869 1032 1026 1078 similia
1047 1043 1094 1079 tu
1114 1050 1204 1079 non
1227 1033 1348 1079 audis
1375 1051 1385 1078 :
1406 1032 1475 1078 his
1494 1050 1544 1078 ac
1564 1032 1726 1078 talibus

340 1102 445 1163 legis
479 1102 732 1148 testimoniis
762 1113 810 1148 tu
833 1120 921 1148 non
948 1105 1185 1167 acquiescis
1210 1122 1221 1149 :
1247 1115 1290 1150 et
1319 1115 1463 1150 tamen
1496 1104 1619 1168 loqui
1642 1141 1654 1161 ,
1685 1113 1726 1150 et

344 1173 613 1220 Manichaeos
627 1172 855 1219 catholicis
879 1174 1069 1234 objicere
1093 1192 1181 1221 non
1196 1175 1395 1239 quiescis.

407 1245 554 1291 XXII.
596 1244 695 1290 JUL.
740 1243 877 1289 «Nisi
914 1243 1023 1290 forte
1058 1245 1178 1292 dicas
1201 1283 1213 1303 ‚
1250 1247 1391 1291 Deum
1425 1244 1602 1308 quidem
1641 1244 1728 1290 hoc

344 1315 600 1379 imperasse,
625 1314 697 1360 sed
718 1331 806 1360 non
831 1313 971 1360 facere
994 1315 1114 1379 quod
1138 1316 1380 1379 praecepit,
1404 1315 1492 1360 imo
1511 1314 1729 1360 contraria

345 1403 467 1447 agere
489 1386 540 1431 iis
561 1402 661 1448 quae
685 1384 850 1445 agenda
871 1386 1155 1432 mandaverit.
1182 1409 1201 1429 n

413 1458 527 1503 Aue.
570 1456 627 1501 Et
651 1455 737 1501 hoc
754 1472 888 1519 quam
905 1456 1159 1520 insipienter
1177 1457 1337 1517 cogites
1350 1494 1360 1513 ,
1381 1472 1461 1502 cur
1480 1472 1570 1501 non
1588 1466 1731 1502 atten-

348 1526 441 1573 dis?
470 1526 591 1572 Facit
620 1526 734 1572 enim
769 1528 883 1572 Deus
912 1527 1149 1590 aliquando
1186 1538 1338 1573 contra
1363 1542 1496 1590 quam
1530 1525 1731 1572 facienda

345 1597 586 1644 mandavit.
619 1597 709 1642 Nec
732 1613 845 1659 opus
871 1607 933 1643 est
965 1609 1014 1643 ut
1038 1598 1176 1644 multa
1196 1614 1534 1643 commemorem
1553 1633 1565 1653 ‚
1601 1613 1654 1642 ne
1678 1596 1732 1642 sit

346 1667 527 1728 longum
551 1685 561 1712 :
586 1683 685 1713 ecce
706 1667 826 1730 quod
845 1678 1000 1713 notum
1019 1679 1082 1713 est
1106 1669 1333 1723 omnibus,
1358 1668 1471 1715 dico.
1506 1666 1734 1713 Mandavit

349 1738 522 1785 homini
555 1737 789 1800 Scriptura
822 1737 970 1784 divina
989 1775 1000 1795 ‚
1039 1738 1188 1784 dicens
1217 1756 1227 1784 :
1257 1760 1277 1780 «
1298 1740 1397 1785 Non
1432 1749 1473 1784 te
1503 1737 1652 1784 laudet
1686 1754 1733 1783 os

349 1830 371 1852 >³
392 1807 577 1864 tuuml⁸3
603 1829 623 1849 »
643 1824 723 1853 nec
758 1818 902 1854 tamen
937 1809 1052 1854 Deus
1083 1809 1296 1855 dicendus
1331 1820 1393 1855 est
1419 1826 1622 1869 arrogans
1658 1817 1733 1854 aut

343 1879 558 1943 superbus
575 1915 586 1935 ‚
614 1894 715 1924 cum
743 1895 785 1924 se
813 1878 1194 1925 innumerabiliter
1219 1879 1398 1925 laudare
1428 1896 1516 1924 non
1553 1878 1725 1925 desinit.

350 1951 406 1995 Et
437 1949 553 1995 unde
581 1949 740 2008 agitur,
763 1952 853 2008 jam
885 1950 1082 2027 superius
1106 1950 1425 2006 demonstravi⁷
1451 1948 1735 2025 quemadmo-

346 2020 452 2066 dum
474 2021 591 2065 Deus
611 2019 699 2064 sine
727 2019 815 2064 ulla
839 2019 1069 2082 iniquitate
1092 2037 1174 2083 pro
1201 2037 1326 2083 pecc
1314 2020 1393 2066 1tis
1416 2029 1648 2082 parentum
1674 2019 1736 2063 si-

346 2089 440 2136 mul
457 2106 559 2134 cum
579 2089 638 2133 eis
666 2089 932 2134 interemerit
955 2107 1063 2152 parv
1069 2090 1207 2135 ulos:
1237 2089 1436 2152 quamvis
1460 2087 1735 2134 mandaverit

347 2159 544 2215 homini,
581 2175 634 2204 ne
670 2157 782 2204 filios
817 2176 899 2222 pro
930 2159 1121 2223 peccatis
1153 2169 1362 2223 patrum,
1396 2176 1497 2205 cum
1532 2157 1731 2218 judicat,

347 2230 539 2277 damnet.
577 2229 685 2275 Haec
725 2228 759 2274 si
793 2228 1057 2286 adverteres,
1089 2230 1169 2275 ista
1192 2246 1280 2274 non
1304 2228 1469 2275 diceres
1495 2246 1506 2274 ε
1534 2238 1610 2275 aut
1635 2228 1670 2275 si
1694 2238 1736 2273 et

346 2301 447 2348 haec
462 2300 649 2347 advertis
666 2337 677 2357 ,
693 2310 735 2345 et
754 2310 898 2346 tamen
919 2300 1000 2347 ista
1019 2300 1154 2354 dicis;
1177 2300 1351 2346 adverte
1372 2300 1502 2346 etiam
1518 2316 1630 2347 vana
1651 2316 1737 2345 esse

348 2389 449 2437 quae
463 2371 587 2418 dicis.

412 2441 580 2488 XXIII.
622 2441 648 2486 J
657 2457 722 2489 UL.
763 2462 785 2484 (ι
814 2441 947 2499 Quod
975 2441 1078 2488 licet
1111 2451 1291 2505 quantae
1327 2441 1380 2487 sit
1421 2440 1698 2506 profanitatis
1721 2476 1732 2496 ‚

391 2540 522 2571 ¹Levit.
541 2549 629 2578 xxv1‚
647 2540 702 2580 39.
717 2556 760 2564 -
790 2538 805 2561 2
832 2541 929 2575 Num.
951 2549 1016 2578 xiv,
1041 2540 1150 2572 18.·-
1169 2537 1319 2575 3Jerem.
1338 2551 1450 2583 xxxn,
1471 2541 1525 2573 18.
1544 2557 1589 2565 --
1606 2537 1621 2564 4
1640 2542 1734 2573 Prov.

348 2605 458 2635 xxvu,
479 2605 509 2626 2.
