1824 3236
241 266 334 326 594
747 274 1099 305 ΑΝΝοΤΑΤιοΝΕςῙ

243 352 490 390 constanter
507 340 675 386 habent
691 375 701 395 ‚
730 339 829 384 lita.
852 338 938 384 Sed
953 339 1096 402 aptius
1116 338 1249 394 editi,
1272 339 1386 385 loeta
1407 376 1418 395 ,
1445 340 1490 386 id
1525 351 1586 387 est
1604 377 1614 391 ,

241 413 406 461 fertilis.
425 410 610 458 Videtur
628 409 683 455 ad
700 408 812 456 illud
830 407 998 469 Virgilii
1017 409 1174 470 Georg.
1197 425 1234 455 1.
1260 408 1463 457 alludere.
1489 411 1622 470 Quid

238 487 397 541 faciat
413 483 546 529 loetas
559 491 752 543 segetes.

597 578 858 610 ANNoTArlo
897 562 968 625 (4)
1006 579 1105 625 pag.
1149 563 1257 610 356.

310 661 373 703 Ac
396 655 529 719 paulo
550 654 799 699 Honoratus
822 669 961 715 porro
983 651 1149 697 amicus
1168 652 1415 712 Augustini,
1439 653 1514 716 qui
1534 655 1624 699 Ma-

241 727 426 773 nichaeis
463 723 700 788 aliquando
725 722 932 777 inhaesit,
970 721 1218 766 notissimus
1252 732 1314 767 est
1335 739 1382 767 ex
1416 723 1530 769 libro
1569 726 1622 769 de

243 798 444 844 Utilitate
461 794 669 842 credendi
694 793 749 839 ad
786 810 885 839 eum
912 791 1092 854 scripto.
1127 793 1258 838 Hunc
1291 792 1492 839 Julianus
1524 795 1623 840 satis

237 868 404 914 indicat
423 866 625 913 eumdem
650 865 795 928 ipsum
831 880 917 909 esse
938 899 948 917 ‚
977 862 1054 926 qui
1078 862 1343 922 Carthagine
1365 865 1622 927 quaestioni—

235 939 320 985 bus
346 938 484 983 missis
501 936 556 982 ad
582 935 894 994 Augustinum‚
912 932 1032 979 illam
1058 933 1114 978 ab
1134 950 1184 979 eo
1199 945 1352 979 contra
1371 934 1624 995 Pelagianos

236 1009 460 1064 eximiam,
494 1024 596 1072 quae
614 1008 675 1053 de
701 1011 869 1052 Gratia
899 1007 1019 1053 Νονί
1042 1009 1328 1051 Testamenti
1347 1007 1618 1063 inscribitur,

245 1079 487 1144 Epistolam
520 1080 622 1135 140.
647 1078 834 1141 accepit.

607 1185 865 1217 ANNOTATIO
903 1170 972 1233 (5)
1008 1186 1109 1233 pag.
1151 1170 1259 1234 374.

304 1262 431 1307 Hanc
451 1260 726 1315 sententiam,
751 1260 941 1323 aliasque
956 1260 1188 1306 nonnullas
1207 1260 1310 1306 libri
1330 1259 1463 1321 hujus
1479 1260 1622 1324 quinti

240 1333 348 1379 citat
377 1330 548 1391 Agatho
569 1347 688 1393 papa
708 1332 757 1376 in
795 1329 990 1393 Epistola
1014 1330 1222 1393 synodica
1245 1329 1299 1375 ad
1324 1331 1627 1394 Imperatores,

242 1420 342 1466 quae
370 1402 415 1447 in
441 1400 621 1464 Synodo
647 1400 720 1447 Vl.
759 1401 929 1446 actione
950 1402 992 1457 4.
1025 1400 1135 1447 lecta
1153 1411 1240 1457 est,
1271 1400 1562 1461 Augustinum
1585 1401 1628 1445 in

241 1474 340 1519 haec
365 1471 498 1518 verba
524 1470 851 1517 commendans.
882 1471 1084 1516 Veritatis
1115 1470 1480 1534 prudentissimus
1508 1487 1630 1534 prae-

240 1543 414 1590 dicator
434 1543 484 1588 B.
519 1541 789 1601 Augustinus
809 1546 858 1586 in
877 1544 1045 1604 quinto
1069 1542 1320 1586 volamine
1341 1542 1630 1604 dt'spzttalc'o—

244 1615 319 1658 nis
341 1613 568 1657 adversus
599 1612 842 1657 ‚lulianum
875 1612 1253 1674 Pelagiczm'stam
1273 1648 1284 1666 ‚
1316 1611 1437 1674 quid
1453 1613 1514 1657 sit
1544 1629 1630 1656 vo-

246 1685 424 1738 luntas,
452 1683 526 1728 lzz's
549 1681 719 1735 definit
737 1683 926 1728 verbis:
945 1683 994 1729 M
1001 1694 1109 1728 olus
1126 1685 1282 1728 αηίιηί
1303 1682 1520 1746 quidest,
1538 1687 1631 1728 nisi

248 1765 402 1800 motus
417 1764 620 1808 naturoe,
651 1763 734 1798 etc.

611 1857 869 1888 ANNorArio
907 1841 975 1904 (6)
1011 1858 1113 1904 pag.
1156 1842 1264 1904 376.

312 1931 531 1994 Loquitur
555 1931 821 1990 Augustinus
841 1930 894 1976 de
919 1930 1110 1976 hominis
1128 1930 1272 1994 primo
1295 1940 1493 1993 peccato,
1512 1928 1630 1992 quod

251 2002 306 2047 ab
343 2001 417 2046 illo
452 1999 581 2045 docet
619 2001 899 2046 commissum
937 2018 987 2046 ea
1017 2000 1216 2046 libertate
1236 2037 1246 2052 ,
1273 2017 1360 2064 qua
1384 2010 1426 2046 et
1452 2017 1634 2063 peccare

250 2071 365 2118 nolle
386 2081 558 2134 poterat
576 2108 586 2127 ,
621 2081 663 2116 et
689 2071 796 2117 velle
820 2088 1020 2134 peceare,
1049 2088 1138 2117 non
1165 2081 1310 2117 autem
1338 2070 1427 2117 ulla
1455 2070 1532 2116 tali
1554 2087 1633 2116 ne-

250 2142 462 2197 cessitate,
484 2140 605 2204 quali
621 2141 906 2204 premebatur
925 2142 1000 2205 qui
1018 2141 1212 2197 dicebat,
1238 2145 1345 2188 Non
1370 2147 1492 2187 enim
1508 2143 1639 2204 quod

252 2213 369 2258 volo
389 2249 399 2267 ,
431 2221 512 2256 etc.

612 2292 871 2323 ANNOTATIO
911 2276 980 2340 (7)
1017 2293 1116 2339 pag.
1161 2277 1268 2339 39¹·

308 2359 521 2404 Maximus
546 2358 831 2421 Aquileiensis
851 2358 896 2404 in
922 2357 1092 2422 synodo
1110 2358 1388 2404 Lateranensi
1412 2359 1512 2406 anni
1532 2360 1629 2421 649

241 2439 323 2474 act.
349 2429 392 2474 5.
410 2427 556 2473 locum
568 2428 759 2474 huncita
775 2428 881 2474 citat
896 2446 906 2473 t
919 2427 1179 2491 Numquid,
1198 2429 1410 2483 Juliane,
1429 2430 1624 2493 qzmlzclo

239 2497 464 2560 augelus,
488 2509 576 2542 aut
596 2498 740 2543 homo
773 2497 958 2560 aliqm‘d
980 2499 1102 2554 vult,
1141 2517 1231 2544 mm
1267 2511 1441 2545 natura
1474 2517 1631 2544 eorum

236 2567 420 2631 aliquid
434 2568 538 2612 vult
557 2571 579 2611 .''
