<?xml version="1.0" encoding="UTF-8"?>
<!DOCTYPE html PUBLIC "-//W3C//DTD XHTML 1.0 Transitional//EN"
    "http://www.w3.org/TR/xhtml1/DTD/xhtml1-transitional.dtd">
<html xmlns="http://www.w3.org/1999/xhtml" xml:lang="en" lang="en">
 <head>
  <title>
</title>
<meta http-equiv="Content-Type" content="text/html;charset=utf-8" />
  <meta name='ocr-system' content='tesseract 3.04.00' />
  <meta name='ocr-capabilities' content='ocr_page ocr_carea ocr_par ocr_line ocrx_word'/>
</head>
<body>
  <div class='ocr_page' id='page_1' title='image "./operaomniaaccura37auguuoft/operaomniaaccura37auguuoft_0097.png"; bbox 0 0 1863 3262; ppageno 0'>
   <div class='ocr_carea' id='block_1_1' title="bbox 109 274 1514 2450">
    <p class='ocr_par' dir='ltr' id='par_1_1' title="bbox 109 274 1493 598">
     <span class='ocr_line' id='line_1_1' title="bbox 157 274 1487 335; baseline 0.002 -19"><span class='ocrx_word' id='word_1_1' title='bbox 157 285 314 316; x_wconf 71' lang='lat' dir='ltr'><strong>opums</strong></span> <span class='ocrx_word' id='word_1_2' title='bbox 350 283 609 315; x_wconf 76' lang='lat' dir='ltr'><strong>IMPERFECTI</strong></span> <span class='ocrx_word' id='word_1_3' title='bbox 648 281 823 313; x_wconf 83' lang='lat' dir='ltr'><strong>CONTRA</strong></span> <span class='ocrx_word' id='word_1_4' title='bbox 858 283 1107 325; x_wconf 64' lang='lat' dir='ltr'><strong>summ-ir,</strong></span> <span class='ocrx_word' id='word_1_5' title='bbox 1153 288 1239 317; x_wconf 75' lang='lat' dir='ltr'><strong>Lm.</strong></span> <span class='ocrx_word' id='word_1_6' title='bbox 1283 288 1352 318; x_wconf 87' lang='lat'><strong>111.</strong></span> <span class='ocrx_word' id='word_1_7' title='bbox 1428 274 1487 335; x_wconf 82' lang='lat'><strong>87</strong></span> 
     </span>
     <span class='ocr_line' id='line_1_2' title="bbox 109 337 1493 406; baseline 0.001 -20"><span class='ocrx_word' id='word_1_8' title='bbox 109 351 152 386; x_wconf 88' lang='lat' dir='ltr'><strong>et</strong></span> <span class='ocrx_word' id='word_1_9' title='bbox 172 341 282 386; x_wconf 82' lang='lat' dir='ltr'><strong>bene</strong></span> <span class='ocrx_word' id='word_1_10' title='bbox 303 350 345 385; x_wconf 90' lang='lat' dir='ltr'><strong>et</strong></span> <span class='ocrx_word' id='word_1_11' title='bbox 362 338 469 385; x_wconf 77' lang='lat' dir='ltr'><strong>male</strong></span> <span class='ocrx_word' id='word_1_12' title='bbox 499 354 618 398; x_wconf 84' lang='lat' dir='ltr'><strong>agere</strong></span> <span class='ocrx_word' id='word_1_13' title='bbox 639 337 791 401; x_wconf 83' lang='lat' dir='ltr'>possit,</span> <span class='ocrx_word' id='word_1_14' title='bbox 811 337 949 383; x_wconf 84' lang='lat' dir='ltr'><strong>libera</strong></span> <span class='ocrx_word' id='word_1_15' title='bbox 969 355 1146 385; x_wconf 78' lang='lat' dir='ltr'>essenon</span> <span class='ocrx_word' id='word_1_16' title='bbox 1166 343 1312 403; x_wconf 81' lang='lat' dir='ltr'><strong>possit.</strong></span> <span class='ocrx_word' id='word_1_17' title='bbox 1335 344 1397 388; x_wconf 88' lang='lat' dir='ltr'><strong>Ac</strong></span> <span class='ocrx_word' id='word_1_18' title='bbox 1414 360 1493 406; x_wconf 84' lang='lat' dir='ltr'><strong>per</strong></span> 
     </span>
     <span class='ocr_line' id='line_1_3' title="bbox 109 407 1493 475; baseline 0.001 -18"><span class='ocrx_word' id='word_1_19' title='bbox 109 411 197 457; x_wconf 86' lang='lat' dir='ltr'><strong>hoc</strong></span> <span class='ocrx_word' id='word_1_20' title='bbox 215 427 380 456; x_wconf 86' lang='lat' dir='ltr'><strong>necesse</strong></span> <span class='ocrx_word' id='word_1_21' title='bbox 396 408 477 454; x_wconf 88' lang='lat' dir='ltr'><strong>tibi</strong></span> <span class='ocrx_word' id='word_1_22' title='bbox 495 418 558 454; x_wconf 85' lang='lat' dir='ltr'><strong>est</strong></span> <span class='ocrx_word' id='word_1_23' title='bbox 580 408 744 454; x_wconf 82' lang='lat' dir='ltr'><strong>auferre</strong></span> <span class='ocrx_word' id='word_1_24' title='bbox 772 407 1017 453; x_wconf 84' lang='lat' dir='ltr'><strong>libertatem</strong></span> <span class='ocrx_word' id='word_1_25' title='bbox 1046 410 1136 454; x_wconf 87' lang='lat' dir='ltr'><strong>Deo</strong></span> <span class='ocrx_word' id='word_1_26' title='bbox 1161 447 1171 464; x_wconf 87' lang='lat'>‚</span> <span class='ocrx_word' id='word_1_27' title='bbox 1200 413 1274 475; x_wconf 84' lang='lat' dir='ltr'><strong>qui</strong></span> <span class='ocrx_word' id='word_1_28' title='bbox 1297 423 1493 458; x_wconf 85' lang='lat' dir='ltr'><strong>tantum-</strong></span> 
     </span>
     <span class='ocr_line' id='line_1_4' title="bbox 110 478 1492 543; baseline 0.001 -15"><span class='ocrx_word' id='word_1_29' title='bbox 110 480 240 528; x_wconf 89' lang='lat' dir='ltr'>modo</span> <span class='ocrx_word' id='word_1_30' title='bbox 251 481 412 527; x_wconf 89' lang='lat' dir='ltr'><strong>bonam</strong></span> <span class='ocrx_word' id='word_1_31' title='bbox 435 488 590 543; x_wconf 81' lang='lat' dir='ltr'><strong>potest,</strong></span> <span class='ocrx_word' id='word_1_32' title='bbox 606 478 765 525; x_wconf 81' lang='lat' dir='ltr'><strong>malam</strong></span> <span class='ocrx_word' id='word_1_33' title='bbox 783 495 980 525; x_wconf 86' lang='lat' dir='ltr'><strong>veronon</strong></span> <span class='ocrx_word' id='word_1_34' title='bbox 997 491 1139 542; x_wconf 87' lang='lat' dir='ltr'><strong>potest</strong></span> <span class='ocrx_word' id='word_1_35' title='bbox 1158 481 1321 529; x_wconf 78' lang='lat' dir='ltr'><strong>habere</strong></span> <span class='ocrx_word' id='word_1_36' title='bbox 1331 484 1492 529; x_wconf 87' lang='lat' dir='ltr'><strong>volun-</strong></span> 
     </span>
     <span class='ocr_line' id='line_1_5' title="bbox 111 563 257 598; baseline 0 0"><span class='ocrx_word' id='word_1_37' title='bbox 111 563 257 598; x_wconf 82' lang='lat' dir='ltr'><strong>tatem.</strong></span> 
     </span>
    </p>

    <p class='ocr_par' dir='ltr' id='par_1_2' title="bbox 111 619 1501 1037">
     <span class='ocr_line' id='line_1_6' title="bbox 175 619 1492 682; baseline 0.002 -15"><span class='ocrx_word' id='word_1_38' title='bbox 175 622 336 668; x_wconf 84' lang='lat' dir='ltr'>CXXI.</span> <span class='ocrx_word' id='word_1_39' title='bbox 365 620 469 667; x_wconf 83' lang='lat' dir='ltr'><strong>JUL.</strong></span> <span class='ocrx_word' id='word_1_40' title='bbox 510 639 532 661; x_wconf 75' lang='lat' dir='ltr'><strong>c&lt;</strong></span> <span class='ocrx_word' id='word_1_41' title='bbox 557 619 689 677; x_wconf 87' lang='lat' dir='ltr'><strong>Quod</strong></span> <span class='ocrx_word' id='word_1_42' title='bbox 718 635 820 666; x_wconf 89' lang='lat' dir='ltr'><strong>cum</strong></span> <span class='ocrx_word' id='word_1_43' title='bbox 837 620 898 665; x_wconf 87' lang='lat' dir='ltr'><strong>ita</strong></span> <span class='ocrx_word' id='word_1_44' title='bbox 920 619 1002 676; x_wconf 86' lang='lat' dir='ltr'><strong>sit,</strong></span> <span class='ocrx_word' id='word_1_45' title='bbox 1038 629 1169 682; x_wconf 84' lang='lat' dir='ltr'><strong>atque</strong></span> <span class='ocrx_word' id='word_1_46' title='bbox 1192 620 1302 666; x_wconf 88' lang='lat' dir='ltr'><strong>huic</strong></span> <span class='ocrx_word' id='word_1_47' title='bbox 1325 632 1372 668; x_wconf 88' lang='lat' dir='ltr'><strong>tu</strong></span> <span class='ocrx_word' id='word_1_48' title='bbox 1393 623 1492 670; x_wconf 89' lang='lat' dir='ltr'><strong>loco</strong></span> 
     </span>
     <span class='ocr_line' id='line_1_7' title="bbox 111 690 1495 754; baseline 0.001 -16"><span class='ocrx_word' id='word_1_49' title='bbox 111 692 348 738; x_wconf 85' lang='lat' dir='ltr'><strong>miserrime</strong></span> <span class='ocrx_word' id='word_1_50' title='bbox 367 690 598 748; x_wconf 83' lang='lat' dir='ltr'>obnitaris,</span> <span class='ocrx_word' id='word_1_51' title='bbox 625 691 841 736; x_wconf 87' lang='lat' dir='ltr'><strong>incertum</strong></span> <span class='ocrx_word' id='word_1_52' title='bbox 868 700 932 736; x_wconf 86' lang='lat' dir='ltr'><strong>est</strong></span> <span class='ocrx_word' id='word_1_53' title='bbox 950 690 1060 754; x_wconf 86' lang='lat' dir='ltr'><strong>quid</strong></span> <span class='ocrx_word' id='word_1_54' title='bbox 1083 690 1220 750; x_wconf 81' lang='lat' dir='ltr'><strong>magis</strong></span> <span class='ocrx_word' id='word_1_55' title='bbox 1240 690 1294 736; x_wconf 88' lang='lat' dir='ltr'><strong>de</strong></span> <span class='ocrx_word' id='word_1_56' title='bbox 1318 702 1357 737; x_wconf 89' lang='lat' dir='ltr'><strong>te</strong></span> <span class='ocrx_word' id='word_1_57' title='bbox 1377 695 1495 739; x_wconf 87' lang='lat' dir='ltr'><strong>aesti-</strong></span> 
     </span>
     <span class='ocr_line' id='line_1_8' title="bbox 113 760 1499 817; baseline 0.001 -9"><span class='ocrx_word' id='word_1_58' title='bbox 113 763 223 808; x_wconf 86' lang='lat' dir='ltr'><strong>mari</strong></span> <span class='ocrx_word' id='word_1_59' title='bbox 247 762 503 817; x_wconf 85' lang='lat' dir='ltr'><strong>conveniat,</strong></span> <span class='ocrx_word' id='word_1_60' title='bbox 531 771 684 807; x_wconf 90' lang='lat' dir='ltr'><strong>utrum</strong></span> <span class='ocrx_word' id='word_1_61' title='bbox 722 771 876 807; x_wconf 89' lang='lat' dir='ltr'><strong>contra</strong></span> <span class='ocrx_word' id='word_1_62' title='bbox 902 760 1215 807; x_wconf 74' lang='lat' dir='ltr'>conscientiam</span> <span class='ocrx_word' id='word_1_63' title='bbox 1243 771 1364 808; x_wconf 83' lang='lat' dir='ltr'><strong>tuam</strong></span> <span class='ocrx_word' id='word_1_64' title='bbox 1393 762 1499 809; x_wconf 79' lang='lat' dir='ltr'><strong>falsa</strong></span> 
     </span>
     <span class='ocr_line' id='line_1_9' title="bbox 114 831 1501 896; baseline 0.001 -17"><span class='ocrx_word' id='word_1_65' title='bbox 114 831 320 879; x_wconf 80' lang='lat' dir='ltr'><strong>defendas</strong></span> <span class='ocrx_word' id='word_1_66' title='bbox 339 870 350 890; x_wconf 84' lang='lat'>‚</span> <span class='ocrx_word' id='word_1_67' title='bbox 378 851 431 880; x_wconf 88' lang='lat' dir='ltr'><strong>an</strong></span> <span class='ocrx_word' id='word_1_68' title='bbox 452 832 573 896; x_wconf 87' lang='lat' dir='ltr'><strong>quod</strong></span> <span class='ocrx_word' id='word_1_69' title='bbox 591 831 747 878; x_wconf 85' lang='lat' dir='ltr'><strong>falsum</strong></span> <span class='ocrx_word' id='word_1_70' title='bbox 777 843 840 878; x_wconf 87' lang='lat' dir='ltr'><strong>est</strong></span> <span class='ocrx_word' id='word_1_71' title='bbox 856 869 866 886; x_wconf 80' lang='grc'><em>,</em></span> <span class='ocrx_word' id='word_1_72' title='bbox 890 848 1042 878; x_wconf 72' lang='lat' dir='ltr'><strong>verum</strong></span> <span class='ocrx_word' id='word_1_73' title='bbox 1068 842 1195 895; x_wconf 86' lang='lat' dir='ltr'><strong>putes</strong></span> <span class='ocrx_word' id='word_1_74' title='bbox 1209 851 1220 886; x_wconf 90' lang='grc'>;</span> <span class='ocrx_word' id='word_1_75' title='bbox 1248 848 1297 878; x_wconf 87' lang='lat' dir='ltr'><strong>ac</strong></span> <span class='ocrx_word' id='word_1_76' title='bbox 1319 850 1397 896; x_wconf 91' lang='lat' dir='ltr'><strong>per</strong></span> <span class='ocrx_word' id='word_1_77' title='bbox 1414 834 1501 880; x_wconf 86' lang='lat' dir='ltr'><strong>hoc</strong></span> 
     </span>
     <span class='ocr_line' id='line_1_10' title="bbox 114 901 1500 960; baseline 0.001 -11"><span class='ocrx_word' id='word_1_78' title='bbox 114 904 168 949; x_wconf 89' lang='lat' dir='ltr'><strong>sit</strong></span> <span class='ocrx_word' id='word_1_79' title='bbox 186 903 419 960; x_wconf 84' lang='lat' dir='ltr'><strong>incertum,</strong></span> <span class='ocrx_word' id='word_1_80' title='bbox 440 913 589 948; x_wconf 88' lang='lat' dir='ltr'><strong>utrum</strong></span> <span class='ocrx_word' id='word_1_81' title='bbox 613 902 764 948; x_wconf 89' lang='lat' dir='ltr'><strong>oculos</strong></span> <span class='ocrx_word' id='word_1_82' title='bbox 776 902 955 948; x_wconf 87' lang='lat' dir='ltr'><strong>rationis</strong></span> <span class='ocrx_word' id='word_1_83' title='bbox 980 902 1187 959; x_wconf 79' lang='lat' dir='ltr'><strong>amiseris,</strong></span> <span class='ocrx_word' id='word_1_84' title='bbox 1210 901 1316 948; x_wconf 89' lang='lat' dir='ltr'><strong>dum</strong></span> <span class='ocrx_word' id='word_1_85' title='bbox 1334 914 1500 950; x_wconf 89' lang='lat' dir='ltr'><strong>certum</strong></span> 
     </span>
     <span class='ocr_line' id='line_1_11' title="bbox 114 972 846 1037; baseline 0 -17"><span class='ocrx_word' id='word_1_86' title='bbox 114 974 170 1020; x_wconf 81' lang='lat' dir='ltr'><strong>sit</strong></span> <span class='ocrx_word' id='word_1_87' title='bbox 196 972 344 1019; x_wconf 86' lang='lat' dir='ltr'><strong>oculos</strong></span> <span class='ocrx_word' id='word_1_88' title='bbox 366 984 406 1020; x_wconf 86' lang='lat' dir='ltr'><strong>te</strong></span> <span class='ocrx_word' id='word_1_89' title='bbox 425 973 529 1020; x_wconf 84' lang='lat' dir='ltr'><strong>fidei</strong></span> <span class='ocrx_word' id='word_1_90' title='bbox 553 973 846 1037; x_wconf 81' lang='lat' dir='ltr'><strong>perdidisse.»</strong></span> 
     </span>
    </p>

    <p class='ocr_par' dir='ltr' id='par_1_3' title="bbox 115 1046 1501 1165">
     <span class='ocr_line' id='line_1_12' title="bbox 180 1046 1501 1113; baseline 0 -19"><span class='ocrx_word' id='word_1_91' title='bbox 180 1049 294 1095; x_wconf 73' lang='lat' dir='ltr'><strong>Auo.</strong></span> <span class='ocrx_word' id='word_1_92' title='bbox 337 1047 566 1113; x_wconf 86' lang='lat' dir='ltr'><strong>Numquid</strong></span> <span class='ocrx_word' id='word_1_93' title='bbox 588 1047 687 1093; x_wconf 84' lang='lat' dir='ltr'><strong>ideo</strong></span> <span class='ocrx_word' id='word_1_94' title='bbox 716 1057 761 1093; x_wconf 86' lang='lat' dir='ltr'><strong>te</strong></span> <span class='ocrx_word' id='word_1_95' title='bbox 790 1047 959 1093; x_wconf 85' lang='lat' dir='ltr'><strong>victum</strong></span> <span class='ocrx_word' id='word_1_96' title='bbox 979 1046 1240 1104; x_wconf 85' lang='lat' dir='ltr'><strong>consolaris,</strong></span> <span class='ocrx_word' id='word_1_97' title='bbox 1264 1048 1368 1110; x_wconf 87' lang='lat' dir='ltr'><strong>quia</strong></span> <span class='ocrx_word' id='word_1_98' title='bbox 1390 1065 1501 1094; x_wconf 90' lang='lat' dir='ltr'><strong>con-</strong></span> 
     </span>
     <span class='ocr_line' id='line_1_13' title="bbox 115 1118 322 1165; baseline 0 0"><span class='ocrx_word' id='word_1_99' title='bbox 115 1118 322 1165; x_wconf 71' lang='lat' dir='ltr'><strong>viciaris&#39;?</strong></span> 
     </span>
    </p>

    <p class='ocr_par' dir='ltr' id='par_1_4' title="bbox 117 1182 1506 1606">
     <span class='ocr_line' id='line_1_14' title="bbox 183 1182 1505 1252; baseline 0.001 -18"><span class='ocrx_word' id='word_1_100' title='bbox 183 1189 369 1235; x_wconf 84' lang='lat' dir='ltr'><strong>CXXII.</strong></span> <span class='ocrx_word' id='word_1_101' title='bbox 401 1189 501 1235; x_wconf 80' lang='lat' dir='ltr'><strong>Jur..</strong></span> <span class='ocrx_word' id='word_1_102' title='bbox 523 1182 550 1231; x_wconf 68' lang='grc' dir='ltr'>ἀ</span> <span class='ocrx_word' id='word_1_103' title='bbox 572 1189 630 1234; x_wconf 90' lang='lat' dir='ltr'><strong>Ut</strong></span> <span class='ocrx_word' id='word_1_104' title='bbox 650 1198 794 1234; x_wconf 84' lang='lat' dir='ltr'><strong>autem</strong></span> <span class='ocrx_word' id='word_1_105' title='bbox 816 1202 918 1252; x_wconf 71' lang='lat' dir='ltr'><strong>q‘uae</strong></span> <span class='ocrx_word' id='word_1_106' title='bbox 950 1198 1050 1233; x_wconf 85' lang='lat' dir='ltr'><strong>sunt</strong></span> <span class='ocrx_word' id='word_1_107' title='bbox 1078 1199 1174 1234; x_wconf 84' lang='lat' dir='ltr'><strong>acta</strong></span> <span class='ocrx_word' id='word_1_108' title='bbox 1190 1226 1200 1244; x_wconf 92' lang='lat'>,</span> <span class='ocrx_word' id='word_1_109' title='bbox 1226 1189 1417 1235; x_wconf 79' lang='lat' dir='ltr'><strong>breviter</strong></span> <span class='ocrx_word' id='word_1_110' title='bbox 1435 1208 1505 1236; x_wconf 87' lang='lat' dir='ltr'><strong>re-</strong></span> 
     </span>
     <span class='ocr_line' id='line_1_15' title="bbox 117 1259 1503 1324; baseline 0.001 -19"><span class='ocrx_word' id='word_1_111' title='bbox 117 1270 318 1324; x_wconf 84' lang='lat' dir='ltr'>petamus</span> <span class='ocrx_word' id='word_1_112' title='bbox 333 1297 344 1316; x_wconf 85' lang='lat'>,</span> <span class='ocrx_word' id='word_1_113' title='bbox 364 1259 598 1305; x_wconf 78' lang='lat' dir='ltr'>arbitrium</span> <span class='ocrx_word' id='word_1_114' title='bbox 621 1260 811 1306; x_wconf 86' lang='lat' dir='ltr'><strong>liberum</strong></span> <span class='ocrx_word' id='word_1_115' title='bbox 832 1297 843 1316; x_wconf 85' lang='lat'><strong><em>‚</em></strong></span> <span class='ocrx_word' id='word_1_116' title='bbox 867 1259 987 1323; x_wconf 87' lang='lat' dir='ltr'><strong>quod</strong></span> <span class='ocrx_word' id='word_1_117' title='bbox 1004 1260 1048 1304; x_wconf 89' lang='lat' dir='ltr'><strong>in</strong></span> <span class='ocrx_word' id='word_1_118' title='bbox 1067 1259 1170 1316; x_wconf 82' lang='lat' dir='ltr'><strong>mali</strong></span> <span class='ocrx_word' id='word_1_119' title='bbox 1193 1270 1318 1323; x_wconf 87' lang='lat' dir='ltr'><strong>parte</strong></span> <span class='ocrx_word' id='word_1_120' title='bbox 1333 1298 1344 1316; x_wconf 83' lang='lat'><strong>,</strong></span> <span class='ocrx_word' id='word_1_121' title='bbox 1371 1261 1503 1306; x_wconf 84' lang='lat' dir='ltr'><strong>vitio-</strong></span> 
     </span>
     <span class='ocr_line' id='line_1_16' title="bbox 118 1329 1505 1394; baseline 0.001 -18"><span class='ocrx_word' id='word_1_122' title='bbox 118 1347 219 1376; x_wconf 84' lang='lat' dir='ltr'><strong>rum</strong></span> <span class='ocrx_word' id='word_1_123' title='bbox 245 1329 576 1394; x_wconf 68' lang='lat' dir='ltr'><strong>voluptatibus,</strong></span> <span class='ocrx_word' id='word_1_124' title='bbox 617 1330 687 1376; x_wconf 85' lang='lat' dir='ltr'><strong>vel</strong></span> <span class='ocrx_word' id='word_1_125' title='bbox 713 1330 880 1375; x_wconf 83' lang='lat' dir='ltr'><strong>diaboli</strong></span> <span class='ocrx_word' id='word_1_126' title='bbox 917 1331 1298 1393; x_wconf 81' lang='lat' dir='ltr'><strong>persuasionibus3</strong></span> <span class='ocrx_word' id='word_1_127' title='bbox 1327 1332 1372 1377; x_wconf 88' lang='lat' dir='ltr'><strong>in</strong></span> <span class='ocrx_word' id='word_1_128' title='bbox 1396 1332 1505 1378; x_wconf 85' lang='lat' dir='ltr'><strong>boni</strong></span> 
     </span>
     <span class='ocr_line' id='line_1_17' title="bbox 119 1400 1506 1464; baseline 0.001 -17"><span class='ocrx_word' id='word_1_129' title='bbox 119 1411 263 1447; x_wconf 80' lang='lat' dir='ltr'><strong>autem</strong></span> <span class='ocrx_word' id='word_1_130' title='bbox 279 1411 406 1464; x_wconf 84' lang='lat' dir='ltr'><strong>parte</strong></span> <span class='ocrx_word' id='word_1_131' title='bbox 423 1438 435 1458; x_wconf 85' lang='lat'><strong><em>,</em></strong></span> <span class='ocrx_word' id='word_1_132' title='bbox 458 1401 673 1448; x_wconf 87' lang='lat' dir='ltr'><strong>virtutum</strong></span> <span class='ocrx_word' id='word_1_133' title='bbox 693 1400 999 1462; x_wconf 78' lang='lat' dir='ltr'><strong>dogmatibUS,</strong></span> <span class='ocrx_word' id='word_1_134' title='bbox 1021 1411 1063 1446; x_wconf 79' lang='lat' dir='ltr'><strong>et</strong></span> <span class='ocrx_word' id='word_1_135' title='bbox 1076 1401 1204 1447; x_wconf 86' lang='lat' dir='ltr'><strong>variis</strong></span> <span class='ocrx_word' id='word_1_136' title='bbox 1228 1401 1390 1448; x_wconf 86' lang='lat' dir='ltr'><strong>divinae</strong></span> <span class='ocrx_word' id='word_1_137' title='bbox 1411 1420 1506 1463; x_wconf 84' lang='lat' dir='ltr'><strong>gra-</strong></span> 
     </span>
     <span class='ocr_line' id='line_1_18' title="bbox 118 1471 1506 1535; baseline 0.001 -17"><span class='ocrx_word' id='word_1_138' title='bbox 118 1472 193 1518; x_wconf 84' lang='lat' dir='ltr'><strong>tiae</strong></span> <span class='ocrx_word' id='word_1_139' title='bbox 216 1472 442 1535; x_wconf 86' lang='lat' dir='ltr'><strong>speciebus</strong></span> <span class='ocrx_word' id='word_1_140' title='bbox 459 1474 664 1531; x_wconf 84' lang='lat' dir='ltr'><strong>juvatur3</strong></span> <span class='ocrx_word' id='word_1_141' title='bbox 686 1489 775 1517; x_wconf 90' lang='lat' dir='ltr'><strong>non</strong></span> <span class='ocrx_word' id='word_1_142' title='bbox 796 1482 939 1535; x_wconf 86' lang='lat' dir='ltr'><strong>potest</strong></span> <span class='ocrx_word' id='word_1_143' title='bbox 964 1471 1085 1517; x_wconf 83' lang='lat' dir='ltr'><strong>aliter</strong></span> <span class='ocrx_word' id='word_1_144' title='bbox 1109 1483 1305 1519; x_wconf 81' lang='lat' dir='ltr'>constare</span> <span class='ocrx_word' id='word_1_145' title='bbox 1323 1511 1333 1530; x_wconf 81' lang='lat'><strong>‚</strong></span> <span class='ocrx_word' id='word_1_146' title='bbox 1356 1475 1438 1520; x_wconf 88' lang='lat' dir='ltr'><strong>nisi</strong></span> <span class='ocrx_word' id='word_1_147' title='bbox 1458 1484 1506 1519; x_wconf 92' lang='lat' dir='ltr'><strong>ut</strong></span> 
     </span>
     <span class='ocr_line' id='line_1_19' title="bbox 121 1542 1339 1606; baseline 0.002 -18"><span class='ocrx_word' id='word_1_148' title='bbox 121 1552 162 1589; x_wconf 85' lang='lat' dir='ltr'><strong>et</strong></span> <span class='ocrx_word' id='word_1_149' title='bbox 180 1542 364 1602; x_wconf 78' lang='lat' dir='ltr'><strong>justitiae</strong></span> <span class='ocrx_word' id='word_1_150' title='bbox 387 1543 441 1588; x_wconf 85' lang='lat' dir='ltr'><strong>ab</strong></span> <span class='ocrx_word' id='word_1_151' title='bbox 458 1560 509 1588; x_wconf 88' lang='lat' dir='ltr'><strong>eo</strong></span> <span class='ocrx_word' id='word_1_152' title='bbox 525 1579 537 1599; x_wconf 81' lang='lat'>‚</span> <span class='ocrx_word' id='word_1_153' title='bbox 560 1553 602 1589; x_wconf 86' lang='lat' dir='ltr'><strong>et</strong></span> <span class='ocrx_word' id='word_1_154' title='bbox 619 1543 786 1606; x_wconf 86' lang='lat' dir='ltr'><strong>peccati</strong></span> <span class='ocrx_word' id='word_1_155' title='bbox 807 1543 1033 1588; x_wconf 83' lang='lat' dir='ltr'><strong>necessitas</strong></span> <span class='ocrx_word' id='word_1_156' title='bbox 1057 1545 1291 1591; x_wconf 80' lang='lat' dir='ltr'><strong>auferatur.</strong></span> <span class='ocrx_word' id='word_1_157' title='bbox 1319 1567 1339 1587; x_wconf 70' lang='lat'><strong>&gt;2</strong></span> 
     </span>
    </p>

    <p class='ocr_par' dir='ltr' id='par_1_5' title="bbox 120 1612 1514 2384">
     <span class='ocr_line' id='line_1_20' title="bbox 189 1612 1505 1677; baseline 0.003 -19"><span class='ocrx_word' id='word_1_158' title='bbox 189 1613 302 1659; x_wconf 73' lang='lat' dir='ltr'><strong>Aue.</strong></span> <span class='ocrx_word' id='word_1_159' title='bbox 344 1613 464 1658; x_wconf 80' lang='lat' dir='ltr'><strong>Inter</strong></span> <span class='ocrx_word' id='word_1_160' title='bbox 485 1612 647 1659; x_wconf 81' lang='lat' dir='ltr'><strong>divinae</strong></span> <span class='ocrx_word' id='word_1_161' title='bbox 661 1614 813 1674; x_wconf 82' lang='lat' dir='ltr'><strong>gratiae</strong></span> <span class='ocrx_word' id='word_1_162' title='bbox 834 1613 996 1677; x_wconf 83' lang='lat' dir='ltr'><strong>species</strong></span> <span class='ocrx_word' id='word_1_163' title='bbox 1015 1613 1048 1659; x_wconf 91' lang='lat' dir='ltr'><strong>si</strong></span> <span class='ocrx_word' id='word_1_164' title='bbox 1067 1615 1282 1677; x_wconf 84' lang='lat' dir='ltr'><strong>poneretis</strong></span> <span class='ocrx_word' id='word_1_165' title='bbox 1302 1615 1505 1662; x_wconf 88' lang='lat' dir='ltr'><strong>dilectio-</strong></span> 
     </span>
     <span class='ocr_line' id='line_1_21' title="bbox 121 1683 1506 1750; baseline 0.004 -22"><span class='ocrx_word' id='word_1_166' title='bbox 121 1699 221 1728; x_wconf 86' lang='lat' dir='ltr'><strong>nem</strong></span> <span class='ocrx_word' id='word_1_167' title='bbox 237 1719 248 1736; x_wconf 87' lang='lat'>,</span> <span class='ocrx_word' id='word_1_168' title='bbox 263 1699 394 1745; x_wconf 84' lang='lat' dir='ltr'><strong>quam</strong></span> <span class='ocrx_word' id='word_1_169' title='bbox 410 1700 498 1728; x_wconf 89' lang='lat' dir='ltr'><strong>non</strong></span> <span class='ocrx_word' id='word_1_170' title='bbox 516 1700 564 1728; x_wconf 87' lang='lat' dir='ltr'><strong>ex</strong></span> <span class='ocrx_word' id='word_1_171' title='bbox 585 1684 714 1729; x_wconf 88' lang='lat' dir='ltr'><strong>nobis</strong></span> <span class='ocrx_word' id='word_1_172' title='bbox 727 1720 737 1739; x_wconf 93' lang='lat'>‚</span> <span class='ocrx_word' id='word_1_173' title='bbox 759 1683 831 1728; x_wconf 86' lang='lat' dir='ltr'><strong>sed</strong></span> <span class='ocrx_word' id='word_1_174' title='bbox 852 1700 899 1729; x_wconf 82' lang='lat' dir='ltr'><strong>ex</strong></span> <span class='ocrx_word' id='word_1_175' title='bbox 921 1685 1012 1729; x_wconf 89' lang='lat' dir='ltr'><strong>Deo</strong></span> <span class='ocrx_word' id='word_1_176' title='bbox 1030 1701 1116 1730; x_wconf 86' lang='lat' dir='ltr'><strong>esse</strong></span> <span class='ocrx_word' id='word_1_177' title='bbox 1129 1722 1139 1740; x_wconf 85' lang='lat'>‚</span> <span class='ocrx_word' id='word_1_178' title='bbox 1165 1702 1346 1750; x_wconf 86' lang='lat' dir='ltr'><strong>eamque</strong></span> <span class='ocrx_word' id='word_1_179' title='bbox 1363 1691 1506 1733; x_wconf 91' lang='lat' dir='ltr'><strong>Deum</strong></span> 
     </span>
     <span class='ocr_line' id='line_1_22' title="bbox 120 1753 1509 1820; baseline 0.002 -20"><span class='ocrx_word' id='word_1_180' title='bbox 120 1754 228 1800; x_wconf 84' lang='lat' dir='ltr'><strong>dare</strong></span> <span class='ocrx_word' id='word_1_181' title='bbox 251 1753 351 1799; x_wconf 72' lang='lat' dir='ltr'><strong>filiis</strong></span> <span class='ocrx_word' id='word_1_182' title='bbox 379 1753 465 1800; x_wconf 90' lang='lat' dir='ltr'><strong>suis</strong></span> <span class='ocrx_word' id='word_1_183' title='bbox 493 1754 762 1818; x_wconf 78' lang='lat' dir='ltr'><strong>apertissime</strong></span> <span class='ocrx_word' id='word_1_184' title='bbox 783 1754 952 1815; x_wconf 80' lang='lat' dir='ltr'><strong>legitis3</strong></span> <span class='ocrx_word' id='word_1_185' title='bbox 980 1757 1071 1801; x_wconf 87' lang='lat' dir='ltr'><strong>sine</strong></span> <span class='ocrx_word' id='word_1_186' title='bbox 1093 1773 1179 1819; x_wconf 90' lang='lat' dir='ltr'><strong>qua</strong></span> <span class='ocrx_word' id='word_1_187' title='bbox 1202 1774 1328 1803; x_wconf 90' lang='lat' dir='ltr'><strong>nemo</strong></span> <span class='ocrx_word' id='word_1_188' title='bbox 1348 1758 1419 1820; x_wconf 87' lang='lat' dir='ltr'><strong>pie</strong></span> <span class='ocrx_word' id='word_1_189' title='bbox 1438 1758 1509 1803; x_wconf 85' lang='lat' dir='ltr'><strong>vi-</strong></span> 
     </span>
     <span class='ocr_line' id='line_1_23' title="bbox 123 1825 1511 1892; baseline 0.003 -22"><span class='ocrx_word' id='word_1_190' title='bbox 123 1825 187 1871; x_wconf 81' lang='lat' dir='ltr'><strong>vit</strong></span> <span class='ocrx_word' id='word_1_191' title='bbox 204 1860 215 1880; x_wconf 82' lang='grc'><em>,</em></span> <span class='ocrx_word' id='word_1_192' title='bbox 234 1834 397 1870; x_wconf 87' lang='lat' dir='ltr'><strong>etcum</strong></span> <span class='ocrx_word' id='word_1_193' title='bbox 423 1841 512 1888; x_wconf 83' lang='lat' dir='ltr'><strong>qua</strong></span> <span class='ocrx_word' id='word_1_194' title='bbox 535 1842 662 1871; x_wconf 90' lang='lat' dir='ltr'><strong>nemo</strong></span> <span class='ocrx_word' id='word_1_195' title='bbox 687 1825 770 1871; x_wconf 88' lang='lat' dir='ltr'><strong>nisi</strong></span> <span class='ocrx_word' id='word_1_196' title='bbox 793 1826 865 1889; x_wconf 86' lang='lat' dir='ltr'><strong>pie</strong></span> <span class='ocrx_word' id='word_1_197' title='bbox 883 1825 1017 1883; x_wconf 81' lang='lat' dir='ltr'><strong>vivit3</strong></span> <span class='ocrx_word' id='word_1_198' title='bbox 1043 1827 1132 1872; x_wconf 86' lang='lat' dir='ltr'><strong>sine</strong></span> <span class='ocrx_word' id='word_1_199' title='bbox 1155 1844 1241 1892; x_wconf 87' lang='lat' dir='ltr'><strong>qua</strong></span> <span class='ocrx_word' id='word_1_200' title='bbox 1264 1828 1425 1874; x_wconf 88' lang='lat' dir='ltr'><strong>nullius</strong></span> <span class='ocrx_word' id='word_1_201' title='bbox 1447 1839 1511 1874; x_wconf 89' lang='lat' dir='ltr'><strong>est</strong></span> 
     </span>
     <span class='ocr_line' id='line_1_24' title="bbox 126 1894 1507 1959; baseline 0.004 -19"><span class='ocrx_word' id='word_1_202' title='bbox 126 1896 243 1940; x_wconf 74' lang='lat' dir='ltr'><strong>bona</strong></span> <span class='ocrx_word' id='word_1_203' title='bbox 255 1894 457 1942; x_wconf 81' lang='lat' dir='ltr'><strong>voluntas</strong></span> <span class='ocrx_word' id='word_1_204' title='bbox 470 1932 481 1952; x_wconf 82' lang='grc'>,</span> <span class='ocrx_word' id='word_1_205' title='bbox 504 1906 546 1941; x_wconf 89' lang='lat' dir='ltr'><strong>et</strong></span> <span class='ocrx_word' id='word_1_206' title='bbox 565 1913 665 1942; x_wconf 93' lang='lat' dir='ltr'><strong>cum</strong></span> <span class='ocrx_word' id='word_1_207' title='bbox 684 1913 774 1959; x_wconf 88' lang='lat' dir='ltr'><strong>qua</strong></span> <span class='ocrx_word' id='word_1_208' title='bbox 793 1896 955 1942; x_wconf 88' lang='lat' dir='ltr'><strong>nullius</strong></span> <span class='ocrx_word' id='word_1_209' title='bbox 975 1907 1038 1942; x_wconf 89' lang='lat' dir='ltr'><strong>est</strong></span> <span class='ocrx_word' id='word_1_210' title='bbox 1053 1897 1134 1943; x_wconf 86' lang='lat' dir='ltr'><strong>nisi</strong></span> <span class='ocrx_word' id='word_1_211' title='bbox 1149 1898 1266 1944; x_wconf 83' lang='lat' dir='ltr'><strong>bona</strong></span> <span class='ocrx_word' id='word_1_212' title='bbox 1280 1899 1507 1954; x_wconf 79' lang='lat' dir='ltr'><strong>volunta83</strong></span> 
     </span>
     <span class='ocr_line' id='line_1_25' title="bbox 126 1964 1511 2022; baseline 0.001 -10"><span class='ocrx_word' id='word_1_213' title='bbox 126 1981 224 2012; x_wconf 76' lang='lat' dir='ltr'><strong>vere</strong></span> <span class='ocrx_word' id='word_1_214' title='bbox 244 1964 432 2010; x_wconf 78' lang='lat' dir='ltr'><strong>liberum</strong></span> <span class='ocrx_word' id='word_1_215' title='bbox 459 1965 745 2011; x_wconf 83' lang='lat' dir='ltr'><strong>defenderetis</strong></span> <span class='ocrx_word' id='word_1_216' title='bbox 761 2003 772 2022; x_wconf 88' lang='lat'>‚</span> <span class='ocrx_word' id='word_1_217' title='bbox 805 1984 894 2012; x_wconf 87' lang='lat' dir='ltr'><strong>non</strong></span> <span class='ocrx_word' id='word_1_218' title='bbox 913 1967 1120 2012; x_wconf 81' lang='lat' dir='ltr'><strong>inflaretis</strong></span> <span class='ocrx_word' id='word_1_219' title='bbox 1145 1968 1391 2016; x_wconf 80' lang='lat' dir='ltr'><strong>arbitrium.</strong></span> <span class='ocrx_word' id='word_1_220' title='bbox 1420 1970 1511 2014; x_wconf 86' lang='lat' dir='ltr'><strong>Ne-</strong></span> 
     </span>
     <span class='ocr_line' id='line_1_26' title="bbox 125 2034 1509 2103; baseline 0.004 -22"><span class='ocrx_word' id='word_1_221' title='bbox 125 2034 363 2081; x_wconf 72' lang='lat' dir='ltr'><strong>cessitatem</strong></span> <span class='ocrx_word' id='word_1_222' title='bbox 382 2052 518 2098; x_wconf 87' lang='lat' dir='ltr'><strong>porro</strong></span> <span class='ocrx_word' id='word_1_223' title='bbox 537 2037 571 2081; x_wconf 88' lang='lat' dir='ltr'><strong>si</strong></span> <span class='ocrx_word' id='word_1_224' title='bbox 583 2053 678 2082; x_wconf 90' lang='lat' dir='ltr'><strong>eam</strong></span> <span class='ocrx_word' id='word_1_225' title='bbox 695 2036 823 2091; x_wconf 84' lang='lat' dir='ltr'><strong>dicis,</strong></span> <span class='ocrx_word' id='word_1_226' title='bbox 855 2054 943 2101; x_wconf 86' lang='lat' dir='ltr'><strong>qua</strong></span> <span class='ocrx_word' id='word_1_227' title='bbox 961 2038 1145 2102; x_wconf 84' lang='lat' dir='ltr'><strong>quisque</strong></span> <span class='ocrx_word' id='word_1_228' title='bbox 1165 2039 1329 2085; x_wconf 87' lang='lat' dir='ltr'><strong>invitus</strong></span> <span class='ocrx_word' id='word_1_229' title='bbox 1352 2041 1509 2103; x_wconf 86' lang='lat' dir='ltr'><strong>oppri—</strong></span> 
     </span>
     <span class='ocr_line' id='line_1_27' title="bbox 128 2105 1505 2170; baseline 0.004 -20"><span class='ocrx_word' id='word_1_230' title='bbox 128 2105 290 2159; x_wconf 82' lang='lat' dir='ltr'><strong>mitur3</strong></span> <span class='ocrx_word' id='word_1_231' title='bbox 321 2105 503 2164; x_wconf 82' lang='lat' dir='ltr'><strong>justitiae</strong></span> <span class='ocrx_word' id='word_1_232' title='bbox 526 2106 648 2152; x_wconf 87' lang='lat' dir='ltr'><strong>nulla</strong></span> <span class='ocrx_word' id='word_1_233' title='bbox 670 2118 732 2152; x_wconf 84' lang='lat' dir='ltr'><strong>est</strong></span> <span class='ocrx_word' id='word_1_234' title='bbox 749 2144 760 2159; x_wconf 86' lang='lat'>,</span> <span class='ocrx_word' id='word_1_235' title='bbox 786 2108 890 2170; x_wconf 87' lang='lat' dir='ltr'><strong>quia</strong></span> <span class='ocrx_word' id='word_1_236' title='bbox 918 2125 1045 2153; x_wconf 83' lang='lat' dir='ltr'><strong>nemo</strong></span> <span class='ocrx_word' id='word_1_237' title='bbox 1068 2120 1131 2154; x_wconf 85' lang='lat' dir='ltr'><strong>est</strong></span> <span class='ocrx_word' id='word_1_238' title='bbox 1148 2113 1291 2169; x_wconf 83' lang='lat' dir='ltr'><strong>J&#39;ustus</strong></span> <span class='ocrx_word' id='word_1_239' title='bbox 1309 2110 1471 2157; x_wconf 81' lang='lat' dir='ltr'><strong>invitus</strong></span> <span class='ocrx_word' id='word_1_240' title='bbox 1494 2129 1505 2155; x_wconf 90' lang='lat'><strong>:</strong></span> 
     </span>
     <span class='ocr_line' id='line_1_28' title="bbox 130 2175 1513 2236; baseline 0.004 -14"><span class='ocrx_word' id='word_1_241' title='bbox 130 2175 203 2222; x_wconf 83' lang='lat' dir='ltr'><strong>sed</strong></span> <span class='ocrx_word' id='word_1_242' title='bbox 226 2176 363 2236; x_wconf 74' lang='lat' dir='ltr'><strong>gratia</strong></span> <span class='ocrx_word' id='word_1_243' title='bbox 387 2177 467 2223; x_wconf 86' lang='lat' dir='ltr'><strong>Dei</strong></span> <span class='ocrx_word' id='word_1_244' title='bbox 487 2195 538 2224; x_wconf 83' lang='lat' dir='ltr'><strong>ex</strong></span> <span class='ocrx_word' id='word_1_245' title='bbox 557 2178 731 2224; x_wconf 87' lang='lat' dir='ltr'><strong>nolente</strong></span> <span class='ocrx_word' id='word_1_246' title='bbox 748 2179 965 2225; x_wconf 86' lang='lat' dir='ltr'><strong>volentem</strong></span> <span class='ocrx_word' id='word_1_247' title='bbox 982 2178 1103 2227; x_wconf 80' lang='lat' dir='ltr'><strong>facit.</strong></span> <span class='ocrx_word' id='word_1_248' title='bbox 1135 2181 1181 2226; x_wconf 83' lang='lat' dir='ltr'><strong>Si</strong></span> <span class='ocrx_word' id='word_1_249' title='bbox 1202 2192 1343 2227; x_wconf 86' lang='lat' dir='ltr'><strong>autem</strong></span> <span class='ocrx_word' id='word_1_250' title='bbox 1367 2182 1513 2229; x_wconf 89' lang='lat' dir='ltr'><strong>nullus</strong></span> 
     </span>
     <span class='ocr_line' id='line_1_29' title="bbox 131 2245 1514 2316; baseline 0.006 -24"><span class='ocrx_word' id='word_1_251' title='bbox 131 2256 334 2309; x_wconf 81' lang='lat' dir='ltr'><strong>peccaret</strong></span> <span class='ocrx_word' id='word_1_252' title='bbox 353 2245 543 2306; x_wconf 66' lang='lat' dir='ltr'><strong>invitus,</strong></span> <span class='ocrx_word' id='word_1_253' title='bbox 571 2265 661 2294; x_wconf 78' lang='lat' dir='ltr'><strong>non</strong></span> <span class='ocrx_word' id='word_1_254' title='bbox 678 2260 788 2294; x_wconf 56' lang='lat' dir='ltr'><strong>&gt;esset</strong></span> <span class='ocrx_word' id='word_1_255' title='bbox 811 2250 1025 2313; x_wconf 78' lang='lat' dir='ltr'><strong>scriptum</strong></span> <span class='ocrx_word' id='word_1_256' title='bbox 1048 2269 1058 2295; x_wconf 71' lang='grc' dir='ltr'>ε</span> <span class='ocrx_word' id='word_1_257' title='bbox 1084 2271 1104 2293; x_wconf 72' lang='grc' dir='ltr'>α</span> <span class='ocrx_word' id='word_1_258' title='bbox 1125 2251 1312 2311; x_wconf 83' lang='lat' dir='ltr'><strong>Signasti</strong></span> <span class='ocrx_word' id='word_1_259' title='bbox 1331 2264 1514 2316; x_wconf 86' lang='lat' dir='ltr'><strong>peccata</strong></span> 
     </span>
     <span class='ocr_line' id='line_1_30' title="bbox 135 2316 1479 2384; baseline 0.006 -24"><span class='ocrx_word' id='word_1_260' title='bbox 135 2336 155 2357; x_wconf 82' lang='lat'><strong>›&gt;</strong></span> <span class='ocrx_word' id='word_1_261' title='bbox 177 2333 271 2361; x_wconf 87' lang='lat' dir='ltr'><strong>mea</strong></span> <span class='ocrx_word' id='word_1_262' title='bbox 288 2316 334 2362; x_wconf 88' lang='lat' dir='ltr'><strong>in</strong></span> <span class='ocrx_word' id='word_1_263' title='bbox 351 2317 527 2364; x_wconf 88' lang='lat' dir='ltr'><strong>sacculo</strong></span> <span class='ocrx_word' id='word_1_264' title='bbox 545 2356 557 2376; x_wconf 90' lang='lat'>,</span> <span class='ocrx_word' id='word_1_265' title='bbox 578 2329 620 2364; x_wconf 86' lang='lat' dir='ltr'><strong>et</strong></span> <span class='ocrx_word' id='word_1_266' title='bbox 639 2320 854 2366; x_wconf 81' lang='lat' dir='ltr'><strong>annotasti</strong></span> <span class='ocrx_word' id='word_1_267' title='bbox 876 2321 910 2366; x_wconf 85' lang='lat' dir='ltr'><strong>si</strong></span> <span class='ocrx_word' id='word_1_268' title='bbox 927 2320 1035 2384; x_wconf 90' lang='lat' dir='ltr'><strong>quid</strong></span> <span class='ocrx_word' id='word_1_269' title='bbox 1052 2321 1212 2368; x_wconf 88' lang='lat' dir='ltr'><strong>invitus</strong></span> <span class='ocrx_word' id='word_1_270' title='bbox 1237 2321 1433 2370; x_wconf 60' lang='lat' dir='ltr'><strong>admisil.</strong></span> <span class='ocrx_word' id='word_1_271' title='bbox 1459 2345 1479 2368; x_wconf 82' lang='lat'><strong>›&gt;</strong></span> 
     </span>
    </p>

    <p class='ocr_par' dir='ltr' id='par_1_6' title="bbox 198 2386 1514 2450">
     <span class='ocr_line' id='line_1_31' title="bbox 198 2386 1514 2450; baseline 0.007 -20"><span class='ocrx_word' id='word_1_272' title='bbox 198 2386 412 2434; x_wconf 75' lang='lat' dir='ltr'><strong>CXXIII.</strong></span> <span class='ocrx_word' id='word_1_273' title='bbox 443 2393 467 2434; x_wconf 89' lang='lat' dir='ltr'>J</span> <span class='ocrx_word' id='word_1_274' title='bbox 471 2405 540 2437; x_wconf 75' lang='lat' dir='ltr'><strong>ur..</strong></span> <span class='ocrx_word' id='word_1_275' title='bbox 569 2410 592 2431; x_wconf 88' lang='lat'>«</span> <span class='ocrx_word' id='word_1_276' title='bbox 609 2390 752 2450; x_wconf 88' lang='lat' dir='ltr'><strong>Hujus</strong></span> <span class='ocrx_word' id='word_1_277' title='bbox 773 2400 916 2437; x_wconf 86' lang='lat' dir='ltr'><strong>autem</strong></span> <span class='ocrx_word' id='word_1_278' title='bbox 930 2391 1157 2438; x_wconf 77' lang='lat' dir='ltr'><strong>veritatem</strong></span> <span class='ocrx_word' id='word_1_279' title='bbox 1174 2393 1393 2439; x_wconf 82' lang='lat' dir='ltr'><strong>Catholici</strong></span> <span class='ocrx_word' id='word_1_280' title='bbox 1411 2411 1514 2439; x_wconf 88' lang='lat' dir='ltr'><strong>con-</strong></span> 
     </span>
    </p>
   </div>
   <div class='ocr_carea' id='block_1_2' title="bbox 134 2459 1517 2590">
    <p class='ocr_par' dir='ltr' id='par_1_7' title="bbox 134 2459 1517 2590">
     <span class='ocr_line' id='line_1_32' title="bbox 134 2459 1517 2526; baseline 0.005 -21"><span class='ocrx_word' id='word_1_281' title='bbox 134 2459 338 2505; x_wconf 75' lang='lat' dir='ltr'><strong>fitentur:</strong></span> <span class='ocrx_word' id='word_1_282' title='bbox 355 2459 625 2507; x_wconf 82' lang='lat' dir='ltr'><strong>Traduciani</strong></span> <span class='ocrx_word' id='word_1_283' title='bbox 647 2472 791 2508; x_wconf 89' lang='lat' dir='ltr'><strong>autem</strong></span> <span class='ocrx_word' id='word_1_284' title='bbox 806 2479 910 2512; x_wconf 85' lang='lat' dir='ltr'><strong>cum</strong></span> <span class='ocrx_word' id='word_1_285' title='bbox 927 2463 1186 2511; x_wconf 84' lang='lat' dir='ltr'><strong>Manichaeis</strong></span> <span class='ocrx_word' id='word_1_286' title='bbox 1199 2464 1289 2510; x_wconf 84' lang='lat' dir='ltr'><strong>suis</strong></span> <span class='ocrx_word' id='word_1_287' title='bbox 1303 2465 1517 2526; x_wconf 80' lang='lat' dir='ltr'><strong>magistris</strong></span> 
     </span>
     <span class='ocr_line' id='line_1_33' title="bbox 136 2538 355 2590; baseline 0.005 -15"><span class='ocrx_word' id='word_1_288' title='bbox 136 2538 310 2590; x_wconf 86' lang='lat' dir='ltr'><strong>negant.</strong></span> <span class='ocrx_word' id='word_1_289' title='bbox 333 2549 355 2571; x_wconf 75' lang='lat'><strong>&gt;2</strong></span> 
     </span>
    </p>
   </div>
   <div class='ocr_carea' id='block_1_3' title="bbox 186 2611 454 2653">
    <p class='ocr_par' dir='ltr' id='par_1_8' title="bbox 186 2611 454 2653">
     <span class='ocr_line' id='line_1_34' title="bbox 186 2611 454 2653; baseline 0.007 -9"><span class='ocrx_word' id='word_1_290' title='bbox 186 2613 197 2635; x_wconf 83' lang='lat'><strong>¹</strong></span> <span class='ocrx_word' id='word_1_291' title='bbox 215 2611 289 2644; x_wconf 85' lang='lat' dir='ltr'><strong>Job.</strong></span> <span class='ocrx_word' id='word_1_292' title='bbox 308 2621 376 2653; x_wconf 75' lang='lat' dir='ltr'>xzv,</span> <span class='ocrx_word' id='word_1_293' title='bbox 401 2623 454 2653; x_wconf 90' lang='lat'><strong>17.</strong></span> 
     </span>
    </p>
   </div>
  </div>
 </body>
</html>
