1824 3236
199 307 356 337 OPERIS
393 306 653 336 lMI'ERFEC'l't
693 306 863 335 CONTM
903 307 1147 346 smmum,
1189 310 1273 339 rin.
1318 312 1377 338 vi.
1429 294 1522 340 5:35

149 393 170 414 ›>
188 372 300 417 enim
317 409 329 428 ‚
357 371 470 417 sicut
492 370 703 433 scriptum
725 380 803 424 est,
833 371 884 416 ad
912 389 1100 434 {narseus
1129 391 1212 419 non
1236 375 1380 433 gaudii
1403 374 1527 420 vide-

151 463 171 483 »
192 452 266 487 tur
289 458 398 497 esse,
423 439 495 486 sed
528 439 739 495 tristitiae3
768 452 916 502 postea
943 459 1040 487 vero
1065 443 1308 490 uberiorem
1334 445 1526 491 fructum

151 533 171 553 »
195 511 264 557 his
278 511 354 574 qui
371 527 554 575 peream
566 520 805 559 certarunt.
828 511 968 556 reddit
985 513 1212 571 jusiitiae1.
1232 536 1250 555 »
1273 515 1339 559 'l'u
1363 525 1523 569 autem,

150 582 226 645 qui
260 593 444 628 mortem
473 580 667 644 corporis
702 581 830 625 etiam
855 582 899 626 in
934 582 1134 644 paradiso
1161 584 1290 630 etiam
1320 595 1528 647 peccante

150 652 274 702 nullo
292 688 303 708 ‚
328 651 523 703 futuram
555 651 684 696 fuisse
715 651 941 697 contendis
959 689 969 707 ,
997 653 1134 699 hostis
1156 664 1217 698 est
1247 655 1396 714 gratiae
1418 656 1496 701 Dei
1517 692 1527 707 ‚

150 722 376 785 hostisque
395 733 642 769 sanctorum
658 759 668 776 ‚
691 738 877 785 quorum
915 740 1027 767 mors
1051 724 1239 785 pretiosa
1262 736 1323 769 cst
1346 762 1355 775 ,
1379 743 1458 788 per
1476 725 1532 770 il-

151 793 238 846 lam
275 792 537 845 certantium
562 792 722 839 intrare
758 804 886 857 atque
909 793 1107 839 habitare
1140 795 1409 857 paradisum.
1438 797 1533 841 Non

152 864 265 911 enim
288 875 472 911 mortem
494 865 628 910 solam
647 902 658 920 ‚
689 864 732 910 id
767 875 826 910 est
846 902 856 920 ,
886 864 1192 911 resolutionem
1219 866 1374 911 animae
1394 884 1415 911 a
1441 884 1535 912 cor-

152 953 258 1000 pore
277 973 287 991 ‚
331 935 517 981 nolentis
567 946 709 982 tamen
757 935 965 999 spoliari,
1015 936 1088 982 sed
1146 937 1421 999 supervestiri
1445 974 1454 991 ‚
1490 947 1537 983 ut

155 1007 441 1056 absorbeatur
472 1006 653 1054 mortale
687 1024 709 1052 a
734 1007 849 1052 vita?
872 1025 882 1062 ;
908 1007 980 1052 sed
1005 1007 1133 1053 etiam
1155 1024 1302 1052 omnes
1322 1007 1504 1052 morbos
1524 1044 1533 1061 ‚

155 1088 196 1124 et
220 1077 364 1124 omnia
389 1094 542 1137 genera
582 1076 795 1122 malorum
822 1114 832 1132 ,
862 1095 961 1140 quae
1000 1078 1198 1124 homines
1233 1095 1317 1123 non
1352 1077 1538 1123 valendo

154 1149 263 1195 ferre
288 1148 560 1204 moriuntur,
590 1160 803 1212 quantum
825 1148 879 1197 acl
904 1159 945 1194 te
965 1150 1142 1203 attinet,
1175 1149 1217 1194 in
1238 1147 1384 1194 locum
1407 1159 1540 1195 tantae

156 1219 376 1270 felicitatis
392 1230 434 1265 et
455 1219 613 1283 quietis
643 1219 841 1266 immittis
864 1238 874 1265 ε
910 1219 1027 1283 quod
1055 1236 1196 1266 errore
1216 1230 1382 1283 quanto
1408 1219 1540 1265 facias

159 1289 304 1345 video,
323 1289 395 1337 sed
417 1306 503 1353 qua
525 1289 669 1341 fronte
689 1290 846 1336 nescio.

225 1362 414 1408 XXXII.
458 1361 556 1408 Jut.
601 1383 621 1403 c<
654 1361 808 1410 Verum
838 1372 977 1407 totum
1005 1370 1254 1409 contextum
1288 1360 1370 1405 loci
1406 1360 1542 1421 ipsius

163 1431 434 1484 ventilemus
481 1431 556 1486 Si,
599 1432 742 1495 inquit
760 1469 770 1487 ‚
807 1432 1010 1481 Christus
1044 1429 1313 1494 praedicatur
1357 1431 1457 1493 qnia
1496 1448 1542 1476 cx

162 1501 343 1553 mortuis
374 1502 626 1559 resurrexit,
659 1502 883 1565 quomodo
907 1502 1089 1566 quidam
1114 1502 1267 1549 dicunt
1301 1502 1344 1548 in
1381 1502 1538 1554 vobis,

160 1574 263 1637 quia
299 1573 555 1619 resurrectio
581 1584 854 1620 mortuorum
892 1591 979 1619 non
1000 1573 1127 1620 estssp
1159 1573 1204 1618 Si
1240 1584 1381 1618 auten]
1409 1589 1543 1618 resur-

162 1643 296 1697 rectio
331 1653 604 1695 mortuorum
631 1661 718 1689 non
751 1654 842 1698 est,
883 1660 962 1689 nec
989 1643 1189 1689 Christus
1222 1643 1473 1694 resurrexim
1512 1642 1545 1686 si

164 1726 310 1766 autem
335 1714 538 1765 Christus
574 1731 661 1760 non
704 1715 963 1770 resurrexit,
1005 1714 1145 1760 inanis
1189 1724 1250 1759 est
1286 1713 1543 1776 praedieatio

164 1796 337 1841 nostra,
363 1795 406 1830 ct
432 1801 572 1835 vacua
604 1795 666 1830 est
693 1784 799 1830 fides
829 1795 968 1830 vestra
986 1821 997 1837 ,
1025 1784 1270 1829 invenimur
1293 1783 1421 1828 etiam
1451 1782 1546 1829 falsi

165 1867 289 1903 testes
320 1855 434 1911 Dei,
475 1855 576 1918 quia
604 1855 899 1901 testimonium
933 1854 1118 1904 diximus
1144 1854 1345 1900 adversus
1372 1854 1508 1899 Deum
1531 1890 1540 1905 ,

167 1925 287 1990 quod
301 1925 572 1972 suscitaverit
588 1925 834 1981 Christum,
852 1943 979 1988 quem
1006 1941 1094 1970 non
1113 1924 1348 1970 suscitavit.
1369 1923 1411 1968 Si
1430 1923 1544 1969 enim

168 1996 329 2044 mortui
351 2013 441 2042 non
459 2007 688 2055 resurgunt
707 2033 718 2045 .
740 2013 819 2042 nec
846 1996 1048 2042 Christus
1068 1995 1295 2040 resurrexit
1319 2012 1328 2039 :
1352 1994 1384 2039 si
1404 2003 1544 2038 autem

171 2067 373 2120 Christus
391 2083 481 2112 non
500 2066 746 2122 resurrexit,
767 2084 878 2114 vana
902 2077 963 2112 est
980 2065 1085 2112 fides
1101 2075 1257 2121 vestra,
1279 2064 1383 2128 quia
1402 2063 1548 2109 adhuc

169 2137 268 2183 estis
284 2137 329 2182 in
347 2136 539 2201 peccatis
551 2136 720 2191 vestris3
737 2150 779 2182 et
799 2137 873 2200 qui
890 2137 1162 2187 dormierunt
1176 2152 1276 2195 ergo
1292 2135 1336 2183 in
1351 2134 1545 2188 Christo,

170 2208 408 2273 perierunt.
446 2207 493 2254 Si
519 2207 564 2253 in
590 2207 676 2253 hac
707 2207 795 2253 vita
828 2208 872 2255 in
896 2207 1073 2253 christo
1098 2222 1320 2269 speramus
1345 2215 1508 2250 tantum
1532 2242 1542 2259 ‚

173 2278 504 2333 miserabiliores
532 2295 681 2326 sumus
717 2279 922 2329 omnibus
949 2277 1220 2329 hominibus,
1250 2278 1378 2324 Nunc
1405 2285 1547 2321 autem

174 2350 376 2405 Christus
406 2366 455 2395 ex
489 2350 673 2401 mortuis
708 2349 938 2397 resurrexit
968 2347 1176 2412 primitiae
1208 2346 1515 2393 dormientium
1539 2383 1548 2399 ‚

174 2421 383 2486 quoniam
413 2419 590 2483 quidem
613 2437 693 2483 per
718 2419 940 2466 hominem
974 2436 1091 2465 mors
1113 2455 1123 2472 ‚
1156 2429 1198 2464 et
1232 2434 1310 2481 per
1329 2417 1550 2462 hominem

177 2490 430 2546 resurrectio
452 2500 740 2537 mortuorum.
772 2491 894 2537 Sicut
919 2491 1035 2536 enim
1059 2489 1099 2535 in
1129 2488 1266 2535 Adam
1289 2504 1437 2532 omnes
1466 2502 1556 2532 mo-

117 2560 120 2563 ’
177 2563 380 2619 fiuntur,
406 2561 468 2608 ita
496 2571 538 2607 et
569 2561 615 2613 in
649 2561 824 2608 Christo
849 2578 996 2613 omnes
1016 2559 1372 2611 vivificabuntur.
1409 2558 1553 2602 Unus-

227 2645 419 2688 {ljlebr.x1,
438 2655 547 2677 11.—
564 2643 580 2666 ²
597 2656 614 2675 2
630 2646 704 2677 Cor.
725 2655 753 2682 v,
768 2649 801 2680 4.
826 2662 866 2667 -
883 2641 897 2665 3
919 2654 930 2673 1
954 2645 1027 2675 Cor.
1044 2653 1095 2680 xv,
1120 2653 1170 2682 {²-
