1824 3236
278 232 370 287 408
694 247 727 276 s.
774 247 1013 277 asars'riw
1056 249 1253 278 eviscovi

278 312 434 359 malam
458 329 469 357 ε
492 310 684 375 alioquin
716 330 804 357 non
828 313 1040 375 scriptum
1069 325 1172 359 esset
1193 332 1201 358 :
1228 336 1246 354 α
1271 315 1390 361 ‚t‘ecit
1425 316 1540 364 Deus
1571 317 1659 364 ho-

280 385 484 429 »minem
520 383 732 430 reetum‘l.
765 405 784 425 »
823 384 958 429 Bonae
996 385 1128 445 igitur
1154 386 1390 432 voluntatis
1425 387 1566 434 factus
1599 399 1662 435 est

280 455 415 499 homo
432 491 441 504 ,
474 464 648 515 paratus
667 453 722 499 ad
747 454 1040 500 obediendum
1065 456 1183 513 Deo,
1212 467 1252 501 et
1269 468 1540 521 preeeeptum
1562 460 1658 506 obe-

281 525 450 570 dienter
474 525 716 588 accipiens,
743 525 864 588 quod
888 525 977 570 sine
999 525 1086 571 ulla
1106 563 1115 581 ,
1144 528 1343 590 quandiu
1362 528 1490 574 vellet
1507 566 1517 585 ‚
1546 529 1664 575 dissi-

283 596 444 643 cultate
464 608 673 652 servaret,
701 607 742 642 et
762 597 851 642 sine
871 596 957 642 ulla
978 634 988 653 ‚
1015 614 1114 642 cum
1134 598 1261 644 vellet
1279 637 1289 655 ,
1313 601 1562 647 necessitate
1586 602 1665 648 de—

282 678 464 721 sereret3
499 684 577 712 nec
616 667 724 713 illud
759 685 857 713 sane
893 668 1184 721 infructuose,
1223 687 1302 715 nec
1343 671 1459 716 istud
1485 672 1666 735 impunc

280 739 488 785 facturus.
517 738 641 783 Unde
670 740 742 803 pia
780 750 821 784 et
844 739 987 784 sobria
1026 740 1287 799 cogitatione
1311 742 1547 801 colligitur,
1572 744 1668 807 pri-

282 828 396 855 mam
423 809 690 855 voluntatem
718 811 877 855 bonam
906 810 983 854 Dei
1010 827 1120 872 opus
1138 828 1253 856 esse:
1285 828 1384 857 cum
1404 813 1478 858 illa
1505 815 1672 878 quippe

283 880 386 926 feeit
416 880 640 926 hominem
663 891 829 926 rectum
855 898 864 925 :
900 898 1044 944 neque
1064 882 1179 927 enim
1203 898 1396 947 unquam
1415 921 1425 940 ,
1448 884 1530 930 nisi
1555 895 1673 931 recta

285 952 434 999 volens
451 988 460 1003 ,
489 961 630 996 rectus
651 962 712 996 est
733 952 981 1014 quisquam.

352 1025 541 1085 Propter
565 1022 683 1085 quod
698 1022 899 1068 voluntas
916 1023 1033 1068 bona
1052 1040 1140 1068 non
1156 1022 1356 1070 redditur
1372 1024 1544 1088 perdita
1560 1063 1571 1083 ‚
1592 1024 1677 1071 nisi

289 1094 344 1140 ab
363 1093 437 1139 illo
463 1112 485 1139 a
509 1110 596 1156 quo
621 1104 682 1139 est
717 1092 896 1139 condita
916 1114 926 1147 3
960 1111 1040 1140 nee
1061 1093 1235 1140 aliunde
1253 1095 1504 1158 putandum
1524 1106 1586 1142 est
1604 1113 1676 1141 sa-

287 1165 383 1211 nari
408 1182 528 1227 posse
543 1165 713 1228 peccati
737 1165 1030 1210 necessitatem
1050 1202 1060 1221 ,
1078 1164 1159 1210 nisi
1178 1166 1406 1213 miserante
1426 1166 1501 1213 illo
1518 1204 1528 1223 ‚
1552 1170 1679 1227 cujus

291 1236 377 1282 alto
402 1240 609 1299 J‘ustoque
638 1235 837 1296 judicio,
874 1236 1106 1282 subsecuta
1145 1247 1206 1282 est
1229 1248 1427 1300 posteros
1463 1242 1577 1300 ejus,
1604 1237 1681 1301 qui

288 1308 378 1353 sine
397 1307 484 1353 ulla
510 1308 759 1353 necessitate
776 1307 991 1370 peccavit.
1024 1307 1150 1353 Unde
1164 1307 1235 1353 ille
1254 1319 1539 1373 posteaquam
1567 1325 1679 1372 pec-

290 1379 377 1424 cati
402 1378 642 1424 habitantis
665 1379 709 1423 in
734 1395 862 1424 earne
883 1394 957 1423 sua
973 1415 983 1433 ‚
1009 1395 1097 1441 quo
1117 1379 1355 1438 cogebatur
1375 1379 1538 1426 malum
1559 1395 1681 1438 agere

292 1448 414 1512 quod
432 1448 607 1494 nolebat
625 1486 635 1504 ,
658 1450 950 1494 necessitatem
978 1465 1248 1512 poenamque
1278 1449 1456 1496 deflevit
1472 1487 1482 1506 ‚
1505 1467 1603 1495 mox
1627 1448 1682 1494 ad

291 1538 421 1584 quem
446 1520 789 1581 confugiendum
809 1531 918 1566 esset
944 1520 1170 1566 ostendens
1194 1538 1203 1565 ε
1227 1542 1246 1562 α
1270 1521 1398 1567 Miser
1417 1539 1493 1582 ego
1513 1522 1648 1567 bomo
1668 1558 1678 1576 ,

293 1614 312 1633 >³
336 1592 507 1655 inquit,
545 1591 643 1655 quis
677 1608 745 1636 me
781 1591 990 1636 liberabit
1028 1591 1081 1636 de
1115 1608 1299 1654 corpore
1338 1592 1490 1637 mortis
1519 1592 1682 1651 hujus?

296 1685 316 1705 »
343 1664 496 1709 Gratia
521 1664 600 1708 Dei
623 1680 702 1726 per
718 1667 865 1708 Jesum
883 1663 1110 1708 Christum
1133 1663 1373 1708 Dominum
1393 1674 1591 1708 nostrum
1608 1663 1642 1710 2.
1664 1684 1684 1703 »

295 1734 425 1780 Vides
449 1743 564 1779 certe
579 1769 590 1790 ‚
619 1750 754 1797 quam
789 1750 878 1778 non
902 1733 1130 1779 subveniat
1152 1733 1259 1778 huic
1296 1733 1559 1797 possibilitas
1581 1732 1680 1788 illa,

297 1822 430 1869 quam
461 1814 501 1849 te
523 1814 730 1867 tanquam
754 1820 963 1863 magnum
998 1803 1163 1866 aliquid
1188 1804 1399 1849 invenisse
1436 1802 1683 1858 arbitraris;

292 1880 384 1936 jam
405 1875 573 1939 quippe
598 1875 749 1922 amissa
768 1885 830 1920 est
847 1912 857 1931 ,
880 1873 1057 1937 quando
1072 1875 1322 1920 necessitate
1341 1875 1483 1935 agitur
1498 1873 1683 1930 malum,

298 1958 339 1993 et
359 1947 440 1992 sub
466 1946 703 1992 necessario
729 1945 842 1991 malo
870 1946 1028 1991 clamat
1055 1946 1189 1992 homo
1213 1964 1223 1991 z
1253 1946 1383 1991 Miser
1405 1962 1483 2006 ego
1507 1945 1645 1990 homo
1672 1962 1683 1990 ι

300 2018 372 2065 sed
407 2018 536 2082 plane
561 2017 630 2063 ille
655 2017 908 2074 subveniat,
947 2021 1070 2077 cujus
1106 2017 1243 2077 gratia
1273 2027 1536 2080 superantur
1559 2015 1689 2061 etiam

299 2106 399 2154 quae
420 2099 650 2153 propterea
670 2088 905 2134 necessaria
932 2106 1060 2136 vocas
1081 2087 1200 2151 quod
1220 2087 1342 2133 aliter
1360 2104 1446 2133 esse
1471 2103 1558 2131 non
1582 2102 1690 2149 pos-

299 2172 415 2208 sunt.
444 2182 464 2202 «
485 2159 615 2217 Quod
635 2161 749 2206 enirn
769 2160 1024 2205 hominibus
1049 2158 1318 2222 impossibile
1339 2168 1425 2214 est,
1448 2161 1543 2203 Deo
1562 2155 1690 2202 facile

301 2243 410 2278 >sest
425 2232 457 2279 3.
485 2254 505 2273 »
528 2232 613 2278 Cui
639 2249 726 2278 non
757 2230 840 2277 fuit
863 2230 1152 2276 necessarium
1179 2240 1227 2275 ut
1252 2228 1441 2275 camelus
1464 2245 1543 2292 per
1568 2225 1683 2272 fora-

300 2322 398 2351 men
421 2321 521 2350 acus
546 2304 705 2350 intrare
725 2320 815 2349 non
846 2313 1017 2366 posset,
1050 2301 1123 2347 sed
1147 2300 1354 2364 possibile
1374 2299 1522 2364 potius
1545 2310 1594 2345 ut
1618 2298 1691 2344 in-

300 2386 458 2429 traret;
484 2376 596 2421 sicut
623 2392 725 2421 caro
746 2385 787 2420 et
808 2391 900 2420 ossa
924 2391 1002 2437 per
1023 2373 1131 2419 ostia
1158 2372 1284 2418 missa
1303 2370 1448 2418 suntl‘.

370 2448 549 2492 Frustra
567 2446 716 2510 itaque
737 2444 906 2491 conaris
920 2453 1120 2490 naturam
1146 2441 1377 2488 defendere
1401 2440 1612 2489 vitiatam.
1646 2440 1693 2487 Si

336 2548 358 2570 '¹
392 2547 495 2579 Ecete.
527 2558 589 2585 vir,
614 2549 668 2580 30.
691 2566 735 2570 —
760 2544 775 2568 Ἰ
805 2549 900 2579 Rom.
924 2557 966 2575 vn
984 2569 991 2583 ‚
1021 2552 1062 2582 24
1086 2551 1115 2576 et
1147 2546 1203 2578 25'.
1226 2562 1271 2569 —
1289 2542 1303 2566 3
1322 2542 1441 2576 Matih.
1465 2554 1522 2575 xxx
1543 2566 1550 2582 ,
1575 2544 1692 2574 26.—

300 2603 314 2627 4
336 2605 431 2638 Joan.
453 2614 514 2641 xx,
537 2603 596 2635 26.
