1863 3262
311 263 370 319 54
721 277 755 307 s,
798 275 1045 307 Aneusrinr
1081 276 1283 306 Episcopi

379 345 492 389 Am.
525 342 779 405 Susceptam
809 352 926 387 tuam
952 341 1177 386 libidinem
1194 379 1203 394 ,
1226 341 1312 387 hoc
1333 353 1394 387 est
1412 380 1422 397 ‚
1451 342 1690 405 concupis-

313 414 500 461 centiam
546 413 686 458 carnis
722 412 1091 475 concupiscentiae
1127 413 1304 475 spiritus
1342 423 1654 477 repugnantem
1678 451 1688 470 ,

314 484 553 544 Prophetae
584 493 625 529 et
656 483 852 547 Apostoli
891 483 1077 528 fideliter
1101 485 1438 546 expugnabant,
1477 485 1577 548 quia
1605 501 1693 530 non

316 553 571 601 laudabant.

381 626 591 672 LXXIII.
622 624 721 671 JUL.
757 645 777 666 c<
799 624 1020 681 Quoniam
1049 635 1229 672 conatus
1254 626 1517 673 omnimodae
1540 626 1697 671 hones-

316 696 414 742 tatis
435 695 672 755 extinguit3
700 699 907 758 quoniam
935 713 1105 741 morum
1132 697 1463 743 obscoenitatei'n
1479 735 1490 753 9
1515 712 1697 759 operum

317 769 427 823 Dei,
450 766 495 811 id
519 776 603 820 est,
646 777 815 812 naturae
841 767 1072 823 humanae,
1102 768 1353 813 consolatur
1375 779 1417 813 et
1442 779 1567 827 auget
1591 766 1699 811 infa-

317 838 404 883 mia
423 856 434 891 ;
459 836 666 901 quoniam
685 837 831 882 omnia
849 837 1052 883 mandata
1072 838 1193 899 legis⁷
1219 839 1356 885 reatui
1376 836 1701 903 impossibilita-

319 909 391 964 tis,
415 907 460 953 id
488 918 572 961 est,
594 906 836 970 iniquitatis
862 908 1041 955 addicit.
1072 931 1091 951 »

385 982 502 1026 AUG.
538 979 627 1035 Qui
651 978 784 1035 dicit,
826 1001 846 1020 α
867 981 964 1025 Non
988 980 1110 1044 quod
1136 982 1234 1027 volo
1261 999 1337 1041 ago
1353 1019 1364 1033 ,
1392 981 1465 1026 sed
1482 976 1609 1044 quod
1631 978 1705 1024 odi

325 1072 346 1092 »
370 1050 482 1096 illud
510 1049 652 1095 facio1
675 1088 685 1106 ‚
708 1072 728 1092 υ
754 1051 1088 1114 possibilitatem
1120 1053 1396 1116 perfectionis
1432 1069 1519 1098 suae
1554 1052 1599 1097 in
1624 1049 1708 1095 Dei

327 1121 463 1181 gratia
491 1121 634 1183 ponit,
660 1131 814 1166 contra
838 1139 914 1168 vos
938 1140 948 1167 ι
978 1140 1066 1168 11011
1087 1123 1133 1169 in
1148 1141 1222 1170 sua
1243 1125 1402 1171 virtute
1424 1121 1624 1178 confidit,
1654 1137 1707 1166 ne

327 1191 380 1236 sit
392 1208 529 1237 vanus
549 1201 597 1236 ut
615 1207 703 1237 vos.

391 1262 591 1308 LXXIV.
611 1263 713 1308 JUL.
736 1264 994 1318 «Quoniam
1020 1282 1108 1310 non
1132 1267 1275 1311 minus
1299 1265 1435 1311 habet
1462 1261 1710 1326 turpitudi-

327 1331 392 1378 nis
412 1349 544 1396 quam
575 1331 850 1395 profanitatis
868 1371 879 1390 ,
906 1351 1004 1379 cum
1037 1353 1117 1399 pro
1148 1337 1327 1382 summis
1360 1334 1602 1381 assertionis
1621 1349 1711 1378 suae

328 1402 584 1448 testimoniis
601 1402 852 1462 genitalium
875 1405 1091 1467 pudorem
1120 1407 1390 1470 amplexatur
1413 1424 1422 1451 ε
1443 1428 1462 1447 »

397 1476 512 1519 Ans.
540 1473 638 1518 Non
658 1474 954 1536 amplexamur
982 1477 1233 1536 genitalium
1255 1478 1469 1542 pudorem
1492 1493 1502 1521 :
1533 1474 1606 1520 sed
1626 1491 1714 1537 po·-

332 1543 416 1590 tius
437 1543 583 1607 pudor
607 1544 685 1589 iste
718 1545 834 1591 unde
861 1547 914 1592 sit
931 1584 942 1602 ,
971 1548 1092 1611 quod
1116 1566 1190 1595 vos
1217 1567 1304 1595 non
1332 1546 1483 1604 vultis,
1512 1545 1714 1607 agnosci-

330 1632 439 1661 mus.
466 1614 650 1661 Adimus
685 1616 799 1662 enim
831 1619 1073 1682 Scripturas
1099 1621 1493 1666 manifestissimum
1516 1617 1715 1663 testimo—

334 1686 457 1732 nium
481 1703 491 1730 :
520 1695 671 1732 contra
696 1687 814 1750 quod
836 1705 911 1735 vos
936 1691 1243 1737 obsurdescitis
1263 1730 1272 1743 ,
1292 1709 1393 1737 eum
1418 1691 1717 1736 obmutescere

334 1757 565 1804 deberetis
599 1758 707 1814 Quis
745 1760 859 1805 enim
889 1762 1066 1808 audiens
1101 1763 1220 1826 quod
1254 1764 1314 1809 illi
1349 1762 1483 1827 primi
1519 1759 1719 1806 homines

336 1827 446 1874 nudi
461 1838 599 1884 erant,
626 1839 668 1874 et
693 1847 779 1875 non
801 1832 999 1894 pudebat
1022 1851 1108 1887 eos„
1136 1852 1223 1880 non
1249 1834 1395 1881 videat
1419 1832 1534 1879 unde
1554 1832 1607 1877 sit
1623 1830 1720 1876 fac-

337 1908 431 1944 tum
457 1936 467 1953 ‚
505 1909 553 1944 ut
575 1909 674 1962 post
703 1913 932 1964 peccatum
959 1904 1146 1967 puderet
1173 1923 1243 1951 eos
1269 1905 1408 1951 nudos
1439 1903 1552 1949 csse2
1569 1940 1579 1958 ‚
1609 1911 1651 1947 et
1673 1917 1721 1945 ea

337 1970 535 2015 membra
556 1987 745 2033 quorum
773 1973 958 2036 puderet
975 2013 984 2028 ‚
1012 1976 1263 2022 festinarent
1287 1974 1588 2022 succinctoriis
1607 1987 1722 2036 qua-

337 2040 648 2104 libuscumque
672 2043 840 2089 velare?
877 2046 961 2091 Sed
980 2047 1180 2093 inventus
1201 2059 1261 2093 est
1286 2049 1420 2093 homo
1443 2084 1453 2102 ‚
1482 2045 1558 2108 qui
1592 2044 1722 2088 etiam

341 2109 472 2156 talem
501 2110 730 2158 libidinem
748 2151 758 2169 ‚
788 2116 860 2160 cui
891 2118 1229 2180 repugnandum
1257 2130 1318 2164 est
1337 2135 1389 2163 ne
1408 2126 1616 2180 peccetur
1634 2151 1645 2170 9
1683 2123 1724 2158 et

339 2185 466 2242 cujus
484 2182 613 2228 etiam
638 2183 915 2248 impudentes
938 2189 1099 2251 pudet,
1121 2190 1165 2234 in
1187 2190 1388 2253 paradiso
1407 2187 1690 2234 constitueret
1710 2221 1720 2239 ‚

340 2253 508 2299 etiamsi
531 2254 593 2299 ibi
616 2272 743 2301 nemo
770 2270 986 2319 peccasset
1001 2280 1011 2313 ;
1029 2278 1107 2305 nec
1131 2278 1229 2306 eum
1251 2262 1330 2306 ista
1352 2260 1569 2306 dicentem
1590 2266 1725 2301 tantae

341 2342 392 2371 ac
412 2334 501 2370 tam
526 2325 743 2386 sacrilegae
761 2328 1046 2375 deformitatis
1069 2332 1269 2394 puderet.
1296 2333 1419 2391 Rogo
1441 2341 1482 2376 te
1499 2367 1509 2385 ,
1536 2329 1569 2373 si
1586 2326 1726 2373 libido

334 2397 415 2441 ista
432 2432 442 2451 ‚
466 2404 514 2441 ut
533 2395 776 2453 credimus,
800 2399 935 2445 solam
962 2401 1460 2462 tibiingeritmolestiam
1478 2398 1721 2453 resistendi,

337 2466 503 2513 nullam
535 2484 640 2514 vero
670 2468 847 2517 exhibet
877 2471 1178 2529 voluntatem;
1214 2493 1293 2522 cur
1321 2475 1386 2532 ei,
1416 2471 1617 2540 quamvis
1641 2469 1727 2516 fal-

387 2580 398 2603 ¹
421 2583 513 2614 Rom.
533 2593 593 2626 vn,
619 2585 672 2618 15.
689 2604 732 2610 —-
753 2584 768 2608 2
783 2588 866 2622 Gen.
889 2599 942 2629 111,
964 2601 995 2629 7.
