1824 3236
229 269 321 317 582
655 288 689 318 s.
734 286 977 318 Aussus'rmi
1014 288 1215 318 Episcopi

237 373 256 394 >2
276 353 335 398 ita
366 370 484 401 nunc
513 353 713 400 exhibete
745 363 885 399 vestra
922 354 1118 399 membra
1157 354 1314 400 servire
1347 355 1528 415 Justitiae
1567 354 1611 400 in

233 445 253 465 υ
277 424 664 470 sanctificationem
680 423 716 471 ¹.
736 443 755 465 ¹>
783 423 853 468 lbi
876 424 989 469 enim
1010 424 1062 470 de
1086 426 1209 471 malis
1245 435 1285 470 et
1311 425 1437 471 bonis
1475 426 1610 470 mori-

229 494 314 540 bus
341 495 635 557 loquebatur3
657 494 731 540 hic
764 504 906 540 autem
929 495 983 540 de
1007 496 1322 542 resurrectione
1352 496 1548 560 corporis
1567 504 1608 541 et

233 575 371 611 morte
395 565 591 629 corporis
618 565 829 630 loquitur.
868 565 953 611 Sed
985 566 1193 628 quoniam
1218 567 1293 630 qui
1320 567 1488 613 ratione
1517 571 1609 626 jam

229 646 442 694 utuntur,
478 636 533 683 ad
561 637 921 682 resurrectionem
958 636 1211 714 gloriosam,
1241 654 1342 701 quae
1368 648 1473 683 tunc
1500 639 1573 683 fiet
1602 673 1612 691 ,

226 706 406 785 quando
429 706 625 771 spiritale
644 723 805 770 corpus
829 718 1054 767 resurget,
1083 707 1233 753 venire
1259 723 1347 752 non
1371 718 1610 771 poterunt,

229 778 312 824 nisi
334 777 420 824 hoc
441 788 484 824 et
516 777 698 824 credant
718 788 760 824 et
780 789 990 856 sperent.
1017 778 1116 824 ideo
1140 778 1260 842 quod
1291 780 1500 824 terrestris
1529 779 1613 823 ho-

228 848 358 895 minis
376 849 608 910 imaginem
631 850 948 913 portaverimus
976 867 1349 903 commemorans,
1379 850 1423 895 in
1442 865 1528 913 qua
1551 860 1613 895 est

229 937 310 984 per
332 920 557 967 hominem
581 937 726 979 mors;
759 932 806 966 ut
825 921 1058 982 imaginem
1087 922 1274 968 coelestis
1293 921 1485 967 hominis
1505 936 1617 984 por-

230 1001 371 1036 temus
404 991 635 1046 hortatur,
677 991 722 1037 in
755 1007 843 1055 qua
889 1002 950 1037 est
987 1008 1065 1055 per
1102 993 1327 1038 hominem
1359 991 1617 1037 resurrectio

228 1070 504 1108 mortuorum
533 1079 544 1107 ε
589 1072 636 1108 ut
658 1061 881 1126 quomodo
907 1079 985 1126 per
1017 1062 1125 1109 Adae
1162 1073 1391 1127 peccatum
1420 1062 1618 1108 venimus

233 1135 278 1178 in
302 1143 486 1180 mortem
511 1134 709 1198 corporis
747 1133 970 1190 animalis,
1010 1134 1069 1180 ita
1105 1153 1184 1199 per
1208 1134 1374 1180 Christi
1403 1134 1618 1195 justitiam

225 1203 448 1250 veniamus
464 1204 510 1250 in
532 1205 891 1251 resurrectionem
911 1206 1109 1270 corporis
1127 1206 1354 1270 spiritalis.

299 1274 467 1320 Deinde
502 1275 729 1336 subjungit
758 1293 769 1321 :
797 1276 935 1322 «Hoc
973 1287 1114 1322 autem
1149 1277 1249 1323 dico
1267 1314 1277 1333 ,
1305 1277 1485 1329 fratres,
1517 1275 1619 1339 quia

234 1367 254 1387 ι)
282 1363 381 1391 caro
403 1357 444 1392 et
470 1347 645 1407 sanguis
668 1364 849 1408 regnum
880 1348 959 1393 Dei
984 1348 1203 1412 possidere
1231 1366 1318 1394 non
1348 1347 1577 1411 possunt2.
1605 1367 1624 1387 »

232 1416 320 1462 Ubi
363 1427 403 1462 te
427 1435 515 1463 non
546 1418 911 1481 reprehendimus
943 1419 1119 1464 nomine
1152 1419 1294 1465 carnis
1328 1429 1368 1464 et
1409 1417 1626 1477 sanguinis

235 1486 523 1546 significatam
549 1488 767 1535 carnalem
794 1488 1076 1552 prudentiam
1099 1490 1356 1544 credidisse,
1380 1506 1467 1535 uon
1487 1490 1624 1552 ipsam

239 1557 526 1605 substantiam
562 1559 759 1623 corporis
797 1559 995 1605 animalis
1014 1598 1024 1615 ,
1051 1577 1151 1624 quae
1183 1561 1420 1606 seminatur
1447 1559 1626 1622 quidem

236 1634 281 1674 in
306 1629 543 1689 ignominia
561 1668 571 1686 ,
612 1631 685 1676 sed
713 1642 858 1676 tamen
885 1642 1076 1691 resurget
1105 1633 1150 1677 in
1186 1632 1319 1691 gloria
1338 1670 1347 1687 ‚
1379 1642 1420 1676 ct
1448 1647 1626 1690 regnum

245 1700 326 1746 Dei
341 1701 498 1763 procul
519 1701 658 1747 dubio
679 1702 933 1765 possidebit.
962 1703 1173 1758 Quamvis
1187 1714 1228 1748 et
1249 1702 1373 1748 aliter
1392 1703 1478 1747 hoc
1496 1701 1630 1764 possit

243 1771 451 1832 intelligi,
484 1784 531 1819 ut
554 1774 636 1819 isto
661 1772 758 1819 loco
777 1812 787 1830 ‚
814 1774 990 1819 nomine
1017 1774 1157 1820 carnis
1183 1784 1224 1820 et
1255 1774 1500 1834 sanguinis,
1529 1790 1629 1818 cor-

248 1844 397 1907 ruptio
433 1844 676 1905 significala
711 1845 791 1901 sit,
829 1863 962 1909 quam
987 1861 1106 1891 nunc
1134 1846 1176 1891 in
1205 1862 1335 1891 carne
1372 1844 1569 1890 videmus
1590 1854 1631 1889 et

243 1915 480 1975 sanguine3
507 1931 607 1980 quae
632 1917 784 1979 utique
807 1917 1035 1980 corruptio
1060 1934 1239 1977 reg-num
1267 1916 1345 1962 Dei
1377 1933 1462 1960 non
1489 1914 1631 1977 possi-

246 1985 398 2042 debit,
434 1986 538 2050 quia
577 1987 867 2050 corruptibile
909 1987 996 2032 hoc
1032 1987 1238 2033 induetur
1278 1986 1622 2048 incorruptione.

251 2056 377 2102 Unde
399 2073 500 2104 cum
525 2057 696 2104 dixisset
725 2075 735 2102 ε
765 2059 909 2103 «Caro
933 2069 975 2103 et
999 2058 1169 2117 sanguis
1190 2073 1372 2118 regnum
1397 2056 1473 2101 Dei
1493 2055 1637 2118 possi-

253 2151 267 2168 »
286 2127 387 2174 dere
409 2146 496 2174 non
519 2140 726 2192 possunt:
743 2153 758 2169 υ
778 2140 986 2194 tanquam
999 2129 1254 2192 exponendo
1272 2127 1378 2191 quid
1400 2128 1467 2172 his
1493 2126 1639 2170 nomi-

252 2199 382 2244 nibus
423 2199 729 2260 significaverit
747 2238 757 2255 ,
803 2217 853 2245 ne
892 2200 985 2263 ipsa
1030 2199 1214 2245 carnalis
1252 2198 1493 2244 substantia
1540 2214 1638 2241 cre-

253 2268 453 2325 deretur,
495 2270 689 2330 adJ'unxit
720 2289 729 2315 ε
766 2293 784 2311 «
817 2272 964 2333 Neque
1004 2270 1228 2332 corruptio
1266 2268 1637 2331 incorruptionem

256 2363 276 2382 ›>
303 2342 585 2406 possidebit?
615 2363 634 2383 n
655 2343 707 2386 lit
725 2341 964 2387 secundum
984 2341 1111 2386 istum
1130 2357 1296 2385 sensum
1319 2339 1449 2399 magis
1468 2337 1640 2384 videtur

257 2424 414 2459 caetera
439 2424 635 2459 attexere.
663 2412 745 2458 Sed
772 2411 1033 2457 utrumlibet
1054 2411 1120 2456 his
1139 2411 1279 2457 verbis
1302 2421 1453 2456 auctor
1470 2425 1638 2455 eorum-

254 2482 352 2529 dem
380 2484 615 2530 'rethorum
642 2483 884 2544 significare
916 2482 1129 2537 voluerit,
1159 2493 1363 2528 neutrum
1397 2492 1457 2527 est
1487 2490 1639 2526 contra

255 2551 387 2598 fidem
402 2590 413 2609 ‚
440 2565 542 2618 quae
565 2553 625 2600 ita
643 2565 685 2600 se
709 2553 868 2610 habet,
898 2563 945 2598 ut
964 2565 1053 2598 non
1080 2552 1254 2599 dubitet
1273 2553 1316 2598 in
1336 2568 1465 2597 carne
1491 2551 1638 2596 inror-

302 2637 312 2659 ¹
331 2631 422 2668 notu.
441 2642 486 2675 iri,
506 2644 559 2677 19,
580 2654 624 2661 —-
639 2635 654 2659 ²
679 2648 688 2668 x
709 2633 783 2670 Cor.
803 2647 855 2674 xv,
877 2638 932 2671 50.
950 2634 1023 2661 —3
1044 2636 1130 2671 lbid.
