1863 3262
306 241 391 304 198
727 252 762 287 s.
806 250 1049 287 Auensrmi
1085 252 1289 288 muscoi’l

300 330 365 368 ter
389 322 492 376 hoc,
521 313 743 384 inquiunt,
770 320 908 366 factus
927 332 988 367 est
1012 322 1213 368 Christus
1236 339 1281 367 ex
1300 322 1459 368 semine
1475 323 1617 369 David
1633 324 1670 379 1,

296 392 436 438 iactus
451 410 498 437 ex
512 392 706 447 muliere,
724 392 948 454 factusque
963 393 1045 438 sub
1063 393 1170 452 loge,
1193 404 1240 438 ut
1255 388 1380 438 nobis
1395 393 1516 439 daret
1532 410 1674 440 exem—

294 462 448 526 plum,
477 473 518 507 et
544 473 820 526 sequeremur
857 463 1035 522 vestigia
1063 467 1152 522 ejus
1183 499 1191 519 2
1222 465 1297 527 qui
1331 475 1561 527 peccatum
1586 479 1673 511 non

291 533 412 588 iecit,
438 548 516 578 nec
540 534 740 578 inventus
758 541 820 577 est
838 532 963 577 dolus
982 533 1024 577 in
1055 550 1128 578 ore
1151 538 1241 593 ejus
1263 534 1304 579 1:
1331 552 1410 580 nec
1427 548 1571 580 tamen
1595 553 1674 598 per

290 604 435 650 omnia
453 603 707 649 substantiae
728 612 885 648 nostrae
905 603 1048 649 induit
1065 605 1395 667 proprietatem,
1423 606 1457 650 si
1487 606 1554 651 vel
1574 620 1674 652 car—

290 682 388 720 nem
407 674 496 720 sine
515 674 658 718 anima
683 673 749 720 vel
780 673 1005 718 hominem
1036 674 1125 719 sine
1161 676 1373 728 sensibus,
1398 676 1560 739 quibus
1594 692 1673 722 nos

287 744 449 790 imbuit
468 755 642 801 natura,
666 745 863 804 gestavit,
881 739 1065 808 exempli
1084 745 1268 790 formam
1294 755 1335 791 et
1353 746 1455 805 legis
1480 758 1567 792 non
1588 747 1673 792 do-

287 825 410 861 cetur
426 815 637 879 implesse.
660 815 781 871 Quid
800 816 914 861 enim
933 814 1016 861 fuit
1036 816 1164 862 laude
1187 816 1369 876 dignum
1397 827 1673 863 contemnere

287 885 514 932 illecebras
553 901 773 941 sensuum,
800 899 988 948 quarum
1013 887 1195 950 incapax
1226 898 1316 932 erat
1341 888 1555 933 beneficio
1589 906 1669 933 na-

287 959 429 1002 turae?
446 956 566 1013 Quid
585 957 746 1001 mirum
761 956 966 1002 cohibere
985 957 1135 1002 oculos
1146 958 1288 1002 carnis
1302 959 1560 1004 suaeauxilio
1575 971 1663 1004 non

283 1029 518 1087 vagantes?
545 1025 667 1083 Quid
689 1037 895 1086 magnum
924 1028 1141 1073 abducere
1161 1029 1219 1073 ab
1236 1027 1499 1074 illecebrosis
1518 1029 1671 1075 odori-

285 1096 369 1142 bus
394 1113 543 1153 nares,
574 1097 736 1160 quibus
775 1097 990 1143 nescirent
1013 1102 1194 1162 patere?
1229 1099 1349 1156 Quid
1381 1100 1666 1162 stupendum,

285 1174 427 1214 tenere
451 1167 633 1215 arduam
658 1167 853 1231 quotidie
886 1169 931 1214 in
975 1169 1117 1233 epulis
1155 1170 1413 1233 parcitatem
1434 1207 1444 1224 ‚
1483 1182 1669 1233 ‘quarum

283 1239 497 1302 nequibat
518 1240 788 1285 irritamenta
813 1240 997 1285 sentire?
1027 1240 1147 1296 Quid
1188 1250 1408 1303 postremo
1446 1241 1570 1286 ardui
1591 1241 1669 1287 lia-

282 1310 436 1356 berent
458 1310 503 1355 in
533 1310 911 1373 quadragesimum
927 1309 1039 1355 diem
1059 1311 1227 1374 prolata
1250 1312 1434 1370 jejunia,
1455 1312 1487 1356 si
1512 1313 1668 1358 esuries

277 1381 459 1427 molesta
485 1398 572 1426 esse
595 1395 683 1426 non
712 1384 915 1443 poterat?
955 1382 1075 1437 Quid
1110 1382 1395 1426 venerationis
1435 1382 1667 1445 disciplina

280 1451 451 1496 aurium
478 1458 733 1506 mereretur,
767 1459 994 1513 nunqnam
1012 1452 1095 1497 nisi
1122 1452 1403 1496 honestarum
1426 1463 1584 1497 vocum
1604 1469 1668 1497 rc-

280 1522 444 1585 ce‘ptrix
461 1522 533 1577 ‚si
566 1522 757 1567 nativam
780 1522 1031 1584 patiebatur
1063 1522 1108 1567 in
1131 1522 1346 1567 indebitas
1378 1521 1665 1569 surditatem?

281 1594 394 1650 Quae
411 1603 554 1639 autem
573 1592 707 1653 gloria
725 1593 948 1649 castitatis,
969 1593 1002 1638 si
1018 1593 1200 1639 virilitas
1213 1593 1348 1653 magis
1366 1594 1515 1639 aberat
1532 1604 1666 1657 quam

277 1664 496 1720 voluntem,
519 1674 559 1709 et
574 1663 692 1727 quod
711 1664 954 1726 putabatur
972 1664 1065 1708 fieri
1092 1659 1146 1709 de
1170 1664 1317 1723 vigore
1343 1664 1494 1720 animi,
1515 1665 1665 1711 venie*-

277 1733 357 1780 bat
379 1733 433 1779 de
456 1733 681 1779 debilitate
699 1733 1011 1779 membrorum.
1041 1756 1059 1775 n

348 1801 462 1851 AUG'.
504 1797 662 1849 Merito
689 1803 899 1849 dicuntur
920 1805 1020 1851 haec
1037 1842 1048 1861 ,
1077 1815 1166 1850 non
1183 1814 1335 1850 contra
1361 1805 1662 1868 Apollinarem

275 1875 345 1920 vel
367 1874 774 1938 Apollinaristarum
810 1875 998 1938 aliquem
1015 1913 1026 1931 ‚
1053 1893 1162 1938 quos
1182 1876 1334 1921 dixisse
1361 1885 1448 1921 non
1475 1877 1663 1922 arbitror

277 1945 444 1991 Christi
472 1963 648 1991 carnem
681 1963 769 1991 non
802 1945 1007 1991 habuisse
1033 1946 1219 1991 humani
1251 1947 1448 2009 corporis
1482 1956 1626 1992 sensus
1646 1984 1657 2003 ‚

274 2016 348 2062 sed
384 2026 534 2062 contra
567 2011 811 2080 quemlibet
846 2018 1042 2081 quisquis
1067 2017 1154 2063 hoc
1179 2016 1300 2063 dicit.
1335 2019 1421 2062 Nos
1446 2024 1588 2062 autem
1610 2018 1661 2064 il-

271 2087 365 2134 lum
386 2096 428 2133 et
445 2087 634 2150 pulchra
658 2104 708 2133 ac
734 2087 945 2132 deformia
972 2101 1049 2150 per
1066 2087 1214 2132 oculos
1237 2087 1411 2131 sensisse
1441 2086 1628 2132 dicimus
1643 2124 1654 2142 ,

273 2167 315 2203 et
338 2157 630 2204 suaveolentia
654 2168 695 2204 et
714 2157 1004 2218 graveolentia
1024 2157 1198 2203 sensisse
1220 2167 1298 2220 per
1315 2167 1458 2213 nares,
1476 2167 1518 2202 et
1533 2167 1658 2203 sensu.

271 2229 442 2274 aurium
456 2228 701 2292 percepisse
719 2241 877 2275 canora
891 2237 934 2275 et
955 2228 1163 2284 absurda,
1184 2237 1225 2273 et
1243 2241 1264 2273 a
1282 2223 1489 2273 dulcibus
1511 2239 1658 2274 amara

269 2298 521 2345 discrevisse
545 2299 788 2358 gustando,
808 2309 852 2345 et
875 2311 1025 2363 aspera
1047 2311 1097 2345 ac
1121 2299 1233 2344 lenia
1250 2337 1260 2354 ,
1284 2299 1393 2344 dura
1419 2315 1469 2344 ac
1487 2299 1650 2355 mollia,

266 2364 424 2430 frigida
442 2379 485 2415 et
509 2369 650 2415 calida
671 2369 932 2430 dijudicasse
966 2369 1212 2430 tangendo;
1235 2380 1276 2414 et
1296 2369 1515 2432 quidquid
1536 2370 1653 2415 aliud

267 2441 464 2504 corporis
480 2454 605 2486 sensu
632 2441 780 2487 sentiri
801 2451 844 2487 et
867 2442 1038 2505 percipi
1061 2453 1223 2506 potest,
1252 2441 1410 2489 sentire
1437 2453 1486 2486 ac
1508 2441 1652 2503 perci-

266 2524 368 2578 pere
392 2512 609 2576 potuisse;
630 2523 710 2557 nec
728 2512 765 2558 ei
784 2512 1119 2577 possibilitatem
1134 2552 1145 2570 ‚
1168 2516 1201 2561 si
1221 2512 1441 2569 voluisset,
1466 2511 1650 2559 defuisse

315 2595 437 2630 Ῥιοὴι.
456 2598 487 2635 x,
503 2594 532 2626 3.
551 2611 593 2619 -·
609 2594 624 2617 2
646 2604 662 2627 2·
683 2595 765 2628 Petr.
785 2605 824 2635 υ,
842 2602 897 2628 21.
