1824 3236
213 242 368 274 OPERIS
405 238 670 272 IMPERFECTI
708 237 883 270 COIxTRA
917 238 1163 281 JULIANUM,
1201 240 1289 273 Ltn.
1331 241 1373 272 V.
1450 227 1543 288 309

162 309 413 371 gravitatem
455 305 665 352 desiderio
699 304 918 350 levarunt!
966 306 1279 353 Fortitudinem
1322 306 1424 353 fidei
1458 325 1539 354 nec

164 379 461 443 desperatione
496 377 800 440 praecipitent,
837 392 917 420 nec
953 376 1195 438 cupiditate
1231 379 1540 442 suspendunt:

164 450 346 496 miscent
365 447 540 512 quidem
556 457 656 493 vota
675 466 687 500 3
709 457 915 492 caeterum
940 446 1135 492 ordinem
1159 466 1246 494 non
1263 450 1545 514 relinquunt3

164 520 439 566 consolantur
467 517 742 563 tolerantiam
758 554 768 572 ,
797 517 868 563 sed
887 518 1013 576 J'ustis
1036 519 1209 565 mitiora
1235 520 1502 566 submittunt
1527 539 1537 565 ε

165 594 344 635 Certum
365 599 450 643 est,
474 588 707 651 inquiunt,
726 588 932 651 quoniam
959 604 1035 632 nos
1064 589 1399 650 possitliltmrzne
1428 593 1545 636 Deus

164 671 331 713 noster3
354 658 426 704 sed
443 669 588 704 utrum
610 658 738 713 velit,
768 669 830 703 est
849 658 1060 703 incertum
1089 677 1099 703 :
1126 670 1168 704 et
1192 660 1288 705 ideo
1307 661 1389 705 sul>
1409 661 1547 706 ambi-

164 747 248 789 guo
272 747 415 776 rerum
440 741 596 777 eventu
618 741 701 775 stat
719 731 889 793 piorum
916 741 1032 774 certa
1062 731 1295 787 sententia,
1320 731 1433 776 idola
1453 748 1545 777 res—

166 800 352 863 puendi,
380 801 597 864 supplicia
625 801 882 863 perferendi.
923 800 1089 846 Viderit
1126 802 1233 864 quid
1266 802 1372 846 lioni
1401 813 1548 849 nostra

162 870 363 918 liberatio
381 874 509 918 etiam
533 872 700 918 caeteris
720 871 913 918 conserat
928 910 939 928 ‚
962 871 1088 916 nobis
1110 872 1283 917 interim
1311 889 1454 917 veram
1481 873 1548 918 fe·-

162 941 370 988 licitatem
403 942 510 988 fides
529 980 540 999 ,
573 943 806 1006 inquiunt,
833 943 997 988 invicta
1027 942 1269 995 custodiam
1296 961 1383 988 non
1415 943 1552 989 habet

163 1029 264 1072 ergo
286 1012 559 1058 mollioribus
577 1013 850 1073 gratificandi
875 1013 1056 1058 nimiam
1080 1014 1373 1058 necessitatem
1391 1050 1400 1068 ‚
1422 1018 1550 1074 cujus

164 1083 315 1144 glori-ee
351 1084 626 1144 negotiantur
665 1084 857 1130 adversa.
891 1086 954 1130 De
987 1084 1071 1129 hac
1111 1095 1150 1130 et
1182 1101 1257 1129 nos
1291 1084 1544 1148 disciplina,

163 1171 296 1218 quam
326 1155 596 1218 reliquerunt
631 1156 818 1202 illustres
844 1155 1060 1216 magistri,
1085 1156 1366 1215 intelligimus
1393 1167 1550 1202 tenen-

164 1224 267 1271 dam
286 1226 331 1271 in
355 1227 573 1289 prosperis
591 1237 794 1273 votorum
818 1226 1188 1283 mediocritatem,
1209 1227 1255 1271 in
1270 1226 1550 1286 dogmatibus

164 1314 265 1342 vero
290 1296 391 1342 fidei
407 1297 689 1343 consiliorum
717 1297 1033 1360 perennitatem
1056 1315 1066 1342 ι
1089 1308 1377 1360 optamusque
1400 1315 1550 1360 perse-

165 1367 390 1413 cutionum
426 1378 597 1413 tumore
630 1385 903 1432 compresso,
931 1368 1058 1413 etiam
1083 1368 1261 1430 populis
1285 1367 1546 1414 subvenire:

166 1449 208 1484 at
230 1439 262 1484 si
277 1438 321 1485 id
341 1456 429 1485 non
451 1439 644 1496 accidat,
674 1450 757 1486 stat
780 1439 999 1503 quidquid
1021 1439 1227 1485 acerbum
1246 1439 1371 1484 estin
1395 1449 1549 1486 contu-

164 1510 302 1556 meliis
324 1521 367 1556 et
388 1510 596 1573 periculis
633 1511 830 1574 perpeti,
868 1527 999 1573 quam
1031 1526 1120 1555 non
1146 1509 1331 1555 aversari
1354 1509 1549 1556 illuviem

165 1581 397 1644 sordesque
418 1581 699 1627 Manieliaeas.
728 1603 748 1622 υ

235 1659 347 1699 AtG.
376 1653 603 1710 Quantum
640 1652 910 1698 Manichaeos
933 1651 1167 1713 adjuvetis,
1196 1670 1297 1699 cum
1322 1669 1449 1712 grave
1477 1655 1549 1712 ju-

165 1740 269 1784 gum
299 1741 429 1788 super
460 1724 572 1770 filios
597 1724 736 1771 Adam
758 1742 780 1770 a
805 1724 875 1770 die
899 1725 1033 1770 exitus
1059 1725 1113 1771 de
1136 1737 1286 1773 ventre
1309 1724 1458 1770 matris
1481 1741 1550 1769 eo-

165 1812 262 1840 rum
292 1812 380 1840 non
411 1795 602 1841 tribuitis
620 1799 737 1855 justo
756 1795 928 1855 judicio
952 1796 1032 1841 Dei
1049 1795 1066 1825 1
1086 1834 1097 1853 ‚
1136 1807 1317 1860 propter
1344 1794 1552 1854 originale

164 1876 415 1928 peccatum,
439 1882 489 1911 ae
513 1867 572 1912 sic
593 1865 741 1911 locum
759 1865 900 1911 fucitis
920 1866 1070 1912 alienae
1089 1877 1258 1912 naturae
1279 1866 1398 1922 mali,
1417 1881 1550 1928 quam

168 1936 301 1982 tradit
333 1937 507 1982 insanus
542 1954 660 1982 error
695 1937 869 1982 illorum
892 1974 902 1993 ,
941 1948 980 1982 et
1002 1955 1118 2001 saepe
1144 1938 1452 1984 admonuimus
1474 1973 1485 1992 ‚
1509 1946 1553 1981 et

168 2008 245 2054 ubi
263 2018 563 2071 opportunum
588 2009 725 2054 visum
747 2007 896 2063 fuerit,
914 2026 1003 2054 non
1018 2009 1282 2054 cessabimus
1297 2008 1544 2054 admonere.

168 2080 297 2124 Nune
317 2079 524 2142 quoniam
551 2096 625 2125 vos
648 2080 707 2125 ita
731 2080 861 2126 fortes
885 2097 970 2125 esse
993 2081 1172 2140 jactatis
1191 2115 1201 2134 ‚
1230 2089 1278 2124 ut
1298 2090 1444 2124 tamen
1470 2094 1551 2140 pro

169 2148 314 2195 multis
335 2149 463 2196 etiam
485 2161 626 2195 vestra
641 2187 652 2207 ‚
682 2151 878 2213 quamvis
915 2171 935 2191 c<
954 2150 1193 2196 Mediocria
1221 2160 1320 2196 vota
1337 2186 1348 2205 ‚
1369 2171 1388 2191 >2
1424 2165 1551 2194 corn-

170 2220 366 2274 mendes,
386 2221 570 2284 quibus,
595 2232 642 2266 ut
662 2221 771 2267 dieis
789 2259 799 2277 ‚
839 2244 858 2263 «
880 2221 1060 2284 Optatis
1089 2221 1446 2285 persecutionum
1477 2229 1552 2264 tu·-

168 2308 287 2336 more
323 2309 568 2357 compresso
603 2295 783 2357 populis
822 2293 1130 2338 subveniret»
1170 2309 1322 2357 quaero
1369 2291 1446 2336 abs
1481 2301 1548 2346 te,

169 2374 316 2408 utrum
339 2363 386 2409 id
407 2381 430 2409 a
468 2365 655 2410 Domino
691 2365 864 2428 optetis.
899 2364 1032 2421 Quod
1071 2365 1104 2409 si
1141 2381 1229 2409 non
1259 2363 1400 2409 facitis
1425 2399 1436 2419 ‚
1464 2379 1552 2407 non

169 2445 269 2479 sunt
293 2435 373 2480 ista
408 2445 508 2480 vota
544 2435 780 2482 christiana
817 2454 827 2481 :
876 2437 911 2481 si
948 2446 1092 2481 autem
1122 2435 1289 2490 facitis,
1329 2432 1552 2498 quomodo

167 2505 349 2569 speratis
370 2542 380 2561 ‚
419 2506 629 2552 exauditis
649 2506 760 2552 votis
783 2507 956 2565 vestris,
982 2506 1071 2553 hoc
1105 2505 1340 2552 Dominum
1366 2504 1554 2566 largitu.-

219 2591 227 2618 ἐ
245 2589 341 2621 Eccli.
357 2600 409 2628 M„
431 2600 455 2622 t.
