1824 3236
185 291 343 322 opums
378 288 642 322 lMPERFEcrl
678 288 853 320 CONTRA
889 290 1133 334 JULIANUM,
1172 293 1260 326 nn.
1304 295 1344 326 v.
1418 280 1510 328 323

136 367 200 403 tos
217 373 368 402 eorum
389 373 412 402 a
435 355 581 401 debita
597 371 731 418 poena
754 371 833 418 per
857 355 1097 403 indebitam
1118 359 1299 418 gratiam
1313 360 1505 409 liberari.

137 427 181 473 Si
198 437 341 472 autem
364 425 538 472 crudele
556 441 641 471 esse
659 424 949 482 arbitramini,
971 425 1169 474 damnari
1186 430 1391 493 parvulos
1404 448 1513 495 quos

137 499 341 559 originale
366 506 594 562 peccatum
630 495 801 542 trahere
838 514 926 542 non
953 499 1117 561 putatis
1141 517 1152 544 ε
1193 501 1368 547 crudele
1390 502 1516 548 vobis

137 569 351 624 videatur,
381 584 469 613 non
492 567 588 631 rapi
612 584 660 612 ex
683 566 768 612 hac
793 567 882 613 vita
902 569 1126 631 parvulos,
1157 571 1397 617 secundum
1418 589 1512 629 vos,

138 639 306 686 nullum
347 637 558 684 habentes
597 637 774 683 omnino
807 648 1056 702 peccatum,
1082 657 1191 704 quos
1231 642 1345 687 Deus
1370 643 1520 706 utique

139 711 260 757 novit
299 711 344 755 in
375 709 522 755 multis
556 709 809 773 magnisque
843 710 1033 773 peccatis
1059 711 1148 757 sine
1175 712 1263 757 ulla
1293 714 1338 758 in
1367 713 1520 759 melius

139 780 379 826 mutatione
424 780 655 826 morituros
692 797 703 825 ε
740 798 841 825 nam
878 780 1119 826 secundum
1167 783 1522 829 ratiocinationes

140 851 353 897 humanas
370 850 590 896 crudelius
606 849 780 897 videtur
800 867 887 896 non
910 849 1096 897 liberare
1119 868 1221 898 cum
1242 853 1390 917 possit,
1419 853 1524 899 nul-

141 922 190 967 lis
205 922 479 986 inquinatum
502 922 649 986 parvis
669 922 923 985 magnisque
936 923 1147 986 peccatis,
1167 940 1300 987 quam
1317 923 1524 971 damnare

142 993 390 1056 progeniem
412 993 668 1057 peccatoris.
697 995 831 1038 Porro
857 1010 957 1039 cum
986 993 1096 1039 illud
1117 997 1286 1054 J‘ustum
1312 1012 1414 1051 esse,
1437 1013 1526 1060 qua

141 1063 319 1127 potestis
354 1079 460 1109 voce
478 1100 490 1120 ,
531 1063 752 1116 clametis3
792 1062 880 1109 hoc
906 1081 991 1110 esse
1015 1063 1350 1130 inJ‘ustum,qua
1383 1065 1526 1112 fronte

142 1133 432 1180 contenditis?

206 1205 324 1252 XIV.
351 1207 374 1250 J
381 1221 447 1252 UL.
466 1225 486 1247 «
507 1205 613 1251 Post
637 1204 735 1251 haec
751 1204 860 1251 illud
872 1215 1057 1252 conatur
1072 1205 1294 1266 incessere,
1320 1207 1438 1271 quod
1451 1226 1528 1256 nos

145 1276 329 1339 apostoli
352 1275 480 1322 Pauli
506 1275 749 1321 testimonio
771 1275 1173 1339 comprobavimus,
1191 1277 1294 1340 quia
1313 1281 1431 1325 Deus
1445 1279 1528 1325 ho·

144 1347 305 1392 minem
333 1344 386 1391 de
405 1345 643 1391 seminibus
665 1355 883 1409 operetur.
918 1346 1346 1411 Argumentaturque
1365 1366 1434 1395 me
1454 1349 1525 1396 fe-

144 1416 248 1463 cisse
266 1415 482 1472 fraudem,
498 1415 576 1480 qui
592 1414 700 1461 huic
714 1415 815 1462 loco
838 1414 913 1461 illa
934 1415 1053 1461 dicta
1070 1415 1282 1463 voluerim
1304 1429 1526 1483 coaptare,

145 1504 245 1551 quae
274 1486 327 1533 de
349 1486 576 1533 frumentis
607 1485 779 1549 prolata
817 1486 1070 1540 constabat3
1103 1487 1226 1550 quasi
1257 1505 1332 1550 ego
1370 1500 1446 1536 aut
1468 1491 1533 1537 ibi

146 1558 343 1622 Apostoli
369 1557 622 1603 sententiam
644 1593 655 1612 ‚
683 1567 732 1602 ut
749 1556 824 1602 hic
851 1557 1053 1613 aestimat,
1075 1556 1302 1604 dividuam
1326 1559 1523 1618 fecerim,

148 1641 223 1676 aut
248 1640 429 1693 propter
462 1627 581 1674 aliud
631 1629 864 1674 testimonii
890 1627 1142 1674 recordatus
1183 1629 1264 1675 sim
1305 1648 1438 1694 quam
1484 1642 1534 1678 ut

147 1704 238 1760 ejus
264 1698 421 1747 finem1
447 1709 732 1745 monstrarem
753 1737 764 1756 ,
785 1700 1066 1746 formatorem
1088 1700 1300 1747 seminum
1333 1702 1533 1750 omnium

148 1774 291 1818 Deum
325 1770 445 1817 credi
489 1781 702 1834 oportere.
746 1775 901 1817 Beatus
936 1771 1052 1818 enim
1097 1772 1261 1818 Paulus
1296 1783 1534 1838 postquam

148 1841 283 1888 fidem
304 1841 644 1898 resurrectionis,
673 1840 1050 1905 multiplicationis
1071 1841 1241 1889 diurnae
1276 1845 1529 1892 conciliavit

149 1912 381 1976 exemplis3
404 1911 553 1958 intulit
583 1911 706 1975 quod
735 1912 982 1957 universam
1006 1923 1206 1958 naturam
1229 1914 1367 1976 possit
1399 1915 1535 1960 attin-

151 2000 263 2042 gere,
289 1981 453 2037 dicens,
481 1982 597 2027 Deus
617 1991 760 2027 auteur
790 1980 854 2026 illi
879 1980 951 2027 dat
982 1998 1142 2045 corpus
1165 1993 1300 2045 prout
1318 1983 1462 2041 vult2,
1491 1995 1532 2031 et

151 2054 385 2117 unicuique
408 2052 622 2098 seminum
660 2052 892 2115 proprium
923 2069 1100 2116 corpus,
1126 2052 1173 2098 id
1191 2063 1271 2109 est,
1302 2054 1423 2099 omni
1464 2071 1533 2101 se-

152 2125 259 2171 mini
292 2141 469 2188 corpus,
513 2122 633 2187 quod
669 2124 916 2187 proprietas
959 2127 1050 2184 ejus
1074 2124 1280 2187 reposcit,
1310 2125 1526 2173 attribuit.

153 2198 251 2242 Non
267 2213 367 2256 ergo
392 2194 510 2259 quod
530 2194 583 2240 de
597 2194 825 2240 frumentis
846 2194 1013 2241 dictum
1035 2206 1112 2252 est,
1133 2195 1186 2240 de
1210 2195 1390 2242 homine
1413 2197 1534 2243 volui

151 2266 334 2326 intelligi
358 2284 368 2311 ε
412 2265 486 2312 sed
526 2265 613 2311 hoc
646 2264 765 2328 quod.
811 2264 978 2311 dictum
1016 2276 1094 2322 est,
1132 2266 1368 2329 unicuique
1401 2268 1534 2313 semi-

152 2355 255 2383 num
275 2337 505 2401 proprium
522 2352 683 2399 corpus
701 2354 723 2381 a
745 2339 838 2381 Deo
862 2346 1037 2381 auctore
1053 2335 1256 2392 conferri,
1278 2336 1323 2381 in
1340 2335 1536 2384 destruc-

116 2433 118 2435 ·
152 2409 314 2454 tionem
341 2418 543 2462 vestram,
567 2423 756 2470 quorum
790 2406 993 2467 dogmate
1025 2406 1071 2452 id
1108 2417 1307 2466 negatur,
1349 2409 1530 2472 arripui.

153 2479 440 2543 Nequaquam
464 2478 612 2537 igitur,
639 2477 752 2522 sicut
775 2488 821 2523 tu
842 2488 972 2541 putas
988 2515 998 2529 ,
1029 2495 1300 2541 supervacuo
1321 2476 1404 2524 feci
1423 2480 1541 2527 illius

151 2550 377 2596 sententiae
405 2548 667 2594 mentionem
687 2583 698 2602 ,
730 2565 809 2594 nec
832 2565 880 2594 ea
907 2547 1224 2604 fraudulenter,
1254 2558 1302 2594 ut
1328 2551 1539 2610 mentiris,

211 2632 328 2663 ¹Force
347 2631 422 2665 fide.
443 2648 488 2654 —-
505 2629 521 2652 ²
552 2642 564 2661 1
586 2631 662 2664 Cor.
684 2640 736 2668 xv,
759 2630 814 2664 38.

1343 2700 1416 2732 21.
