1863 3262
167 280 322 311 omanis
362 277 617 308 mmmmm]
657 276 834 306 ‹zox'raa
870 277 1112 314 summu,
1153 282 1237 311 mn.
1284 281 1339 311 ιν.
1394 264 1475 311 281

115 347 239 393 addit
253 345 453 391 voluntas
471 347 489 389 P
506 343 603 386 [Non
631 341 749 397 dico,
767 359 845 387 nec
863 345 1132 405 pergratiam
1148 347 1347 393 homines
1370 348 1482 393 libo,-

115 417 227 473 rari,
251 416 371 480 quod
392 414 502 459 absit
522 423 565 457 ut
582 412 699 458 dicat
716 413 969 459 Ambrosius
984 434 994 467 ;
1012 415 1083 460 sed
1103 417 1220 479 quod
1241 435 1324 463 non
1343 419 1405 464 vis
1422 418 1485 464 di-

113 490 268 543 cimus,
281 503 368 532 non
378 485 456 531 nisi
467 501 545 548 per
557 484 738 543 gratiam
751 483 941 539 liberari,
960 503 1043 530 non
1055 486 1192 533 solum
1210 500 1257 534 ut
1269 490 1325 534 eis
1339 489 1485 535 debita

112 558 406 612 dimittantur,
433 571 581 602 verum
613 556 745 600 etiam
768 572 819 600 ne
843 556 888 600 in
918 558 1195 603 tentationem
1223 559 1477 606 inferantur.

112 630 212 675 Non
229 627 557 674 transcribimus
580 626 757 672 diabolo
778 627 960 672 Mariam
981 629 1230 675 conditione
1252 631 1484 684 nasccndi3

110 700 184 746 sed
200 699 313 755 ideo,
330 699 432 762 quia
444 698 534 761 ipsa
552 698 744 744 conditio
757 698 938 744 solvitur
954 700 1087 758 gratia
1104 701 1365 749 renascendi.
1389 704 1485 748 Non

111 781 317 835 tanquam
342 769 455 815 malo
474 770 660 825 bonum,
678 770 750 815 sed
767 780 972 833 tanquam
994 771 1110 816 bono
1127 771 1296 826 melius,
1311 773 1487 832 virgini-

110 850 241 886 tatem
255 840 420 904 nuptiis
434 840 750 903 anteponimus.
778 841 892 896 Non,
912 851 958 886 ut
976 841 1270 897 calumniaris,
1294 843 1433 888 bonos
1447 853 1488 888 ct

108 910 266 975 impios
281 928 369 957 uno
386 910 628 974 supplicio:
653 910 725 956 sed
755 911 893 956 bonos
914 911 1053 961 nullo.
1073 911 1230 974 impios
1244 923 1384 958 autem
1398 930 1487 958 non

110 999 198 1028 uno
211 1019 221 1038 ‚
245 981 317 1028 sed
335 998 415 1045 pro
428 981 677 1027 diversitate
700 981 836 1045 ipsius
852 983 1102 1045 impietatis,
1119 982 1296 1028 diversis
1315 982 1490 1046 suppli-

109 1053 185 1098 ciis
205 1052 392 1099 dicimus
406 1069 491 1098 esse
509 1052 780 1099 cruciandos,
809 1053 906 1098 Non
927 1053 1112 1098 dicimus
1134 1053 1270 1098 Deum
1299 1054 1342 1098 in
1373 1071 1490 1116 mys·

109 1123 226 1170 teriis
244 1123 544 1169 imbecillitate
559 1160 570 1179 ‚
591 1123 635 1168 in
656 1124 890 1187 praeceptis
907 1123 1282 1179 immoderatione,
1304 1124 1348 1168 in
1363 1123 1489 1183 judi-

109 1193 190 1240 ciis
237 1193 508 1239 immanitate
554 1210 735 1257 peccare
751 1230 761 1248 ‚
810 1197 936 1253 cujus
975 1205 1016 1238 et
1054 1194 1187 1253 gratia
1235 1194 1490 1253 regeneratis

111 1264 316 1328 mysteria
335 1274 437 1309 sunt
458 1263 580 1309 utilia
598 1301 608 1319 ‚
639 1274 679 1309 et
715 1263 852 1323 gratia
883 1263 1096 1308 libertatis
1130 1274 1352 1326 praecepta
1375 1263 1490 1309 salu-

108 1334 206 1380 bria
226 1370 238 1390 ,
280 1343 322 1379 et
362 1333 500 1397 3bonis
537 1333 746 1396 malisque
791 1334 1095 1380 convenienter
1133 1333 1367 1380 distributa
1410 1338 1490 1394 J'u-

112 1404 241 1452 dicia.

175 1479 290 1522 Ecce
307 1493 386 1521 nos
406 1492 454 1521 ea
468 1513 479 1531 ,
499 1475 542 1521 in
568 1475 729 1538 quibus
748 1492 826 1521 nos
847 1474 991 1521 dicitis
1009 1475 1242 1522 Joviniano
1265 1494 1351 1522 esse
1376 1480 1495 1539 pcj0-

110 1564 202 1604 res,
227 1546 458 1593 amolimur
477 1564 497 1592 a
523 1547 649 1593 nobis
673 1565 684 1592 :
711 1564 787 1594 vos
814 1564 836 1592 a
856 1546 981 1591 vobis
1008 1547 1276 1603 amolimini,
1297 1547 1330 1593 si
1351 1558 1493 1610 potes-

112 1619 190 1674 tis,
222 1617 268 1663 in
307 1617 470 1681 quibus
498 1635 572 1664 vos
611 1622 778 1681 pejores
818 1616 968 1662 eodem
1000 1616 1097 1680 ipso
1144 1617 1375 1663 Joviniano
1406 1635 1492 1663 esse

111 1688 381 1734 monstrabo.
413 1687 491 1733 Ille
511 1687 617 1733 dixit
646 1687 752 1733 boni
780 1704 864 1732 esse
897 1687 1221 1741 necessitatem;
1246 1705 1318 1733 vos
1350 1687 1493 1733 dicitis

111 1775 198 1806 esse
226 1758 388 1804 bonam
421 1758 524 1804 mali
548 1758 837 1822 cupiditatem
862 1776 872 1802 :
897 1757 968 1803 ille
995 1758 1052 1803 ait
1076 1775 1154 1821 per
1179 1759 1381 1821 mysteria
1407 1759 1494 1804 ho-

112 1829 248 1875 mines
286 1829 343 1875 ab
374 1846 518 1875 errore
539 1830 762 1886 cohiberi3
798 1847 874 1875 vos
915 1829 1031 1875 viam
1069 1840 1229 1874 rectam
1267 1828 1495 1889 gradiendi

112 1899 418 1963 cupiditatem,
441 1916 529 1945 non
557 1899 760 1963 inspirari
783 1917 804 1944 a
829 1901 938 1954 Deo,
964 1899 1035 1944 sed
1062 1899 1240 1944 arbitrio
1263 1899 1402 1945 libero
1427 1917 1494 1945 ac-

112 1970 229 2033 quiri
252 1987 262 2014 :
288 1969 360 2015 ille
377 1970 670 2029 virginitatem
697 1969 847 2015 Mariae
873 1980 1025 2033 partus
1063 1969 1313 2015 conditione
1337 1968 1496 2014 dissol-

112 2043 200 2095 vit;
225 2057 301 2087 vos
332 2040 470 2104 ipsam
507 2058 679 2086 carnem
717 2051 910 2087 sanctam
946 2040 1000 2086 de
1036 2041 1201 2100 virgine
1222 2050 1494 2104 procreatam

113 2122 284 2158 caeterae
309 2111 429 2157 carni
449 2111 680 2157 hominum
705 2111 942 2175 coaequatis
963 2148 974 2167 ,
1002 2111 1333 2156 similitudinem
1356 2111 1495 2156 carnis

111 2183 282 2248 peccati
303 2199 392 2228 non
420 2182 731 2243 distinguentes
753 2200 776 2228 a
807 2200 935 2228 carne
968 2183 1138 2246 peccati
1171 2200 1180 2227 :
1214 2182 1283 2228 ille
1320 2181 1496 2227 meliora

113 2253 240 2299 bonis
263 2263 435 2317 aequat,
474 2253 520 2298 id
549 2265 638 2310 est,
677 2254 970 2313 integritatem
1002 2254 1252 2309 connubio3
1282 2270 1356 2298 vos
1386 2252 1496 2297 mala

112 2324 242 2370 bonis
262 2345 272 2379 ;
290 2341 392 2369 nam
423 2323 686 2370 discordiam
712 2325 853 2370 carnis
871 2335 912 2370 et
933 2324 1112 2387 spiritus
1134 2335 1218 2369 tam
1241 2323 1388 2369 dicitis
1411 2339 1498 2384 csse

113 2395 281 2441 bonum
301 2431 312 2451 ,
340 2411 473 2458 quam
501 2394 783 2441 concordiam
816 2395 1073 2459 nuptiarum
1096 2412 1106 2439 :
1130 2393 1201 2440 ille
1241 2393 1350 2438 dicit
1378 2392 1497 2456 apud

116 2468 257 2513 Deum
277 2466 489 2530 aequalem
503 2466 715 2512 honorem
731 2466 922 2512 bonoset
938 2466 1128 2529 optimos
1147 2464 1405 2517 habituros;
1426 2481 1499 2509 vos

117 2547 258 2583 autem
271 2536 480 2600 quosdam
495 2537 632 2582 bonos
643 2553 729 2582 non
740 2536 879 2582 solum
896 2537 940 2583 in
954 2553 1084 2596 regno
1097 2534 1175 2581 Dei
1186 2534 1394 2580 honorem
1407 2552 1433 2578 n
1441 2533 1503 2578 ul-

117 2608 208 2655 lum
238 2607 495 2672 adepturos,
520 2608 592 2655 sed
615 2625 694 2655 nec
717 2608 862 2674 ipsum
889 2626 1067 2670 regnum
1088 2624 1175 2654 esse
1199 2606 1367 2655 visuros
1388 2623 1398 2650 :
1436 2604 1507 2650 ille
