1863 3262
166 283 323 317 OPERIS
359 284 617 316 IMPERFECT!
656 284 830 314 CONTRA
866 284 1111 328 JULIANUM,
1150 287 1237 319 Lm.
1282 288 1341 319 iv,
1394 287 1478 318 221

116 351 233 398 tione
260 362 538 414 conceptum.
578 348 832 395 Ambrosius
853 359 913 394 est
937 348 1014 395 iste
1040 350 1077 406 1,
1106 351 1273 398 Juliane
1296 371 1306 398 :
1336 353 1427 417 ipse
1450 363 1490 399 te

115 423 277 476 vincit,
317 437 446 485 quem
471 437 557 465 non
581 419 711 464 audes
739 436 893 479 negare
928 420 1193 467 catholicum
1218 460 1227 478 ‚
1265 440 1491 487 nunquam

117 503 231 538 certe
246 492 440 537 dicturus
456 507 498 536 es
511 489 824 536 Manichaeum.
845 490 964 547 Quin
981 491 1110 536 ctiam
1126 509 1194 538 me
1205 504 1278 538 aut
1293 493 1492 556 plumbei

116 580 201 608 esse
216 561 425 608 acuminis
444 559 498 606 ad
512 559 861 620 intelligendum,
888 571 962 606 aut
977 563 1109 608 teneri
1129 563 1342 609 maleficio
1354 566 1494 611 Mani-

117 633 249 687 chaei‚
271 642 346 677 aut
368 641 601 694 utrumque
619 631 747 676 simul
764 632 934 695 perpeti
951 632 1150 680 affirmas.
1178 635 1242 679 De
1258 635 1495 682 Manichaei

117 702 332 749 maleficio
355 701 423 748 vel
456 712 532 747 tuo
559 701 777 758 convicio,
800 705 890 761 jam
920 702 1003 747 tibi
1028 720 1142 766 saepe
1169 704 1493 767 respondimus,

117 783 159 819 et
182 773 494 836 opportunius,
522 789 623 818 cum
647 788 756 834 opus
771 788 856 817 esse
880 771 1121 828 videbitur,
1152 773 1298 820 adhuc
1320 774 1498 822 forsitan

118 843 494 907 respondebimus.
525 843 655 887 'Nunc
669 842 722 887 de
742 842 952 905 plumbeo
975 843 1028 888 ad
1054 843 1382 904 intelligendum
1399 863 1499 891 acu-

117 915 250 971 mine,
276 914 480 960 haeretice
500 914 700 969 verbose,
717 913 944 976 responde.
967 915 1103 960 Nemo
1119 926 1306 962 estcerte
1320 916 1503 979 quinol-

118 984 194 1041 let,
214 985 248 1030 si
267 984 311 1030 id
336 994 442 1030 esset
459 984 503 1029 in
521 983 711 1030 hominis
735 995 964 1047 potestate,
992 985 1163 1045 ingenio
1181 986 1352 1032 vividus
1370 1000 1500 1051 atque

120 1055 173 1102 ad
190 1054 521 1115 intelligendum
542 1054 816 1099 acutissimus
835 1055 970 1110 nasci,
995 1066 1034 1100 et
1053 1073 1184 1118 quam
1205 1058 1288 1102 rari
1305 1057 1388 1103 sint
1404 1059 1502 1122 quis

118 1126 323 1186 ignorat?
346 1125 434 1181 Qui
459 1135 603 1170 tamen
618 1142 768 1170 omnes
787 1124 869 1187 ipsi
885 1125 1152 1187 paucissimi.
1172 1127 1205 1172 si
1222 1127 1412 1174 hominis
1425 1130 1503 1193 qui

121 1195 289 1259 primus
302 1206 365 1240 est
380 1195 537 1248 factus,
560 1206 872 1257 comparentur
887 1195 1073 1255 ingenio,
1093 1196 1504 1259 plumbeijudican·

122 1277 207 1313 tur.
239 1267 337 1311 Non
362 1267 474 1311 enim
502 1277 626 1321 tunc,
651 1266 762 1310 sicut
781 1282 917 1322 nunc,
939 1283 1099 1329 corpus
1113 1269 1398 1331 corruptibile
1424 1289 1504 1331 ag-

121 1336 334 1398 gravabat
357 1337 545 1381 animam
567 1335 603 1381 ².
632 1337 719 1380 Aut
733 1335 849 1380 enim
864 1336 1153 1400 corruptibile
1170 1355 1258 1383 non
1275 1351 1383 1397 erat,
1406 1342 1509 1404 quia

121 1425 210 1454 non
230 1417 321 1452 crat
339 1407 574 1452 moriturus
600 1405 739 1452 Adam
757 1443 768 1462 ‚
797 1406 878 1452 nisi
909 1418 1156 1470 peccasset:
1193 1420 1268 1455 aut
1283 1411 1334 1468 si,
1363 1422 1410 1458 ut
1431 1430 1506 1460 vos

123 1480 227 1525 novi
244 1478 439 1524 haeretici
456 1477 617 1533 dicitis,
648 1487 688 1522 et
705 1477 740 1523 si
764 1495 849 1523 non
872 1489 1090 1541 peccasset
1109 1480 1347 1527 moriturus
1371 1495 1503 1539 esset;

124 1566 212 1595 non
230 1559 376 1595 tamen
392 1549 451 1594 ita
467 1562 530 1594 est
552 1548 793 1603 institutus,
819 1566 948 1612 quem
972 1550 1116 1613 primo
1136 1552 1247 1597 Deus
1267 1552 1442 1611 fecerat,
1464 1567 1506 1603 et

127 1620 205 1683 qui
228 1619 330 1665 mali
345 1619 492 1665 adhuc
519 1618 633 1664 nihil
650 1618 826 1673 fecerat,
855 1630 904 1664 ut
921 1623 1012 1679 ejus
1035 1620 1179 1666 anima
1203 1638 1387 1686 corpore
1403 1642 1507 1686 gra-

125 1701 317 1737 varetur.
341 1691 452 1747 Quis
470 1691 584 1736 enim
604 1690 722 1735 hanc
747 1707 832 1735 esse
853 1706 1030 1753 poenam
1046 1702 1187 1752 neget,
1216 1693 1298 1739 nisi
1318 1696 1395 1758 qui
1419 1714 1509 1743 am-

126 1760 244 1825 plius
267 1761 431 1807 caeteris
456 1763 744 1820 aggravatur?
764 1761 811 1809 Si
837 1777 938 1821 ergo
958 1761 1234 1809 Manichacus
1251 1764 1503 1828 interroget,

129 1830 245 1876 unde
259 1831 313 1877 sit
345 1831 429 1876 hoe
454 1830 671 1887 tarditatis
695 1830 878 1884 malum,
907 1848 996 1876 non
1023 1831 1070 1877 in
1096 1834 1356 1896 corporibus
1378 1838 1510 1884 sedin

128 1901 251 1963 ipsis,
269 1901 347 1946 ubi
374 1901 456 1947 Dei
476 1911 538 1946 est
571 1901 732 1960 imago,
757 1901 939 1960 ingeniis
963 1901 1185 1958 humanis,
1203 1920 1303 1966 quae
1328 1907 1509 1954 tarditas

130 1970 329 2034 pervenit
348 1969 560 2030 gradatim
587 1987 721 2034 usque
747 1969 800 2015 ad
826 1969 1072 2026 ridendam,
1108 1972 1176 2018 vel
1201 1974 1370 2036 potius,
1401 1978 1512 2024 sicut

134 2041 360 2104 Scriptura
389 2051 652 2097 commonet,
681 2058 815 2105 usque
850 2040 904 2086 ad
939 2040 1171 2101 lugendam
1207 2043 1508 2095 fatuitatem³z

131 2110 443 2174 respondemus
467 2128 560 2167 nos,
588 2121 630 2156 et
658 2111 758 2157 haec
792 2121 834 2156 et
858 2111 1003 2157 onmia
1040 2123 1195 2160 caetera
1236 2116 1349 2162 mala
1368 2154 1380 2174 ,
1411 2135 1512 2165 cum

132 2182 294 2246 quibus
307 2181 474 2238 nasci&
504 2199 659 2242 negare
677 2181 745 2229 vel
765 2182 968 2229 dubitare
988 2199 1074 2228 non
1088 2201 1333 2247 possumus,
1352 2190 1513 2252 primo-

133 2269 232 2298 rum
253 2251 442 2298 duorum
469 2263 510 2297 et
539 2252 721 2298 aliorum
750 2252 907 2299 deinde
943 2265 1176 2317 parentum
1200 2260 1392 2320 peccatis
1425 2279 1512 2308 esse

136 2323 624 2386 tribuenda3qnoniam
642 2341 729 2369 non
761 2335 942 2388 possunt
977 2326 1112 2371 tribui
1149 2330 1418 2376 nascentium
1433 2349 1515 2378 vo-

136 2392 308 2440 luntati.
338 2392 431 2439 Alia
450 2394 615 2457 quippe
641 2394 860 2450 animalia,
890 2405 939 2441 ut
964 2412 1064 2441 cum
1107 2398 1171 2443 sui
1211 2402 1375 2459 generis
1398 2403 1514 2449 vitiis

137 2464 349 2511 nonnulla
364 2475 615 2521 nascautur,
653 2465 761 2528 quid
786 2467 946 2512 mirum
976 2468 1010 2513 si
1035 2469 1256 2533 accipiunt
1279 2471 1378 2519 haec
1400 2475 1516 2521 noxii

188 2563 199 2586 ¹
221 2563 409 2596 Ambrosius
429 2563 460 2595 in
481 2563 552 2596 isai.
572 2582 617 2588 -—
634 2563 649 2586 ‘⁴'
675 2566 749 2608 Sap.
765 2576 822 2605 tx,
846 2567 899 2601 15.
921 2583 964 2590 —
988 2564 1002 2589 3
1020 2567 1116 2602 Eceli.
1138 2578 1234 2609 xxu,
1260 2581 1308 2605 ιο,
1327 2588 1372 2596 —
1391 2570 1404 2596 ⁴
1422 2575 1516 2606 Forte

140 2619 329 2652 addendum
350 2627 412 2659 ese,
435 2619 592 2653 homines.
1228 2616 1233 2617 ⁷
