1863 3262
182 328 338 359 opums
373 324 634 358 IMPERFECTI
671 325 847 356 CONTRA
881 324 1125 371 summum,
1167 333 1251 365 tm.
1296 335 1364 366 ιιι,
1441 321 1500 368 33

132 393 351 457 Loquitur
376 390 428 438 ad
453 389 653 446 JudoeOS,
672 391 747 453 qui
767 392 1063 455 captivitatem
1082 396 1314 445 sceleribus
1334 401 1504 461 exigen-

133 474 195 511 tes
258 463 312 509 ad
344 460 619 508 revelandam
652 462 841 524 propriae
872 464 1241 525 praevaricationis
1266 469 1501 529 invidiam,

132 534 413 597 parentibus,
440 549 527 577 non
549 531 743 577 moribus
756 532 841 577 suis
857 569 867 589 ,
892 534 1085 580 debitam
1109 553 1200 582 eam
1224 539 1505 602 fuissejacta-

132 604 241 649 bant
267 622 278 649 ι
302 614 344 648 et
367 602 567 648 convenit
586 619 657 646 eos
684 603 942 649 auctoritate
965 605 1120 667 patria.
1155 607 1211 652 Ut
1229 610 1337 672 quid
1361 614 1502 671 vobis,

131 674 298 737 inquit,
320 674 443 719 istam
465 671 719 735 parabolam
738 709 748 727 ,
773 683 820 717 ut
839 673 992 720 dicatis
1022 693 1032 720 ε
1061 697 1080 717 «
1104 678 1306 725 Parentes
1327 685 1508 731 mandu-

131 766 152 787 ›>
175 755 385 790 caverunt
402 759 503 788 uvas
522 743 716 794 acerbas,
733 753 774 788 et
790 743 979 790 filiorum
997 745 1145 793 dentes
1162 750 1500 814 obstupuerunt.

131 837 152 858 ›>
174 814 283 860 Vivo
308 830 386 874 ego
404 849 414 864 ,
442 812 551 858 dicit
587 812 755 858 Adonai
793 814 1004 861 Dominus
1023 853 1033 873 ‚
1072 818 1106 862 si
1131 818 1300 866 dicetur
1323 824 1509 887 amplius

131 907 153 928 ›>
176 884 385 949 parabola
414 883 513 928 haee
539 882 585 928 in
615 883 748 929 lsrael
776 901 786 929 ε
812 887 1015 948 quoniam
1041 904 1188 935 omnes
1216 892 1372 939 animae
1401 912 1510 941 meae

130 977 152 998 ))
175 966 303 1011 sunt,
339 952 709 1017 quemadmodum
747 956 891 1000 anima
923 957 1084 1018 patris,
1120 960 1180 1005 ita
1218 962 1361 1009 anima
1395 964 1503 1022 filii,

129 1046 151 1069 »
174 1041 320 1072 omnes
345 1024 501 1070 animae
523 1040 630 1069 meae
654 1035 753 1070 sunt
774 1044 785 1079 3
810 1025 953 1072 anima
978 1044 1077 1090 quae
1102 1042 1281 1093 peccat,
1306 1033 1400 1097 ipsa
1417 1052 1508 1081 mo-

129 1117 151 1139 »
174 1093 356 1142 rietur1.
382 1115 403 1136 >³

194 1170 308 1214 Aue.
345 1167 459 1212 Cum
483 1164 543 1210 ait
565 1181 576 1209 t
603 1184 624 1205 «
645 1163 690 1208 Si
709 1163 880 1211 dicetur
899 1167 1086 1231 amplius
1109 1172 1319 1233 parabola
1344 1174 1443 1222 haec
1461 1176 1508 1224 in.

127 1238 263 1285 Israel
280 1235 496 1282 :ostendit
514 1234 647 1280 solere
665 1234 753 1279 dici
774 1252 786 1279 :
810 1237 959 1283 Patres
982 1240 1356 1290 manducaverunt
1377 1262 1506 1294 uvam

128 1310 353 1363 acerbam,
376 1317 417 1352 et
436 1305 585 1350 dentes
614 1304 804 1349 filiorum
834 1307 1171 1371 obstupuerunt.
1203 1334 1222 1354 »
1247 1314 1338 1361 Nec
1369 1319 1510 1378 arguit

126 1380 229 1443 quia
258 1377 506 1430 dicebatur,
528 1374 601 1420 sed
629 1375 845 1437 promittit
870 1378 947 1423 ubi
967 1396 1054 1424 non
1077 1380 1263 1431 dicatur.
1292 1385 1414 1433 Unde
1433 1405 1508 1434 au·

126 1460 212 1496 tem
244 1449 331 1495 hoc
360 1446 593 1501 dicebant,
619 1445 700 1490 nisi
732 1446 834 1509 quia
862 1465 872 1492 :
902 1449 1103 1497 Reddam
1123 1465 1306 1515 peccata
1331 1469 1509 1520 patrum

125 1521 172 1566 in
189 1520 300 1566 filios
319 1557 330 1576 ,
356 1520 498 1564 Deum
519 1516 672 1562 dixisse
689 1518 918 1564 sciebant?

191 1592 287 1638 XL.
329 1593 426 1635 Jur„
465 1608 485 1630 «
508 1587 577 1633 Ad
600 1587 931 1650 exemplandam
955 1601 997 1636 et
1015 1594 1362 1643 confirmandam
1383 1600 1509 1660 judi-

125 1661 181 1708 cii
199 1662 264 1707 sui
284 1660 796 1724 aequitatemJ'uramento
819 1659 935 1706 Deus
962 1661 1116 1716 utitur,
1145 1676 1187 1710 et
1207 1670 1510 1717 auctoritatem

125 1732 348 1779 constituti
371 1729 659 1776 obtestatione
692 1730 905 1777 cumulat.
938 1733 1150 1780 Intellexit
1176 1736 1261 1783 hoc
1283 1756 1416 1799 genus
1447 1741 1509 1787 lo-

124 1803 288 1867 quendi
313 1800 569 1866 Apostolus,
611 1799 687 1862 qui
719 1799 772 1844 ad
807 1801 1017 1848 Hebraeos
1042 1805 1103 1850 ita
1127 1805 1329 1855 disseruit
1353 1828 1363 1856 :
1388 1833 1408 1853 α
1425 1812 1510 1858 Vo-

124 1894 147 1916 »
169 1873 282 1930 lens,
320 1872 492 1936 inquit,
532 1872 647 1916 Deus
672 1867 896 1917 ostendere
934 1875 1230 1935 promissionis
1256 1880 1509 1928 haeredibus

124 1944 519 1990 »immobilitatem
554 1941 722 1987 consilii
759 1942 846 1998 sui,
875 1943 1138 2007 interposuit
1163 1950 1474 2009 jusjurandum
1492 1990 1504 2009 ‚

126 2035 147 2056 >2
175 2025 222 2060 ut
242 2032 320 2078 per
337 2013 443 2059 duas
462 2029 526 2057 res
543 2011 814 2066 immobiles,
837 2013 1003 2075 quibus
1025 2016 1294 2079 impossibile
1310 2032 1371 2067 est
1391 2039 1509 2068 men·

126 2106 148 2128 »
172 2085 243 2131 tiri
271 2085 434 2137 Deum,
469 2081 754 2127 fortissimum
779 2082 983 2128 solatium
1011 2085 1292 2134 habeamus2.
1322 2112 1344 2133 »

190 2157 305 2202 Aue.
348 2155 404 2200 Et
426 2153 491 2199 ibi
518 2152 693 2198 Novum
723 2153 1049 2200 Testamentum
1077 2160 1435 2219 promittebatur,

189 2227 307 2273 XLI.
349 2226 373 2270 J
382 2242 447 2272 UL.
489 2245 510 2266 «
538 2223 724 2269 Duobus
756 2241 857 2285 ergo
888 2225 958 2271 his
993 2228 1161 2275 ostendi
1193 2230 1331 2288 dicit,
1364 2234 1508 2281 Deum

124 2314 214 2344 non
235 2313 360 2361 posse
375 2295 572 2351 mentiri,
588 2294 678 2340 hoc
701 2295 797 2358 ipso
821 2295 923 2358 quia
937 2299 1163 2359 promisit,
1186 2311 1314 2365 atque
1328 2302 1373 2348 id
1388 2304 1511 2368 quod

123 2367 326 2432 promisit
344 2366 449 2429 quia
476 2382 518 2410 se
547 2375 728 2410 testatur
761 2365 943 2428 implere
973 2385 983 2412 :
1010 2385 1098 2413 non
1123 2372 1246 2434 quod
1272 2374 1386 2419 Deus
1420 2375 1511 2421 sine

126 2437 395 2484 attestatione
419 2435 495 2480 tali
522 2435 794 2480 imbecillum
820 2446 948 2499 atque
970 2436 1159 2485 dubium
1191 2441 1324 2488 soleat
1348 2444 1510 2490 habere

124 2524 391 2560 sermonem;
412 2505 484 2550 sed
506 2516 554 2550 ut
571 2506 795 2551 veritatem
821 2524 941 2552 suam
970 2508 1247 2558 documentis
1271 2515 1512 2574 grandibus

124 2589 345 2634 oneraret,
375 2594 425 2623 eo
446 2593 598 2636 genere
617 2577 853 2623 locutionis
878 2579 1040 2627 abusus
1062 2592 1152 2642 est,
1178 2584 1300 2648 quod
1323 2586 1514 2634 homini-

174 2661 319 2695 ¹Ezech.
339 2672 437 2702 xvur,
457 2661 525 2696 1-3.
541 2677 586 2684 —
600 2658 616 2685 ²
636 2660 737 2693 Hebr.
752 2671 797 2700 vx,
821 2672 874 2702 17,
892 2673 902 2693 1
914 2662 948 2695 8.

291 2728 439 2760 cxuv.
1367 2724 1393 2769 3
