1824 3236
140 270 297 305 opums
331 269 594 302 IMPERFECTI
630 270 806 302 cournA
837 273 1082 318 JULIANUM,
1122 278 1209 309 tm.
1252 280 1293 310 v.
1371 264 1464 313 385

91 338 336 384 cessarium.
364 336 448 383 Sed
469 337 548 382 ista
572 353 727 398 negare
754 355 841 384 esse
866 341 1107 398 naturalia,
1129 343 1241 389 nihil
1263 353 1324 390 cst
1343 345 1463 392 aliud

90 427 222 475 quam
253 426 455 470 magnam
475 419 644 472 partem
675 409 782 456 velle
801 411 966 458 atlferrc
994 424 1176 461 naturae.
1204 417 1376 463 Falsum
1403 430 1466 465 est

89 482 239 546 itaque
261 482 382 546 quod
406 481 522 537 aisti,
550 501 569 522 «
590 480 820 544 Quidquid
839 482 1008 529 habent
1027 496 1238 532 creatura:
1258 489 1466 536 naturali-

95 563 179 609 ter,
203 570 224 598 a
253 551 475 598 necessarii
500 562 623 614 parte
643 552 806 598 sortitae
829 565 929 600 sunt
950 572 960 599 :
990 576 1009 597 ›>
1039 557 1396 621 quandoquidem
1421 573 1464 608 ct

91 623 189 669 haec
210 639 309 687 quae
332 622 698 679 commemoravi,
726 633 767 668 et
786 623 866 669 alia
884 642 984 687 quae
1005 642 1346 676 conmemorare
1363 631 1464 678 lon-

91 711 194 755 gum
214 704 290 752 est,
307 693 562 739 naturaliter
589 693 780 748 hahent‚
807 713 885 742 nec
910 714 958 742 ea
987 706 1128 742 tamen
1155 711 1293 746 sunta
1315 719 1463 748 neccs-

91 766 189 812 sarii
212 776 337 829 parte
349 765 525 812 sortitae.

155 837 337 883 XLVII.
372 837 476 883 JUL.
510 857 530 878 «
550 836 667 893 Qui1
693 848 833 884 autem
854 838 1045 885 sentiunt
1066 839 1110 885 iu
1135 859 1356 904 processu,
1379 862 1466 891 non

89 926 259 972 semper
279 925 301 954 a
323 907 588 964 necessari0,
611 907 684 954 sed
710 909 796 954 mul
806 920 844 954 ta
867 927 889 955 a
920 910 1116 973 possibili
1142 913 1337 975 capiunt.
1369 915 1466 962 Hoc

91 980 136 1026 in
162 979 330 1026 cunctis
351 978 614 1024 licetvidere
638 980 925 1042 corporibus:
948 980 1018 1026 scd
1042 980 1210 1041 longior
1230 983 1468 1047 disputatio

91 1054 309 1109 nascitur3
326 1070 470 1117 pauca
488 1063 631 1098 tamen
652 1052 803 1099 demus
821 1053 1030 1118 exempla.
1054 1056 1217 1102 Natura
1230 1074 1468 1121 corporum

92 1137 171 1183 est,
198 1136 248 1172 ut
272 1123 644 1185 coagmentatione
666 1135 961 1180 concrescant,
986 1124 1196 1172 divisione
1215 1128 1467 1176 solvantur:

93 1197 273 1261 capacia
295 1213 395 1257 ergo
413 1206 514 1241 sunt
531 1194 720 1242 vulneris
735 1233 746 1252 ,
771 1213 870 1259 quae
896 1196 1127 1259 patiuntur
1150 1198 1386 1248 interitum.
1415 1203 1473 1247 Ut

94 1286 194 1329 ergo
217 1268 386 1332 possint
405 1266 648 1322 vulnerari,
682 1284 704 1312 a
735 1267 974 1312 necessario
1002 1267 1168 1313 habent
1192 1287 1202 1313 :
1235 1280 1282 1314 ut
1318 1271 1475 1317 vulne-

93 1350 244 1386 rentur
264 1349 407 1385 autem
426 1374 436 1394 ,
463 1355 485 1382 a
514 1336 726 1400 possibili.
759 1338 824 1382 Ita
850 1355 872 1382 a
895 1339 1133 1384 necessario
1168 1350 1229 1384 est
1249 1341 1474 1403 possibili-

94 1411 193 1457 tatis
214 1420 388 1465 natura,
416 1424 518 1454 cum
543 1424 631 1452 non
663 1406 716 1452 sit
748 1408 1007 1453 necessarius
1030 1410 1331 1472 possibilitatis
1352 1413 1477 1459 effec-

94 1492 177 1530 tus.
220 1481 355 1530 Verbi
391 1480 527 1541 gratia
550 1516 561 1536 ,
604 1495 741 1543 equus
762 1516 772 1536 ‚
814 1480 893 1525 bos
912 1517 922 1536 ,
967 1491 1008 1525 et
1040 1480 1199 1527 similes
1238 1484 1478 1530 animantes

93 1552 411 1601 vulnerabilem
432 1550 600 1596 habent
621 1560 842 1607 naturam,
868 1561 910 1596 ct
934 1551 1031 1597 idco
1051 1552 1322 1599 incommodi
1341 1571 1478 1618 capa-

95 1625 163 1671 cia
188 1644 210 1672 a
233 1622 471 1670 necessario
493 1632 593 1668 sunt
612 1639 623 1667 ε
647 1631 851 1667 utautem
868 1622 1173 1679 vulnerentur,
1201 1641 1290 1670 non
1310 1643 1481 1690 semper

94 1695 382 1742 necessarium
419 1703 494 1740 est.
535 1692 582 1739 Si
612 1693 724 1738 enim
753 1710 832 1756 per
856 1693 1125 1754 diligentiam
1150 1695 1381 1743 custodum
1402 1698 1482 1744 de-

95 1766 332 1813 fendantur
352 1783 375 1811 a
393 1764 533 1828 plagis
553 1802 564 1820 ,
593 1775 778 1828 possunt
809 1782 897 1810 non
918 1765 1137 1811 vulnerari
1160 1784 1170 1810 z
1198 1767 1319 1830 quod
1339 1768 1373 1815 si
1393 1787 1480 1815 non

96 1837 421 1892 custodiantur,
445 1845 629 1899 possunt
652 1835 782 1881 ctiam
798 1836 1031 1883 vulnerari.

161 1908 411 1954 Plurimum
435 1923 535 1965 ergo
551 1906 681 1951 distat
698 1906 869 1952 interea
891 1924 992 1970 quac
1016 1925 1038 1952 a
1058 1907 1256 1970 possibili
1280 1910 1476 1967 veniunt,

98 1991 141 2027 et
165 1997 214 2026 ea
235 1994 336 2043 quae
356 1994 380 2023 a
405 1976 643 2022 necessario
672 1994 682 2020 :
709 1993 810 2040 quze
833 1977 916 2022 nisi
935 1977 1210 2024 custodiatur
1234 1979 1475 2038 distinctio,

96 2053 144 2099 in
166 2051 418 2098 innumeros
443 2048 530 2094 itur
557 2065 733 2095 errores.
758 2048 888 2105 Quod
913 2060 959 2094 ut
977 2051 1303 2113 comparatione
1324 2053 1480 2100 clares-

31 2129 33 2131 ’
99 2133 170 2170 cat
199 2139 211 2167 ι
251 2119 361 2184 lapsi
382 2129 483 2165 sunt
514 2118 697 2182 quidam
723 2118 952 2165 medicinae
975 2131 1319 2184 oppugnatores,
1348 2141 1479 2185 argu—

98 2192 279 2242 mentati
297 2192 416 2238 hanc
436 2201 569 2237 artem
591 2191 701 2236 nihil
727 2190 890 2237 habere
912 2191 1109 2238 utilitatis
1130 2213 1141 2246 ς
1164 2187 1481 2259 disputantque

99 2266 188 2312 hoc
203 2261 335 2310 modo
352 2279 362 2307 :
381 2261 690 2307 Morituris-ne
709 2261 925 2308 medicina
950 2262 1181 2319 subvenit,
1201 2282 1255 2310 an
1269 2266 1479 2313 victuris?

102 2336 149 2383 Si
167 2331 416 2387 morituris,
444 2331 557 2377 nihil
580 2343 811 2395 promovet
832 2350 843 2377 ι
870 2331 903 2377 si
924 2332 1122 2390 victuris,
1157 2333 1317 2382 frustra
1335 2336 1474 2396 gestit.

102 2406 192 2465 Qui
206 2404 320 2451 enim
344 2402 547 2448 morituri.
565 2413 708 2459 erant,
728 2402 815 2448 hac
837 2419 1011 2467 quoque
1033 2403 1277 2463 laborante,
1293 2408 1480 2454 morien-

101 2489 174 2525 tur
197 2494 208 2522 :
235 2475 312 2539 qui
333 2473 522 2531 victuri,
549 2473 638 2519 sinc
661 2490 839 2537 quoque
861 2475 994 2534 hujus
1026 2475 1241 2522 beneficio
1265 2476 1370 2524 salvi
1397 2495 1483 2525 esse

102 2556 357 2615 potuerunt.
388 2545 532 2602 Quam
567 2561 723 2609 nempe
750 2545 964 2592 concinna
982 2581 993 2603 ,
1023 2562 1156 2610 quam
1185 2547 1353 2594 urbana
1382 2564 1485 2595 con-

152 2632 162 2656 ¹
182 2633 275 2664 Forte
291 2632 383 2670 Quae.

269 2695 412 2728 cxtiv.
1298 2682 1356 2728 25
