1863 3262
178 317 335 350 OPERIS
370 315 630 350 IMPERFECTI
666 315 842 348 CONTRA
877 317 1123 359 JULIANUM,
1163 318 1249 349 LIB.
1291 320 1358 351 111.
1433 305 1495 366 67

126 382 281 430 nititur
302 384 560 430 confirmare
591 381 831 438 sententiis,
861 392 908 429 ut
942 400 1010 428 eas
1043 394 1193 430 contra
1218 401 1260 430 se
1293 384 1496 448 proprie,

127 469 210 517 pro
233 471 276 501 se
296 464 437 500 autem
457 452 655 517 precario
679 469 829 499 sonare
842 453 1044 500 fateatur.
1071 454 1389 517 Quisquam-ne
1406 471 1501 501 eru-

127 523 318 571 ditorum
340 523 404 570 illi
424 533 679 584 argumento
700 523 808 569 fidat
824 562 836 580 ,
865 523 985 587 quod
1012 541 1112 570 cum
1136 523 1183 569 in
1207 525 1278 585 jus
1308 526 1499 583 venerit,

129 595 185 642 ab
200 594 379 641 inimico
397 598 487 655 ejus
507 594 631 658 quasi
650 595 933 641 vernaculum
953 614 964 649 ;
991 595 1046 641 ab
1064 594 1138 640 illo
1161 611 1261 641 vero
1284 595 1407 658 quasi
1428 595 1500 641 fu-

127 665 309 726 gitivum
328 665 657 729 plagiatumque
675 667 908 729 pensetur?
932 687 953 707 ›>

194 737 309 784 Aua.
351 741 419 783 De
436 736 580 783 verbis
599 736 786 782 abusivis
804 747 845 783 et
858 736 1049 800 propriis
1063 753 1111 782 ea
1129 735 1319 799 loqueris
1333 771 1344 790 ‚
1369 744 1417 780 ut
1429 735 1510 780 ho-

127 807 296 854 minum
319 808 540 872 paucitate
573 819 826 872 contempta
854 809 929 872 qui
966 819 1008 854 te
1040 807 1291 867 intelligunt
1317 815 1357 852 et
1384 805 1512 851 inve-

127 879 256 925 niunt
278 879 561 936 delirantem,
586 880 715 940 eligas
750 880 900 926 multis
927 880 1004 944 qui
1033 891 1073 925 te
1108 896 1198 925 non
1229 877 1506 938 intelligunt,

124 949 263 995 videri
285 949 428 996 dicere
447 950 642 1013 aliquid,
664 967 767 997 cum
784 950 904 997 dicas
927 949 1055 997 nihil.
1089 949 1243 995 Melius
1268 965 1368 1008 ergo
1387 963 1507 1011 pau-

129 1019 189 1065 cis
217 1019 356 1066 doctis
381 1031 421 1066 te
446 1020 644 1085 relinquo
660 1059 672 1077 ‚
693 1021 770 1085 qui
794 1031 836 1067 et
859 1038 927 1067 me
947 1038 1036 1066 non
1061 1020 1409 1074 demonstrante,
1439 1017 1512 1063 fa-

129 1089 289 1136 cillime
322 1090 571 1151 intelligunt
605 1102 648 1137 te
677 1091 790 1137 nihil
828 1091 971 1137 dicere
988 1128 999 1147 ,
1041 1107 1174 1154 quam
1208 1101 1250 1135 te
1279 1087 1514 1135 refellendo

129 1161 328 1224 quamvis
351 1179 451 1208 vera
472 1162 615 1207 dicam
630 1200 641 1219 ‚
668 1179 716 1208 ea
734 1179 834 1226 quae
855 1162 982 1208 multi
1001 1179 1090 1207 non
1112 1160 1364 1220 intelligunt
1390 1158 1506 1206 dico·

129 1231 437 1279 Verumtamen
460 1233 537 1279 ubi
556 1232 728 1279 dictum
748 1244 810 1279 est
832 1251 842 1278 t
864 1254 885 1275 c<
904 1238 986 1279 Per
1005 1249 1143 1278 unum
1161 1231 1386 1277 hominem
1406 1245 1516 1292 pec-

128 1323 150 1344 »
167 1313 314 1349 catum
329 1303 509 1349 intravit
529 1304 574 1348 in
595 1303 880 1360 mundum1‚›>
900 1314 1082 1366 propter
1101 1300 1388 1362 generationis
1409 1316 1509 1345 auc-

130 1381 266 1419 torem
282 1411 294 1431 ,
318 1373 417 1419 ideo
443 1372 628 1418 formam
653 1373 820 1429 futuri,
850 1383 1034 1437 propter
1050 1370 1386 1432 regenerationis
1404 1386 1512 1415 auc->

130 1453 293 1499 torem3
313 1461 402 1490 non
427 1445 562 1491 verba
587 1454 688 1490 sunt
717 1444 899 1491 abusiva
916 1482 926 1500 ‚
950 1443 1022 1490 sed
1046 1442 1241 1507 propria.

193 1515 362 1561 XCIII.
407 1515 433 1559 J
439 1531 506 1562 ιη.
549 1536 570 1557 «
595 1514 727 1572 Quod
746 1516 878 1576 igitur
897 1514 953 1561 ad
973 1515 1184 1560 Hebraeos
1203 1512 1394 1577 positum
1422 1521 1509 1568 est,

132 1607 152 1628 «
177 1587 241 1632 Ex
260 1586 378 1632 uno2
401 1603 548 1632 omnes
563 1585 599 1643 ὃ,
622 1608 643 1628 2>
666 1586 795 1647 exigit
815 1586 908 1632 laus
938 1585 1040 1642 Dei,
1069 1594 1168 1648 post
1191 1599 1512 1629 commemora-

132 1657 294 1704 tionem
308 1667 454 1703 tamen
465 1667 699 1720 parentum
723 1675 733 1702 :
754 1657 875 1721 quod
898 1667 1042 1703 autem
1058 1655 1221 1702 dicitur
1235 1654 1289 1699 de
1303 1653 1478 1699 Christo
1495 1669 1507 1697 ε

133 1751 153 1772 c<
179 1729 270 1786 Qui
291 1729 556 1786 sanctificat,
597 1739 640 1774 et
674 1729 1030 1786 sanctificantur,
1067 1745 1115 1773 ex
1140 1744 1228 1773 uno
1263 1723 1458 1781 omnes49
1474 1745 1508 1765 ->›

134 1799 189 1847 ad
213 1800 355 1847 Deum
376 1799 560 1846 relatum
575 1809 650 1846 est.
677 1821 698 1841 »

201 1872 316 1919 Auo.
358 1871 496 1932 Magis
512 1880 612 1934 post
632 1870 1091 1916 commemorationem
1108 1876 1342 1932 parentum
1363 1865 1512 1928 (prae-

134 1943 279 1989 sertim
303 1942 406 2006 quia
422 1945 514 2002 jam
533 1942 760 1987 transierat
786 1959 807 1986 a
826 1951 975 2003 patre,
1002 1951 1043 1985 et
1069 1939 1122 1985 de
1139 1948 1275 1983 matre
1296 1936 1513 1999 loqueba-

136 2012 258 2076 tur‚)
281 2011 499 2076 praeteriri
525 2029 614 2058 non
637 2011 792 2057 debuit
816 2011 911 2074 ipsa
930 2021 1092 2065 mater;
1111 2008 1185 2054 sed
1206 2007 1295 2052 dici
1323 2005 1477 2051 debuit
1496 2021 1509 2049 e

137 2084 200 2130 Ex
217 2083 390 2129 duobus
409 2082 493 2128 orti
508 2093 636 2136 sunt;
664 2081 743 2146 qui
768 2098 857 2127 non
883 2098 930 2127 ex
954 2099 1061 2137 uno,
1089 2078 1163 2125 sed
1176 2095 1223 2123 ex
1239 2077 1413 2122 duobus
1429 2074 1516 2120 orti

137 2164 258 2200 erant
275 2190 286 2210 ,
320 2163 368 2198 ut
390 2152 483 2199 laus
502 2152 582 2198 Dei
599 2163 704 2198 esset
724 2169 821 2198 vera
836 2189 846 2205 ,
870 2169 959 2196 non
975 2150 1082 2196 falsa
1102 2169 1113 2203 3
1137 2148 1218 2194 nisi
1244 2146 1346 2211 quia
1367 2156 1409 2191 et
1426 2145 1514 2190 hoc

136 2238 288 2272 verum
307 2234 390 2281 est,
409 2223 530 2288 quod
544 2242 592 2270 ex
605 2241 692 2269 uno
711 2224 793 2269 orti
814 2234 914 2269 sunt
929 2243 939 2276 ;
953 2239 1033 2267 nec
1053 2221 1231 2267 abusive
1248 2217 1416 2263 dictum
1434 2226 1513 2271 est,

138 2294 211 2342 sed
223 2295 403 2360 proprie
419 2305 602 2359 propter
616 2305 839 2341 auctorem
856 2292 1028 2339 seminis
1048 2301 1217 2355 patrem
1237 2327 1248 2346 ‚
1265 2306 1353 2334 non
1378 2303 1521 2350 prop-

138 2377 203 2412 ter
221 2365 460 2426 augendam
479 2365 708 2414 mendacio
723 2403 734 2422 ‚
756 2365 870 2411 sicut
892 2375 941 2410 tu
965 2363 1176 2409 existimas
1194 2397 1205 2415 ‚
1227 2360 1308 2405 Dei
1323 2356 1513 2404 laudem.

138 2435 294 2483 Dicere
312 2437 478 2500 quippe
503 2453 514 2480 :
537 2435 683 2481 Homo
702 2435 804 2482 fecit
819 2474 830 2493 ‚
852 2434 972 2498 quod
992 2433 1192 2479 homines
1211 2430 1300 2476 duo
1324 2427 1526 2492 pluresve

138 2506 363 2562 fecerunt3
392 2517 534 2575 potest
561 2507 735 2570 tropica
759 2524 846 2552 esse
862 2504 1027 2551 locutio
1051 2521 1062 2548 z
1089 2503 1123 2549 si
1143 2501 1241 2566 quis
1260 2509 1404 2546 autem
1419 2495 1529 2543 dicit

186 2608 198 2632 ¹
218 2611 314 2643 Rom.
332 2619 362 2648 v,
385 2619 439 2644 12.
462 2624 510 2634 -
526 2606 542 2631 ²
558 2607 662 2643 Hebt.
684 2618 730 2649 xx,
749 2619 804 2643 ω.
822 2623 870 2632 ·-
885 2603 900 2629 3
917 2608 1011 2638 Forte
1028 2603 1090 2637 orti
1107 2605 1181 2637 sunt
1201 2611 1323 2634 omnes.
1337 2616 1382 2623 -—
1397 2594 1412 2620 ⁴
1426 2596 1529 2629 Hebr.

142 2675 197 2706 11,
226 2675 284 2698 11.

1325 2709 1368 2754 5.
