1863 3262
343 290 399 339 72
751 296 785 325 S.
829 294 1071 325 AUGUSTINI
1109 294 1313 323 EPISCOI'I

414 363 527 409 ΑΒΕ.
550 364 639 409 Nec
663 372 811 408 natare
825 372 864 406 te
881 378 1004 424 posse
1029 360 1101 405 sed
1120 361 1271 420 mergi,
1290 359 1360 406 alii
1384 369 1614 414 noverunt,
1641 357 1718 422 qui

340 431 598 478 haereticum
625 444 663 478 te
687 450 772 478 esse
797 442 1093 491 cognoscunt:
1126 449 1224 476 nam
1250 442 1293 476 tu
1325 431 1473 477 eadem
1515 431 1716 475 submer-

338 501 455 547 tione
479 521 648 549 sensum
675 504 801 549 etiam
824 502 1066 566 perdidisti.

405 574 503 621 JUL.
535 577 715 639 «Atque
744 575 842 620 ideo
865 575 909 619 in
934 575 1077 638 primo
1098 575 1213 620 libro
1237 593 1316 621 nec
1350 592 1418 619 me
1442 574 1571 619 fuisse
1593 589 1716 616 men-

336 645 483 699 titum,
509 647 614 709 quid
641 646 914 707 scripseram,
955 662 1101 689 omnes
1134 646 1209 708 qui
1226 645 1434 704 fugissent
1467 653 1625 688 nostra-3
1644 658 1717 686 so-

336 716 503 762 cietatis
522 716 731 761 invidiam
748 753 759 772 ‚
801 716 845 760 in
866 715 1212 761 Manichaeorum
1244 726 1469 778 preerupta
1493 729 1710 768 corruere,

332 786 520 833 liberum
561 786 792 832 arbitrium
830 786 1133 845 denegantium
1156 825 1165 841 ‚
1214 797 1255 831 et
1304 787 1442 830 Deum
1479 784 1713 829 hominum

337 857 631 911 conditorem;
662 868 787 920 teque
817 857 861 903 id
887 857 1005 920 quod
1047 858 1187 903 fueras
1215 858 1472 921 propulsare
1506 864 1713 910 conatus,

335 930 479 973 statim
506 928 717 974 absolutis
754 929 985 991 arripuisse
1026 929 1321 984 sermonibus,
1369 929 1497 973 etiam
1542 926 1718 971 illorum

336 998 621 1061 scriptorum,
647 1015 747 1062 quee
770 998 824 1044 ad
858 999 1132 1045 Bonisacium
1173 999 1365 1054 miseras,
1387 997 1617 1044 insertione
1636 1015 1720 1060 pa—

335 1068 527 1114 tefecit1.
559 1069 868 1114 Verumtamen
894 1069 981 1114 boc
1007 1070 1136 1114 etiam
1162 1070 1260 1115 brec
1281 1087 1413 1133 quam
1438 1086 1555 1115 nunc
1569 1068 1716 1132 posui,

337 1149 411 1184 tua
428 1139 649 1202 responsio
671 1141 917 1186 confitetur.
945 1141 1098 1185 Dixisti
1133 1141 1266 1195 enim,
1298 1141 1429 1186 fidem
1454 1141 1718 1186 catholicam

335 1227 439 1264 esse,
472 1226 573 1273 quae
596 1221 637 1255 et
655 1209 841 1257 liberum
869 1211 1009 1257 credit
1031 1212 1282 1264 arbitrium,
1302 1223 1343 1257 et
1373 1214 1511 1258 Deum
1534 1229 1720 1257 nascen-

335 1281 444 1326 tium
462 1281 747 1328 conditorem.
770 1282 903 1338 Quod
928 1293 1164 1346 utrumque
1177 1284 1372 1328 omnium
1390 1283 1717 1338 haereticorum,

334 1352 608 1398 Manichaeos
628 1364 798 1399 certum
824 1364 885 1398 est
902 1353 1130 1399 vobiscum
1153 1372 1320 1413 negare.

401 1425 513 1470 Ath.
547 1424 806 1478 Manichaei,
849 1424 995 1488 (quod
1027 1425 1173 1470 videre
1206 1443 1293 1470 non
1332 1426 1512 1488 vuhis),
1552 1442 1574 1469 a
1598 1424 1723 1470 vobis

335 1493 482 1557 potius
502 1493 782 1555 adjuvantur,
805 1496 880 1559 qui
902 1506 962 1540 tot
977 1505 1018 1540 et
1043 1506 1161 1540 tanta
1189 1496 1300 1541 mala
1321 1513 1420 1559 quae
1443 1496 1535 1559 pati
1555 1512 1723 1558 parvu-

335 1565 400 1611 105
419 1565 638 1612 cernimus
661 1583 750 1611 non
778 1565 939 1611 meritis
958 1576 1262 1629 peccatorum,
1292 1567 1364 1611 sed
1389 1567 1505 1626 genti
1523 1567 1724 1611 tribuunt

334 1636 629 1683 tenebrarum.
663 1637 763 1682 Non
802 1638 916 1682 enim
955 1637 1128 1682 habetis
1160 1655 1247 1701 quo
1271 1638 1468 1698 fugiatis,
1497 1638 1674 1701 quando
1700 1655 1723 1682 a

337 1707 462 1753 vobis
487 1708 600 1753 mala
621 1707 699 1753 ista
723 1708 838 1754 unde
864 1709 949 1753 sint
973 1720 1333 1771 percunctantur.
1383 1709 1468 1754 Sed
1502 1708 1628 1753 nobis
1670 1708 1723 1753 ad

336 1778 526 1823 liberum
565 1778 797 1824 arbitrium
828 1779 1036 1830 hominis,
1075 1796 1162 1841 quo
1200 1790 1354 1823 natura
1379 1779 1593 1832 humana,
1622 1796 1724 1824 cum

337 1849 455 1893 bona
477 1847 835 1905 fueritinstituta,
865 1850 1014 1894 vitiata
1038 1860 1116 1903 cst,
1141 1850 1239 1895 haec
1255 1849 1399 1894 omnia
1417 1848 1721 1905 referentibus,

340 1918 557 1964 catholica
582 1919 812 1965 vobiscum
834 1921 1012 1966 veritate
1038 1921 1288 1966 vincuntur.

406 1990 529 2036 Cltl.
552 1990 649 2037 JL'L.
681 2013 700 2033 <‹
720 1991 877 2037 Verum
906 1992 1010 2055 quia
1034 1991 1137 2036 fidei
1173 1990 1406 2036 catliolicae
1429 1994 1554 2050 cujus
1588 1989 1726 2035 solido

339 2061 530 2107 nudatus
549 2080 608 2114 es,
631 2063 1004 2125 quasiamiculum
1029 2073 1170 2117 tenue,
1194 2063 1333 2106 solum
1352 2079 1508 2106 nomen
1527 2061 1722 2115 assumis,

341 2132 406 2178 vis
426 2149 501 2177 nos
519 2132 709 2187 credere,
730 2133 856 2178 etiam
886 2151 908 2177 a
928 2143 967 2176 te
984 2133 1070 2177 boe
1093 2133 1223 2178 teneri
1242 2132 1361 2195 quod
1389 2131 1597 2176 catholici
1617 2148 1727 2176 con-

342 2205 538 2255 fitentur,
560 2203 606 2248 id
627 2214 716 2260 est,
743 2214 784 2249 et
801 2204 988 2248 liberum
1017 2203 1246 2248 arbitrium
1273 2215 1358 2248 esse
1382 2203 1427 2247 in
1449 2202 1722 2257 hominibus,

343 2285 384 2319 et
404 2275 541 2320 Deum
563 2275 829 2320 nascentium
847 2273 1132 2320 conditorem.
1162 2273 1246 2318 Sed
1262 2274 1293 2318 si
1313 2273 1400 2318 hoc
1419 2291 1440 2318 a
1458 2285 1496 2318 te
1512 2272 1728 2335 simplici-

347 2357 410 2392 ter
455 2346 727 2409 fideliterque
750 2345 970 2409 prolatum
1003 2357 1064 2391 est
1089 2347 1236 2395 finem,
1283 2345 1510 2390 certamini
1550 2345 1728 2407 impone

345 2417 543 2470 silenti03
567 2416 682 2462 fama
703 2417 756 2462 ad
784 2434 863 2462 1105
881 2417 1207 2462 criminantium
1235 2427 1446 2470 recurrat,
1474 2415 1549 2479 qui
1574 2414 1618 2459 id
1643 2413 1728 2458 ob-

343 2483 574 2544 jecerimus
603 2483 702 2538 tibi‚
720 2483 840 2547 quod
867 2500 1013 2528 secura
1036 2483 1259 2543 negatione
1292 2482 1513 2527 deleveris.
1538 2481 1634 2526 Hoc
1651 2495 1726 2523 5ο-

346 2554 438 2599 lum
473 2554 580 2599 huic
613 2553 723 2599 adde
747 2554 985 2611 sententiae,
1013 2553 1045 2599 si
1067 2571 1153 2617 qua
1182 2554 1355 2602 inventa
1379 2553 1510 2599 fuerit
1533 2562 1666 2608 secta,
1694 2551 1729 2597 si

397 2626 408 2650 ¹
426 2626 510 2657 wide
525 2626 578 2657 tib.
598 2637 628 2660 x.
644 2638 674 2658 11.
694 2633 752 2668 94.
