1824 3236
194 300 350 332 opums
388 295 648 330 inrssnrlic‘n
684 295 855 327 coxrna
893 298 1140 341 ,ιιιιΛΝι-ιι,
1183 302 1265 332 nr..
1311 303 1370 333 vt.
1424 286 1509 334 531

144 381 269 413 suum
296 366 489 413 laborem
514 373 688 428 putaret
706 373 911 411 aeternum
941 384 950 412 ε
974 383 1073 413 cum
1095 366 1131 412 si
1154 378 1340 414 vestrum
1362 368 1520 429 dogma

144 453 293 484 verum
313 447 444 492 esset,
473 451 559 499 quo
581 434 732 480 affirm
724 435 800 481 uis
817 436 972 487 Adam
995 438 1159 484 etiamsi
1178 456 1263 485 non
1282 451 1518 502 peccasset,

142 508 271 554 fuisse
302 507 591 560 moriturum,
605 516 849 584 propterea
889 488 974 553 hoc
1011 508 1072 554 illi
1108 508 1393 556 indicandum
1434 528 1521 556 non

140 577 322 634 fuisset,
349 587 582 654 antequam
602 575 813 640 inciperet
835 594 967 641 poena
988 578 1276 625 damnationis
1303 580 1447 641 affligi,
1469 598 1522 626 ne

140 647 266 695 illum
287 651 406 694 Deus
430 646 551 711 prius
575 663 706 711 quam
732 660 978 711 peccasset,
1004 650 1152 696 mortis
1176 652 1330 697 timore
1353 661 1524 714 torque-

143 729 236 774 ret;
263 729 370 765 tunc
395 728 563 773 autem,
591 734 691 764 cum
713 721 805 779 jam
828 729 1110 784 posteaquam
1135 721 1362 784 peccavit,
1388 737 1524 785 poena

144 789 446 850 dignissimum
460 789 702 850 judicaret,
729 789 942 837 indicaret
965 791 1094 838 etiam
1119 808 1206 838 esse
1230 793 1490 838 moriturum
1513 829 1523 848 ,

145 869 195 906 ut
207 858 403 906 eamdem
420 876 598 924 poenam
615 859 904 920 Deusjustus,
927 861 1030 908 mali
1051 861 1167 908 ultor
1184 861 1377 919 admissi,
1397 862 1527 908 etiam

145 930 299 978 timore
319 930 470 977 mortis
491 942 678 992 augeret.

210 1002 420 1066 Quisquis
456 1002 589 1063 igitur
613 1003 713 1050 haec
743 1004 823 1050 Dei
850 1003 982 1050 verba
1002 1041 1012 1061 ‚
1057 1004 1220 1069 quibus
1252 1015 1314 1050 est
1348 1005 1530 1069 punitus

145 1073 304 1130 Adam,
322 1072 500 1137 quando
514 1073 778 1130 dictumest,
799 1075 966 1121 «Terra
984 1092 1026 1120 es
1040 1112 1050 1129 ‚
1075 1085 1116 1120 et
1132 1074 1177 1121 in
1192 1085 1351 1121 terram
1373 1074 1529 1130 ibis1‚‚‚

144 1143 384 1191 secundum
409 1143 541 1190 fidem
570 1144 833 1191 catholicam
855 1145 1085 1206 intelligit,
1113 1163 1192 1192 nec
1216 1145 1306 1192 vult
1333 1145 1530 1192 introdu-

144 1232 240 1262 cere
258 1215 303 1261 in
331 1214 584 1279 paradisum
611 1216 806 1280 corporis
826 1227 1007 1263 mortem
1036 1217 1293 1281 praecipue3
1321 1234 1373 1263 ne
1390 1217 1532 1264 intro-

144 1287 280 1334 ducat
296 1297 338 1333 et
355 1288 533 1334 morbos
551 1325 562 1345 ,
596 1305 783 1352 quorum
809 1289 1045 1334 miserabili
1068 1289 1276 1336 varietate
1305 1289 1534 1335 morientes

143 1358 345 1405 videmus
365 1358 493 1419 affligi
511 1395 522 1416 ,
549 1369 591 1404 et
619 1358 873 1422 paradisum
895 1370 1056 1405 sanctae
1080 1359 1339 1422 voluptatis,
1370 1378 1418 1406 ac
1441 1360 1531 1423 spi-

144 1428 280 1475 ritalis
297 1439 338 1476 et
352 1427 593 1493 corporalis
609 1428 849 1486 felicitatis,
874 1431 945 1476 cui
964 1447 1039 1476 vos
1058 1447 1146 1476 non
1163 1430 1303 1494 pudet
1324 1446 1409 1476 esse
1431 1448 1532 1477 con-

146 1499 320 1556 trarios,
345 1499 573 1546 doloribus
595 1537 606 1555 ‚
629 1499 855 1546 laboribus
872 1538 882 1556 ,
909 1500 1175 1548 moeroribus
1202 1500 1382 1565 implere
1410 1519 1532 1562 coga-

145 1582 238 1626 tur;
258 1571 372 1618 sicut
397 1588 475 1619 vos
498 1571 732 1632 cogimini,
752 1590 832 1618 nec
858 1572 1059 1618 invenitis
1081 1589 1168 1636 qua
1192 1572 1301 1617 exire
1323 1572 1496 1635 possitis
1516 1610 1526 1629 ‚

143 1642 342 1707 quandiu
361 1652 450 1689 tam
473 1642 659 1706 impium
680 1642 836 1702 dogma
861 1653 1031 1695 mutare
1049 1659 1136 1688 non
1149 1641 1277 1688 vultis
1293 1660 1302 1687 :
1318 1641 1392 1705 qui
1409 1659 1526 1702 ergo,

145 1724 194 1760 ut
214 1712 303 1759 dixi
325 1751 337 1770 ‚
361 1713 462 1760 haec
484 1713 563 1759 Dei
582 1712 715 1758 verba
733 1712 973 1759 secundum
998 1712 1261 1758 catholicam
1286 1711 1468 1775 suscipit
1488 1723 1529 1758 et

144 1783 348 1845 intelligit
371 1783 530 1839 fidem;
557 1783 669 1829 sicut
689 1783 827 1829 cernit
857 1800 1037 1847 poenam
1064 1782 1225 1828 laboris
1256 1782 1299 1828 in
1335 1799 1383 1828 eo
1408 1781 1529 1846 quod

144 1854 315 1901 dictum
335 1865 411 1913 est,
433 1875 453 1896 c<
469 1855 521 1900 In
547 1853 703 1900 sudore.
723 1853 847 1899 faciei
865 1865 952 1899 tuae
971 1853 1068 1899 edes
1078 1870 1234 1917 panem
1252 1863 1374 1898 tuum
1399 1873 1410 1907 3
1429 1874 1448 1894 >2
1468 1853 1528 1898 ita

145 1942 325 1991 poenam
345 1925 483 1971 cernit
506 1935 548 1971 et
567 1924 716 1971 mortis
735 1924 779 1970 in
798 1941 847 1970 eo
877 1924 996 1988 quod
1027 1923 1221 1987 sequitur
1236 1960 1246 1979 ‚
1280 1923 1430 1969 Donec
1457 1940 1529 1969 re-

144 1996 324 2044 vertaris
345 1996 391 2042 in
411 2006 566 2042 terram
593 1994 646 2041 de
662 2012 750 2059 qua
774 2005 974 2059 sumptus
993 2011 1035 2040 es
1054 2031 1064 2051 ,
1086 1993 1189 2057 quia
1208 2003 1317 2039 terra
1346 2009 1401 2050 e5‚
1423 1992 1528 2039 etin

145 2078 304 2115 terram
326 2067 443 2114 ibis:
469 2084 518 2114 ac
544 2067 604 2113 sic
626 2067 787 2131 accipit
812 2065 980 2112 dictum
997 2103 1007 2122 ,
1040 2076 1247 2128 tanquam
1277 2063 1496 2110 diceretur
1514 2100 1525 2121 ,

146 2140 239 2200 Ego
261 2138 441 2204 quidem
467 2148 505 2184 te
517 2138 572 2184 de
593 2148 704 2184 terra
729 2137 919 2201 sumpsi,
946 2147 987 2183 ct
1009 2136 1231 2182 hominem
1254 2135 1363 2190 feci3
1388 2135 1524 2181 etuti-

145 2225 230 2274 que
247 2209 377 2274 potui
400 2208 542 2256 facere
559 2245 570 2265 ,
600 2218 649 2254 ut
675 2207 823 2254 eadem
859 2219 969 2254 terra
991 2223 1122 2271 quam
1160 2206 1373 2252 viventem
1403 2205 1484 2251 feci
1509 2243 1520 2262 ‚

146 2297 372 2345 nunquam
391 2290 616 2341 cogeretur
629 2279 719 2326 vita
739 2296 882 2325 carere
902 2295 1032 2342 quam
1048 2276 1148 2323 dedi
1166 2295 1177 2330 ;
1199 2275 1270 2321 sed
1290 2275 1393 2339 quia
1414 2285 1526 2322 terra

146 2367 190 2398 es
206 2387 217 2408 ,
243 2351 289 2398 id
308 2362 399 2408 est,
428 2350 667 2397 secundum
690 2367 863 2396 earnem
889 2366 990 2413 quae
1017 2348 1070 2394 de
1092 2357 1201 2393 terra
1225 2357 1397 2410 sumpta
1426 2357 1488 2392 est
1511 2384 1521 2398 ,

147 2439 236 2470 non
259 2422 500 2470 secundum
527 2439 594 2467 me
610 2459 620 2478 ‚
644 2425 719 2485 qui
741 2421 794 2467 de
816 2432 926 2467 terra
942 2419 1105 2483 sumpsi
1121 2457 1132 2475 ,
1156 2419 1298 2464 vivere
1317 2417 1490 2463 voluisti
1510 2436 1522 2472 ;

146 2494 371 2540 laborabis
391 2493 436 2540 in
461 2503 573 2540 terra
592 2530 603 2550 ,
633 2493 772 2539 donec
803 2491 1027 2538 revertaris
1050 2491 1094 2536 in
1119 2506 1211 2536 eam
1233 2509 1245 2542 ς
1272 2499 1313 2534 et
1336 2487 1432 2534 idco
1452 2505 1524 2534 re-

148 2565 324 2612 verteris
356 2565 400 2611 in
429 2575 584 2612 terram
605 2601 616 2622 ,
651 2565 752 2628 quia
781 2574 891 2610 terra
915 2581 987 2618 es3
1012 2572 1053 2608 ct
1082 2564 1197 2621 justa
1219 2576 1351 2624 poena
1373 2559 1456 2606 ibis
1479 2559 1524 2604 in

198 2649 207 2671 ¹
228 2651 308 2681 Grn.
331 2661 382 2684 ιιι.

1320 2698 1393 2752 δή
