1824 3236
182 298 340 328 opums
377 299 640 329 lMPEnFEcTI
677 297 849 329 CONTRA
888 298 1136 340 summum,
1176 300 1265 330 mn.
1306 300 1364 329 vr.
1414 283 1508 346 459

132 378 277 410 versus
316 380 394 409 nos
436 363 630 426 loquenti
670 363 802 408 verba
843 363 1009 418 fecisti,
1050 364 1161 410 nihil
1192 380 1398 425 magnum
1434 376 1509 412 aut

131 433 307 480 difficile
331 434 414 480 fuit
433 435 477 480 in
495 435 579 480 hac
615 434 788 479 mortali
806 436 919 491 vita,
946 453 1046 499 quae
1070 447 1112 482 et
1134 436 1187 482 de
1204 436 1410 482 felicitate
1423 453 1508 501 pa-

131 504 260 551 radisi
286 506 437 550 merito
469 505 638 568 peccati
670 509 803 565 ejecta
839 517 971 569 atque
993 506 1157 566 dejecta
1184 517 1246 552 est
1265 544 1274 561 ‚
1305 507 1381 553 ista
1408 523 1509 571 quae

132 576 208 621 abs
230 587 271 622 te
294 576 348 622 de
366 576 438 622 illa
457 576 573 622 dicta
599 586 700 622 sunt
723 576 910 630 intueri3
934 588 976 622 et
1002 578 1089 623 sive
1113 588 1162 624 ut
1183 589 1229 623 tu
1246 613 1256 633 ‚
1279 577 1366 624 sive
1394 578 1506 624 ube-

129 647 219 693 rius
255 657 384 710 atque
417 647 664 710 copiosiUS‚
697 658 841 693 tamen
881 648 1029 694 eadem
1064 649 1157 712 ipsa
1193 649 1380 709 garrire,
1408 664 1508 712 quae

129 727 218 764 tam
252 717 476 764 manifesta
499 729 626 777 sunt,
661 729 708 765 ut
740 719 868 765 etiam
898 720 1230 782 Scripturarum
1260 719 1507 766 divinarum

126 788 233 836 locis
251 789 450 853 plurimis
470 789 734 842 lectitentur,
757 791 810 836 de
822 790 1126 855 corruptibilis
1142 791 1337 854 corporis
1351 806 1479 836 onere
1494 827 1504 845 ‚

127 870 170 906 et
185 877 232 907 ex
251 860 326 907 illo
349 860 505 906 animae
527 862 828 922 aggravatione
848 862 1076 908 venientia.
1110 862 1234 908 Unde
1250 873 1293 908 et
1313 861 1358 907 in
1378 864 1511 907 Sanc-

129 931 207 985 tis,
234 931 280 977 in
300 931 434 991 hujus
454 932 556 978 vitae
578 950 712 993 agone
736 933 1006 979 luctantibus
1026 949 1036 978 ε
1061 953 1080 974 <‹
1101 936 1214 978 Caro
1235 931 1510 996 concupiscit

128 1022 150 1044 »
169 1002 374 1048 adversus
391 1002 593 1065 spiritum
609 1041 620 1059 ‚
642 1014 682 1050 et
697 1003 876 1067 spiritus
893 1003 1096 1050 adversus
1111 1002 1314 1049 carnem¹
1334 1020 1345 1048 ι
1366 1023 1386 1044 »
1406 1018 1508 1048 cum

126 1071 321 1135 spiritUS‚
340 1072 453 1117 sicut
471 1075 528 1118 ait
543 1073 871 1133 gloriosissimus
888 1075 1156 1138 Cyprianus,
1171 1073 1363 1120 coelestia
1379 1083 1508 1137 atque

125 1142 272 1189 divina
298 1144 484 1207 quaerit,
515 1161 617 1190 caro
644 1155 811 1191 terrena
848 1156 891 1191 et
924 1145 1149 1192 saecularia
1181 1145 1501 1208 concupiscit2.

127 1214 243 1260 Hinc
268 1224 330 1260 est
358 1213 429 1260 ille
454 1215 706 1272 conflictus,
731 1233 861 1279 quem
887 1227 1148 1262 memoratus
1180 1219 1351 1279 Martyr
1372 1216 1416 1261 in
1446 1214 1504 1260 li-

124 1285 233 1341 bro,
253 1302 384 1350 quem
411 1285 465 1332 de
491 1287 754 1333 mortalitate
779 1288 1062 1351 conscripsit,
1090 1287 1320 1347 diligenter
1348 1297 1390 1332 et
1417 1285 1510 1331 elo-

124 1369 307 1423 quenter
331 1360 546 1424 explicat,
588 1361 736 1407 dicens
775 1362 888 1408 inter
918 1372 1099 1418 caetera,
1137 1360 1257 1424 quod
1294 1360 1421 1405 nobis
1456 1360 1510 1404 sit

125 1446 227 1476 cum
249 1431 498 1477 carnalibus
517 1432 633 1478 vitiis
652 1443 782 1496 atque
799 1431 1014 1479 illecebris
1034 1431 1319 1478 saecularibus
1339 1427 1507 1476 assidua

123 1509 166 1545 et
185 1500 362 1546 molesta
385 1500 584 1548 luctatio.
611 1506 706 1548 Jam
731 1520 831 1548 vero
855 1504 1007 1549 beatus
1031 1503 1270 1562 Gregorius
1299 1500 1388 1545 hoc
1410 1517 1510 1545 ccr-

125 1571 316 1628 tamen-³,
334 1572 451 1635 quod
474 1573 688 1619 habemus
706 1573 749 1619 in
766 1590 950 1637 corpore
971 1574 1124 1618 mortis
1142 1572 1276 1631 hujus
1293 1607 1305 1626 ,
1329 1571 1390 1615 sic
1411 1580 1509 1616 ante

126 1642 276 1688 oculos
299 1644 448 1707 ponit,
472 1655 518 1689 ut
541 1644 686 1690 nullus
704 1645 758 1689 sit
775 1645 907 1704 hujus
927 1644 1075 1704 agonis
1097 1643 1258 1689 athleta
1279 1679 1289 1695 ‚
1317 1641 1392 1704 qui
1421 1657 1508 1686 non

124 1729 167 1758 se
186 1713 232 1759 in
254 1715 398 1760 verbis
414 1719 506 1775 ejus
526 1725 730 1779 tanquam
752 1715 796 1761 in
820 1715 1000 1779 speculo
1019 1723 1314 1774 recognoscat.
1345 1733 1364 1752 «
1390 1713 1509 1756 lutra

124 1784 439 1848 nosmetipsos,
471 1785 638 1849 inquit,
671 1786 859 1849 propriis
894 1786 1009 1831 vitiis
1043 1795 1084 1831 et
1109 1783 1386 1847 passionibus
1421 1781 1509 1826 im-

124 1869 395 1918 pugnamur,
416 1866 460 1901 et
481 1856 551 1901 die
581 1868 801 1920 noctuque
831 1857 975 1916 ignitis
993 1855 1181 1901 stimulis
1202 1852 1401 1917 corporis
1418 1851 1510 1897 hu-

124 1924 320 1972 militatis
338 1926 472 1986 hujus
489 1936 530 1972 et
543 1928 740 1989 corporis
757 1928 907 1973 mortis
918 1942 1124 1987 urgemur
1139 1942 1149 1970 ε
1167 1941 1286 1970 nunc
1306 1923 1504 1977 latenter,

125 2012 245 2042 nunc
273 1997 402 2043 etiam
426 1996 572 2061 palam
596 1998 944 2061 provocantibus
979 1997 1143 2060 ubique
1165 2005 1209 2040 et
1236 1993 1509 2040 irritantibus

126 2081 268 2114 rerum
292 2066 530 2114 visibilium
544 2067 762 2114 illecebris
779 2105 790 2123 ‚
814 2068 908 2114 luto
928 2068 1015 2113 hoc
1035 2066 1155 2113 faecis
1168 2064 1510 2111 cuiinbaesimus

125 2137 244 2183 coeni
265 2137 330 2183 sui
363 2137 563 2184 foetorem
599 2139 718 2184 venis
752 2137 1059 2202 capacioribus
1085 2136 1334 2192 exhalante3
1359 2133 1433 2181 sed
1467 2144 1510 2180 et

125 2207 216 2269 lege
243 2209 436 2272 peccati,
462 2225 562 2272 quae
595 2219 658 2255 est
684 2210 729 2255 iu
765 2209 972 2255 membris
1004 2210 1186 2264 nostris,
1219 2207 1302 2268 legi
1332 2205 1510 2271 spiritus

126 2288 395 2342 repugnante
410 2315 422 2334 ‚
462 2278 570 2325 dum
593 2279 829 2341 imaginem
854 2281 1014 2340 regiam
1050 2295 1151 2343 quae
1174 2278 1289 2324 intra
1316 2293 1395 2323 nos
1416 2284 1479 2322 est
1494 2312 1505 2331 ‚

125 2349 346 2412 captivam
374 2349 533 2396 ducere
550 2351 694 2397 studet
714 2372 725 2405 ;
753 2362 802 2397 ut
825 2351 974 2415 spoliis
997 2354 1089 2411 ejus
1113 2349 1264 2403 cedat,
1289 2346 1507 2412 quidquid

127 2418 238 2465 illud
271 2429 358 2474 est,
380 2420 501 2484 quod
525 2421 569 2466 in
595 2438 677 2467 nos
699 2422 911 2468 beneficio
931 2421 1094 2467 divinae
1129 2437 1180 2466 ac
1203 2419 1361 2483 primae
1396 2417 1511 2464 illius

128 2489 392 2536 conditionis
414 2490 600 2539 influxit.
626 2513 647 2535 »
673 2492 783 2545 Haec
802 2492 934 2539 verba
952 2490 1143 2538 hominis
1176 2489 1282 2546 Dei,
1304 2499 1348 2535 et
1370 2488 1416 2536 in
1439 2505 1510 2535 se-

179 2589 188 2611 ¹
208 2590 317 2623 Galat.
339 2603 369 2628 v,
396 2602 452 2630 17.
474 2609 510 2616 -
542 2590 556 2613 ²
580 2593 678 2635 Cypr.
691 2593 736 2638 *515
748 2593 904 2633 =*oratione
929 2595 1022 2624 Dom-
1048 2608 1093 2616 -——
1114 2588 1128 2616 3
1151 2593 1286 2633 Gregor·
1307 2588 1458 2622 Nazianz.
1476 2589 1508 2619 iu

129 2646 255 2689 apolog.
279 2658 307 2680 ι.
328 2646 435 2683 desua
450 2647 536 2695 sugal-
626 2645 629 2648 ’
