1863 3262
185 286 341 318 OPERIS
376 283 640 318 IMPERFE'CTI
677 285 851 316 CONTRA
885 285 1130 326 JULIANUM,
1169 285 1256 317 LIB.
1298 285 1359 316 lv.
1417 282 1498 331 191

133 351 318 398 libidine
351 351 506 398 bestias
541 349 796 396 hominibus
836 367 1119 416 comparare,
1154 351 1233 397 nisi
1264 350 1391 396 etiam
1413 348 1510 395 illos

133 422 300 486 primos
340 432 538 486 parentes
569 421 732 481 generis
756 421 937 469 humani
968 432 1174 485 tanquam
1207 419 1512 485 corruptibilia

135 503 326 553 gerentes
344 508 529 556 corpora
547 528 557 546 ‚
585 491 854 537 etiamsinon
874 501 1149 555 peccassent,
1174 491 1366 537 crederes
1382 491 1511 537 fuisse

135 564 401 609 morituros?
441 562 503 609 Ac
526 561 614 608 hoc
640 562 685 607 in
710 561 884 608 haeresis
913 571 1064 608 vestrae
1099 579 1241 607 errore
1265 562 1429 608 novitio
1453 561 1512 606 sic

96 678 104 685 ,
136 632 354 679 catholica
375 631 556 678 damnat
580 629 770 677 Ecclesia
790 669 801 688 ‚
830 643 877 678 ut
906 631 1105 692 Pelagius
1138 633 1345 696 princeps
1376 642 1513 677 vester

134 702 181 748 id
203 703 286 748 sibi
315 703 428 748 inter
452 713 607 749 caetera
636 702 858 761 objectum
884 702 1003 766 apud
1025 703 1357 766 quatuordecim
1384 701 1514 767 Episa

136 789 271 837 copos
292 770 520 820 orientales
534 773 552 803 1
569 811 579 830 ‚
609 791 631 821 a
649 774 809 839 quibus
832 770 1060 833 judicibus
1080 773 1356 829 audiebatur,
1384 773 1515 818 dam-

135 845 322 890 nationis
343 861 432 890 suae
457 845 608 890 timore
643 843 882 891 damnaret.
917 845 968 889 ln
1007 861 1095 908 quo
1115 843 1287 904 judicio
1319 841 1516 906 profecto

137 915 267 960 etiam
291 924 340 960 tu
363 915 454 978 ipse
477 913 709 961 damnatus
731 932 772 961 es
788 952 798 971 ,
826 916 903 980 qui
931 914 1039 960 dicis
1072 914 1212 960 Adam
1249 915 1308 960 ita
1329 913 1514 973 factum,

136 995 187 1031 ut
223 985 310 1031 sive
346 996 547 1048 peccaret
574 1023 584 1042 ‚
609 987 696 1031 sive
730 1003 818 1031 non
840 995 1042 1050 peccaret
1064 1022 1075 1040 ‚
1117 985 1354 1031 moriturus
1376 994 1513 1029 esset:

138 1054 442 1102 contradicens
478 1055 685 1119 Apostolo
722 1055 914 1113 dicenti,
956 1077 976 1098 (ε
997 1056 1171 1120 Corpus
1210 1066 1431 1102 mortuum
1456 1065 1518 1100 est

138 1147 161 1169 2>
179 1137 361 1190 propter
382 1137 614 1189 peccatum
633 1126 666 1173 ².
697 1147 717 1168 »

204 1200 339 1243 Porro
376 1197 410 1243 si
446 1214 536 1243 non
570 1196 847 1261 praecedente
879 1207 1063 1261 peccato
1087 1196 1298 1242 moritura
1321 1195 1395 1241 illa
1432 1212 1522 1241 non

140 1279 263 1315 erant
282 1284 467 1331 corpora
484 1305 495 1324 ‚
521 1269 674 1332 utique
698 1284 778 1314 nec
804 1267 1110 1331 corruptibilia
1129 1277 1274 1322 erant,
1301 1283 1356 1311 ne
1375 1267 1523 1311 beatas

141 1339 305 1385 animas
333 1337 428 1384 illas
463 1348 769 1398 aggravarent:
799 1338 1014 1402 «Corpus
1049 1337 1164 1382 enirn
1200 1335 1487 1399 corruptibile
1509 1373 1519 1390 ‚

138 1429 160 1452 ι)
187 1409 299 1455 sicut
328 1408 540 1472 scriptum
564 1417 650 1463 est,
687 1417 891 1468 aggravat
921 1408 1108 1453 animam
1126 1406 1159 1453 3.
1180 1428 1199 1447 »
1221 1407 1283 1452 Ac
1306 1424 1385 1470 per
1408 1405 1520 1463 boc,

141 1477 514 1542 quemadmodum
533 1495 648 1524 mors
670 1489 799 1542 atque
822 1478 1050 1542 corruptio
1073 1476 1276 1522 belluinis
1298 1476 1522 1522 humanis-

140 1565 226 1613 que
242 1549 504 1613 corporibus
523 1550 669 1612 potuit
689 1565 777 1595 non
797 1564 883 1595 esse
902 1548 1167 1603 communis,
1192 1547 1390 1611 quamvis
1406 1562 1526 1592 com·

141 1619 363 1666 munis'eis
378 1630 487 1665 esset
502 1629 669 1665 terrena
700 1619 896 1665 materies
919 1637 929 1664 ε
958 1620 1018 1665 ita
1043 1618 1191 1683 potuit
1217 1635 1296 1664 nec
1334 1617 1380 1663 in
1413 1632 1524 1681 pro-

142 1690 354 1754 pagandis
379 1690 479 1736 filiis
512 1690 572 1736 eis
597 1704 683 1736 esse
709 1690 849 1736 libido
878 1689 1127 1736 communis
1149 1710 1160 1743 ;
1194 1688 1266 1734 sed
1304 1699 1378 1734 aut
1402 1687 1524 1733 'nulla

141 1763 189 1806 in
212 1760 485 1817 hominibus,
507 1771 558 1807 ut
581 1760 954 1825 quemadmodum
974 1760 1070 1806 aliis
1088 1760 1295 1805 membris
1315 1758 1370 1804 ad
1390 1774 1526 1822 opera

143 1847 364 1892 congrua,
398 1832 460 1878 sic
495 1832 548 1878 ad
574 1843 684 1899 opus
719 1832 953 1893 generandi
986 1831 1210 1878 voluntate
1241 1830 1371 1876 motis
1397 1830 1528 1875 etiam

147 1901 410 1963 genitalibus
434 1913 662 1949 uterentur
681 1924 694 1958 ;
721 1914 794 1949 aut
817 1921 905 1949 non
931 1903 1027 1949 talis
1046 1902 1186 1966 qualis
1204 1901 1250 1947 in
1273 1900 1437 1956 bestiis,
1458 1898 1533 1944 sed

135 1971 202 2018 'ad
224 1983 380 2019 nutum
407 1973 592 2019 serviens
611 2011 622 2030 ‚
657 1984 700 2019 et
732 1980 958 2037 nunquam
992 1983 1178 2018 ‘mentem
1204 1990 1227 2017 a
1253 1969 1528 2031 cogitationis

131 2040 318 2105 vigilia,
358 2052 439 2106 nec
475 2043 570 2106 ipsa
607 2054 829 2107 postremo
862 2043 1089 2158 voluptate
1120 2042 1354 2106 deponens.
1401 2038 1529 2086 Nunc

136 2112 588 2181 ‘autem‘pr'aecedente
613 2126 794 2178 peccato
812 2151 822 2169 ‚
851 2130 938 2178 quo
980 2117 1160 2159 ium'ana
1181 2109 1226 2158 in
1252 2112 1438 2158 deterius
1456 2125 1531 2156 na-

134 2186 243 2241 ,tura
258 2185 436 2230 ‘mutata
450 2195 536 2241 est,
561 2184 678 2231 facta
694 2196 795 2231 sunt
819 2184 856 2230 ei
884 2184 1096 2248 poenalia,
1120 2200 1220 2248 quae
1243 2194 1343 2230 sunt
1360 2194 1530 2228 naturae

147 2256 318 2319 pecoris
335 2260 527 2315 congrua
559 2273 570 2301 :
600 2255 672 2302 sed
702 2256 748 2301 in
767 2254 854 2301 hoc
877 2255 1010 2312 malo,
1035 2269 1123 2318 quo
1142 2270 1243 2300 caro
1260 2253 1535 2317 concupiscit

149 2325 356 2372 adversus
381 2326 583 2389 spiritum
605 2363 615 2380 ‚
638 2329 778 2386 major
802 2326 982 2389 pudoris
1007 2336 1069 2370 est
1094 2341 1220 2370 causa
1239 2362 1250 2381 ,
1282 2323 1402 2389 quod
1424 2324 1538 2369 inter

149 2395 238 2442 duo
262 2433 274 2451 ,
300 2410 490 2460 quorum
525 2395 580 2441 ad
603 2406 796 2441 nostram
822 2395 1012 2459 pertinet
1040 2405 1276 2458 utrumque
1297 2405 1500 2440 naturam
1523 2429 1533 2447 ‚

153 2475 198 2512 et
219 2481 409 2530 quorum
427 2465 642 2529 imperare
663 2483 818 2523 unum,
843 2466 998 2513 servire
1021 2465 1204 2512 alterum
1223 2464 1370 2522 debet,
1387 2474 1536 2513 exorta

200 2565 211 2588 ¹
232 2564 303 2597 Lib.
320 2561 359 2597 de
375 2562 484 2598 Gestis
509 2563 616 2606 Petag.
634 2572 708 2608 cap.
728 2576 740 2595 1
753 2576 780 2604 1,
797 2558 841 2596 ‘33
857 2570 889 2597 et
907 2556 961 2597 35.
981 2582 1024 2588 ——
1044 2561 1060 2586 ²
1076 2566 1172 2598 Rom.
1190 2575 1269 2603 vx11,
1293 2575 1348 2599 ιο.
1368 2582 1410 2589 --
1427 2562 1442 2587 3
1459 2567 1533 2608 Sap.

154 2628 210 2658 ιχ,
233 2619 286 2650 15.
