1863 3262
304 262 390 324 196
709 270 743 301 s.
787 269 1031 301 Aucusrml
1068 269 1269 301 Emscori

298 343 410 388 Cum
433 357 533 401 ergo
553 337 811 384 auctoritate
828 337 976 383 talium
1002 335 1346 381 testimoniorum
1373 344 1415 380 et
1432 334 1676 397 perspicuae

296 411 476 458 rationis
501 425 672 455 eversus
705 406 868 462 fuisset,
891 407 1147 466 excogitavit
1172 405 1289 450 aliud
1322 404 1438 450 unde
1467 408 1556 464 ejus
1578 404 1675 449 hae-

291 483 409 538 resis‚
432 496 533 544 quae
568 477 778 542 perdurat
802 477 1031 529 hactenus,
1061 487 1304 521 nasceretur
1324 495 1334 529 3
1356 486 1398 520 et
1419 474 1542 530 dixit,
1578 474 1676 520 ani-

295 570 414 599 mam
436 550 615 615 quidem
644 549 883 594 humanam
916 548 960 593 in
983 547 1159 592 Christo
1184 546 1330 602 fuisse,
1361 545 1434 592 sed
1466 562 1609 591 sensus
1632 545 1678 590 in

299 640 349 669 eo
373 621 570 685 corporis
594 636 682 664 non
708 618 853 674 fuisse,
883 629 1011 681 atque
1030 617 1339 680 impassibilem
1360 634 1457 663 eum
1475 632 1676 680 pronun-

294 694 419 740 tiavit
432 690 639 738 universis
655 689 836 735 extitisse
859 689 1062 752 peccatis.

363 765 477 810 AUG.
511 762 683 807 Sanctae
703 760 922 804 memoriae
943 760 1133 822 Cyprius
1149 759 1382 822 episeopus
1400 756 1679 821 Epiphanius

297 836 343 881 in
360 832 573 898 opusculo
590 829 711 894 quod
740 829 793 875 de
819 830 1061 874 haeresihus
1090 830 1244 884 edidit,
1267 827 1680 892 dixitApollinaris-

298 916 439 951 tarum
455 902 666 967 quosdam
691 901 735 946 in
752 900 939 945 Domino
965 901 1064 945 Jesu
1082 901 1258 946 Christo
1277 900 1495 946 divinitati
1522 914 1682 961 corpus

299 971 670 1022 consubstantiale
686 971 836 1016 dixisse
853 991 863 1024 3
884 971 986 1016 alios
1002 981 1143 1016 autem
1161 988 1332 1030 negasse
1351 970 1471 1033 quod
1494 969 1681 1014 animam

299 1043 529 1107 sumpserit
545 1062 556 1095 ;
577 1041 682 1087 alios
696 1050 876 1104 propter
894 1041 1012 1103 quod
1029 1041 1197 1086 dictum
1212 1051 1288 1096 est,
1309 1062 1329 1081 α
1344 1041 1537 1087 Verbum
1558 1055 1678 1091 caro,

294 1135 316 1158 ›>
333 1113 499 1160 factum
521 1112 554 1169 ¹,
579 1135 598 1153 »
622 1110 911 1164 contendisse,
938 1128 1027 1156 non
1052 1128 1152 1157 eum
1177 1128 1353 1157 carnem
1378 1110 1607 1173 sumpsisse
1629 1109 1682 1154 de

299 1195 599 1239 creatacarne‚
620 1181 666 1227 id
685 1192 764 1237 est,
789 1182 957 1237 Mariae,
986 1182 1058 1227 sed
1073 1182 1265 1228 Verbum
1288 1199 1460 1228 carnem
1481 1181 1646 1227 factum
1669 1199 1680 1233 3

302 1268 451 1321 postea
466 1272 567 1301 vero
581 1253 725 1299 nescio
745 1253 850 1315 quid
872 1253 1112 1313 cogitantes
1133 1253 1284 1299 dixisse
1297 1253 1416 1317 quod
1432 1270 1517 1298 non
1539 1269 1685 1314 sump-

301 1327 399 1374 serit
422 1335 624 1384 mentem.
656 1323 790 1379 Quod
810 1340 910 1382 ergo
930 1323 1114 1369 affirmas
1152 1324 1482 1386 Apollinaristas
1518 1338 1684 1367 asseve-

298 1415 412 1444 rasse
436 1397 481 1442 in
500 1396 675 1440 Christo
700 1411 845 1439 sensus
870 1395 1066 1456 corporis
1085 1412 1174 1439 non
1192 1393 1341 1450 fuisse,
1375 1409 1564 1455 eumque
1589 1391 1685 1437 illos

299 1466 602 1532 pronuntiasse
626 1463 968 1526 impassibilem:
991 1481 1069 1509 nec
1099 1465 1267 1528 uspiam
1286 1464 1387 1523 legi,
1410 1464 1490 1509 nisi
1514 1463 1560 1508 in
1600 1462 1686 1508 hoc

298 1540 415 1586 libro
439 1549 531 1592 tuo,
552 1551 630 1581 nec
650 1534 887 1598 aliquando
914 1535 969 1579 ab
994 1535 1141 1598 aliquo
1168 1535 1332 1582 audivi.
1365 1535 1449 1580 Sed
1478 1534 1687 1597 quoniam

304 1609 429 1657 video
456 1619 495 1653 te
518 1623 712 1670 quaerere
752 1605 832 1650 ubi
861 1605 1079 1668 expandas
1105 1605 1354 1668 vaniloquia
1378 1616 1470 1661 tua,
1491 1614 1542 1650 ut
1585 1621 1687 1649 cum

303 1680 358 1726 sis
382 1679 619 1732 verbOSUS‚
659 1675 843 1721 videaris
884 1692 970 1721 esse
1005 1677 1232 1738 copiosus,
1266 1676 1353 1720 cito
1404 1674 1644 1738 respondeo
1672 1691 1684 1718 ε

303 1749 512 1812 Quisquis
537 1746 676 1793 credit
697 1745 765 1792 vel
784 1745 857 1790 illa
895 1763 995 1809 quae
1034 1746 1368 1809 Apollinaristas
1393 1745 1536 1791 dicere
1556 1762 1688 1808 supra

301 1817 659 1872 commemoravi,
683 1816 750 1862 vel
766 1833 852 1861 non
882 1816 1088 1862 habuisse
1110 1817 1337 1862 Christum
1368 1816 1564 1879 corporis
1587 1833 1687 1861 sen-

305 1909 392 1947 sus,
420 1901 548 1953 atque
574 1886 886 1950 impassibilem
911 1886 1056 1942 fuisse,
1086 1887 1318 1932 anathema
1343 1887 1410 1933 sit.
1442 1888 1500 1932 Ut
1522 1903 1624 1931 vero
1648 1896 1689 1931 te

302 1978 478 2026 quoque
496 1959 633 2024 possis
657 1974 910 2017 agnoscere:
933 1957 1142 2021 Quisquis
1170 1958 1309 2003 credit
1330 1975 1504 2003 carnem
1524 1957 1690 2002 Christi

307 2043 460 2079 contra
487 2030 688 2093 spiritum
711 2028 982 2090 concupisse,
1009 2028 1241 2073 anathema
1260 2030 1327 2074 sit.

372 2101 577 2147 XLVHI.
602 2103 697 2143 JUL.
726 2118 745 2137 α
761 2099 856 2142 Non
872 2098 949 2160 qui
970 2097 1127 2142 virtute
1141 2097 1301 2156 Judieii
1315 2098 1471 2142 delicta
1486 2097 1658 2142 vitasset
1674 2115 1685 2149 ;

310 2172 381 2218 sed
402 2171 479 2234 qui
512 2169 716 2214 felicitate
746 2167 887 2212 carnis
907 2185 929 2211 a
952 2168 1108 2212 nostris
1147 2167 1342 2212 sensibus
1382 2177 1685 2230 sequestratae,

309 2242 597 2306 cupiditatem
624 2238 830 2282 vitiorum
847 2236 998 2281 sentire
1018 2237 1291 2299 nequivisset.
1314 2260 1333 2278 η

377 2316 486 2359 Am.
512 2311 609 2355 Non
635 2308 821 2353 dicimus
845 2324 951 2352 nos:
983 2328 1003 2348 <‹
1028 2308 1255 2352 Christum
1271 2307 1475 2353 felicitate
1501 2308 1642 2354 carnis
1666 2325 1690 2353 a

308 2383 465 2430 nostris
504 2379 698 2425 sensibus
723 2388 1019 2441 sequestratae,
1050 2378 1336 2441 cupiditatem
1358 2378 1565 2423 vitiorum
1591 2394 1690 2422 sen-

307 2456 388 2500 tire
404 2470 492 2499 non
509 2449 700 2514 potuisse
721 2466 731 2493 t
754 2470 770 2489 »
796 2447 880 2493 Sed
905 2448 1109 2501 dicimus,
1132 2465 1228 2494 eum
1260 2448 1525 2512 perfectione
1546 2448 1686 2493 virtu-

307 2526 379 2583 tis,
400 2535 442 2570 et
463 2539 553 2569 non
592 2537 669 2584 per
694 2519 836 2566 carnis
867 2521 1272 2584 concupiscentiam
1296 2529 1524 2584 procreata
1541 2535 1686 2574 carne,

354 2610 366 2632 ¹
387 2610 485 2641 Joan.
510 2617 540 2649 1,
565 2610 617 2641 ¹4·
