1824 3236
263 244 355 290 586
683 259 718 288 5.
763 258 1006 289 Aucus'rml
1042 259 1245 289 Eriscom

265 326 321 370 Et
342 323 440 371 illos
465 341 565 385 ergo
594 324 671 388 qui
696 323 854 370 dicunt
871 342 882 368 ι
902 326 1000 370 Non
1025 342 1104 388 per
1129 324 1355 371 Christum
1387 325 1468 372 erit
1499 343 1642 372 resur-

263 396 398 442 rectio
429 406 727 451 mortuorum,
767 406 809 441 et
844 396 946 441 istos
981 397 1056 460 qui
1100 407 1292 442 asserunt
1332 414 1456 459 aeque
1493 408 1645 443 contra

266 467 550 531 Apostolum,
584 484 673 512 non
701 478 862 513 nostrae
885 479 1053 514 naturae
1081 484 1241 531 corpus
1265 467 1469 514 habuisse
1497 468 1646 515 Chris-

263 549 357 584 tum
376 575 386 595 ,
414 555 493 601 per
516 538 638 601 quod
673 538 1020 585 Manichaeorum
1047 539 1153 584 scita
1180 550 1467 594 venerantum
1493 540 1645 586 eodem

264 620 305 655 et
322 609 399 674 qui
415 609 499 669 legi
521 609 599 654 Dei
620 620 831 669 congruat
845 610 991 670 vigore
1011 609 1283 656 damnamus,
1302 632 1322 652 »

331 683 446 728 AUG.
489 681 581 741 Ego
601 698 827 744 nunquam
847 682 935 727 dixi
951 699 1045 727 eam
1066 681 1225 742 legem,
1254 699 1354 745 quae
1377 682 1421 727 in
1443 681 1646 745 paradiso

265 753 368 799 data
391 762 477 808 est,
505 752 760 815 Apostolum
788 753 1070 812 significasse,
1101 753 1180 798 ubi
1208 754 1296 808 ait,
1323 753 1462 799 virtus
1477 753 1648 816 peccati

262 824 342 870 lex.
370 823 546 868 Frustra
565 839 666 882 ergo
686 822 890 868 adversus
909 840 1001 879 me,
1023 834 1230 887 tanquam
1250 824 1339 869 hoc
1364 823 1542 869 dixerim
1559 861 1570 879 ,
1598 834 1647 869 tu

263 894 401 940 multa
436 893 594 940 dixisti.
625 893 842 939 Virtutem
875 911 1065 957 namque
1101 894 1300 957 peccati,
1335 898 1430 954 jam
1468 893 1647 957 quidem

262 964 501 1020 existentis,
528 963 603 1009 sed
628 964 769 1010 minus
789 965 1031 1027 operantis,
1054 982 1147 1011 eam
1172 964 1307 1024 legem
1327 981 1497 1027 semper
1514 963 1648 1008 intel-

263 1035 369 1091 lexi,
396 1034 449 1080 de
472 1051 561 1098 qua
579 1034 695 1080 idem
719 1035 955 1099 Apostolus
978 1053 989 1081 ε
1012 1056 1031 1077 α
1053 1035 1175 1092 Quid
1198 1052 1298 1096 ergo
1321 1035 1542 1081 dicemus?
1577 1035 1645 1080 in-

265 1127 286 1147 »
316 1106 441 1169 quit,
485 1107 573 1152 Lex
596 1117 828 1169 peccatum
855 1110 949 1152 est?
976 1107 1103 1152 Absit
1136 1124 1147 1151 ι
1179 1106 1252 1152 sed
1293 1116 1528 1169 peccatum
1558 1121 1649 1150 non

264 1198 285 1219 »
307 1178 518 1237 cognovi,
549 1177 632 1222 nisi
649 1194 724 1240 per
751 1177 903 1238 legem.
927 1178 1040 1223 Nam
1064 1177 1467 1240 concupiscentiam
1490 1178 1650 1221 nescie-

263 1269 284 1289 >›
307 1247 437 1301 bam,
462 1247 544 1293 nisi
578 1246 642 1293 lex
666 1247 831 1293 diceret
863 1265 874 1293 ι
909 1248 1006 1293 ΜΠ
1042 1246 1374 1310 concupisces&
1406 1246 1648 1292 Occasione

261 1329 438 1365 »autem
457 1329 635 1382 accepta
655 1356 665 1374 ,
689 1330 922 1382 peccatum
942 1336 1021 1382 per
1047 1318 1306 1364 mandatum
1333 1330 1561 1381 operatum
1586 1327 1648 1362 est

264 1391 419 1435 »inme
431 1407 602 1435 0111116111
616 1390 1064 1453 concupiscentiam.»
1082 1393 1195 1435 Ε666
1205 1389 1428 1453 quomodo
1440 1400 1501 1434 est
1512 1389 1648 1434 virtus

262 1461 433 1524 peccati
463 1460 526 1505 lex
553 1478 564 1505 ι
586 1460 730 1506 minus
755 1461 869 1506 enim
894 1461 1163 1524 operabatur
1187 1471 1417 1523 peccatum
1434 1496 1444 1515 ‚
1469 1458 1648 1522 quando

262 1532 670 1595 praevaricationem
694 1531 891 1578 nondum
918 1533 1206 1596 operabatur,
1233 1531 1336 1596 quia
1360 1530 1424 1576 lex
1449 1529 1645 1576 nondum

261 1603 364 1649 data
384 1614 505 1649 erat:
530 1625 550 1644 α
570 1604 657 1649 Ubi
685 1605 798 1649 enim
825 1605 888 1650 lex
910 1622 999 1650 non
1033 1614 1117 1659 est,
1141 1621 1220 1649 nec
1243 1602 1597 1666 praevaricatio2.
1627 1623 1646 1642 >³

262 1675 472 1720 Nondum
511 1691 612 1734 crgo
657 1686 748 1720 erat
791 1675 929 1720 omnis
975 1674 1328 1738 concupiscentia
1354 1711 1363 1729 ,
1413 1684 1647 1737 antequam

260 1745 564 1809 prohibitione
586 1746 648 1793 sic
670 1757 903 1801 cresceret,
930 1757 1106 1809 tamque
1126 1745 1248 1791 fortis
1269 1746 1387 1790 ficret
1403 1782 1413 1799 ,
1439 1755 1487 1789 ut
1510 1745 1645 1807 ipsius

262 1818 580 1881 prohibitionis
595 1855 606 1874 ,
628 1835 715 1882 qua
736 1830 947 1875 creverat,
971 1818 1198 1864 vinculum
1220 1827 1458 1880 rumperet.
1490 1817 1586 1862 Hoc
1605 1828 1647 1862 et

262 1902 303 1936 tc
330 1891 472 1953 ipsum
489 1890 596 1935 scire
619 1892 868 1936 monstrasti
893 1929 903 1946 ‚
928 1891 1065 1936 multa
1081 1891 1125 1935 in
1148 1890 1264 1935 hanc
1283 1889 1538 1934 sententiam
1554 1888 1646 1933 dis-

261 1960 440 2007 serendo
463 1962 696 2025 :quamvis
724 1973 771 2007 ut
794 1962 883 2007 hoc
920 1961 1163 2007 ostenderes
1183 1997 1193 2014 ,
1231 1960 1314 2005 alia
1346 1960 1491 2022 potius
1521 1958 1645 2004 adhi-

261 2031 397 2077 buisti
417 2031 660 2076 testimonia
683 2032 925 2095 apostolica
942 2068 953 2087 ,
978 2049 1065 2077 non
1084 2031 1171 2076 hoc
1188 2046 1277 2094 quo
1299 2046 1376 2089 ego
1402 2046 1518 2074 nunc
1546 2046 1646 2074 usus

264 2119 386 2155 sum3
422 2101 600 2147 fortasse
633 2101 755 2159 ideo,
784 2120 836 2148 ne
867 2113 1099 2166 peccatum
1127 2119 1213 2147 esse
1242 2100 1643 2163 concupiscentiam

260 2174 463 2220 fatereris.
512 2175 792 2237 Apertissime
832 2176 999 2238 quippe
1039 2174 1159 2220 illam
1201 2172 1518 2218 demonstravit
1558 2188 1644 2216 6556

260 2256 487 2309 peccatum
503 2282 513 2299 ,
552 2245 628 2308 qui
652 2246 784 2303 dixit,
820 2246 940 2309 quod
967 2244 1305 2292 commemoravi
1326 2262 1337 2288 :
1365 2265 1384 2284 α
1409 2245 1642 2288 Peccatum

261 2338 280 2358 »
306 2333 394 2361 non
424 2316 634 2375 cognovi,
668 2317 748 2362 nisi
781 2334 859 2380 per
887 2317 1036 2377 legem.
1064 2339 1084 2358 Y)
1114 2316 1168 2360 Et
1200 2315 1320 2360 velut
1351 2331 1645 2377 quaereremus

257 2387 377 2452 quod
404 2398 636 2451 peccatum
666 2405 676 2432 ε
706 2409 723 2428 «
749 2390 858 2434 Nam
888 2386 1312 2451 concupiscentiam,
1348 2386 1517 2450 inquit,
1542 2403 1643 2432 nes-

258 2481 278 2502 »
302 2460 472 2505 ciebam
487 2496 497 2516 ,
527 2459 608 2505 nisi
635 2458 700 2505 lex
722 2459 886 2505 diceret
910 2477 920 2504 z
950 2462 1052 2506 Non
1070 2459 1368 2522 concupisces.
1395 2478 1414 2500 n
1437 2458 1544 2503 Ilaec
1566 2459 1642 2517 igi-

254 2542 325 2577 tur
345 2531 705 2595 concupiscentia
721 2568 731 2585 ‚
768 2532 917 2595 utique
940 2530 1055 2577 mala
1072 2566 1083 2587 ,
1120 2547 1208 2595 qua
1236 2541 1339 2577 caro
1362 2530 1640 2592 concupiscit

298 2615 307 2637 ¹
331 2617 426 2647 Rom.
445 2624 504 2655 vu,
523 2623 554 2653 7,
573 2614 604 2645 8.
624 2631 669 2637 —-
688 2612 703 2637 ²
718 2614 763 2646 Id.
779 2625 824 2647 ιν,
847 2616 898 2652 15,
