1824 3236
282 284 373 330 558
690 299 724 330 s,
770 298 1013 329 AUGUSTINI
1048 298 1251 329 rwrscopt

279 364 501 410 culiariter
521 364 774 417 resurrexit3
806 363 1004 410 homines
1031 375 1198 420 autem,
1233 364 1336 427 quia
1361 365 1453 410 nati
1480 376 1578 411 sunt
1608 365 1662 410 de

280 436 585 482 commixtione
600 435 819 481 diabolica
840 473 850 490 ‚
882 452 969 481 non
993 446 1236 497 resurgunt.
1265 437 1424 483 Verum
1458 436 1528 482 ille
1551 453 1663 500 pro-

277 508 393 553 tinus
417 506 609 563 referret,
634 516 676 552 et
694 524 794 570 quae
816 505 900 552 fuit
922 507 1177 567 resurgendi
1195 507 1362 554 vanitas
1386 544 1398 564 ‚
1424 507 1457 553 si
1476 524 1556 553 nec
1573 507 1662 571 spei

279 590 438 625 nostrae
458 596 536 624 nec
562 577 809 638 magisterio
842 579 1114 641 parabatur?
1150 579 1263 635 Quae
1285 579 1399 625 enim
1424 589 1528 625 esset
1551 579 1662 625 ratio

279 650 484 706 docendi,
510 667 609 713 quae
636 650 822 710 gravitas
847 649 1061 712 exempli,
1087 649 1121 693 si
1145 659 1301 695 natura
1319 650 1361 695 in
1385 650 1512 695 nobis
1536 649 1664 695 dissi-

280 722 410 776 milis,
428 730 470 766 et
495 737 570 783 spe
593 719 906 780 conregnandi,
927 730 969 764 et
998 719 1040 765 vi
1060 730 1225 764 careret
1248 719 1480 766 imitandi?
1504 721 1664 767 Procul

280 794 437 853 igitur,
475 802 518 838 et
556 791 683 837 nimis
717 788 875 854 procul
900 788 1006 836 fides
1031 790 1231 854 Apostoli
1264 791 1321 836 ab
1351 791 1435 837 hac
1460 793 1664 855 opinione

280 865 489 910 consistit.
522 862 687 908 Eodem
712 862 866 925 plenus
892 861 1049 925 spiritu
1066 900 1076 917 ‚
1098 878 1188 925 quo
1212 862 1341 907 etiam
1367 864 1550 919 Petrus,
1586 863 1665 908 scit

281 936 508 981 Christum
536 950 616 996 pro
641 933 769 978 nobis
803 932 861 977 ol)
887 932 973 977 hoc
1001 942 1242 989 mortuum,
1270 943 1318 978 ut
1341 933 1467 979 nobis
1484 933 1667 979 donaret

280 1004 525 1068 exemplum
543 1040 553 1059 ‚
583 1014 632 1048 ut
649 1019 925 1066 sequeremur
946 1003 1119 1063 vestigia
1138 1003 1273 1063 ejus1.
1304 1006 1357 1050 Et
1373 1004 1473 1068 quia
1488 1016 1665 1050 causam

280 1077 391 1123 tanti
424 1075 649 1139 mysterii,
690 1074 958 1122 sacrificium
986 1075 1111 1121 novit
1145 1086 1187 1120 et
1224 1074 1470 1139 exemplum
1504 1076 1661 1131 fuisse,

281 1148 565 1212 pronuntiare
587 1162 674 1191 non
711 1144 915 1199 dubitat,
940 1146 1028 1192 imo
1058 1145 1286 1206 diligenter
1314 1147 1508 1193 inculcat
1525 1184 1536 1204 ,
1562 1146 1666 1211 quia

281 1237 370 1265 non
390 1218 614 1265 accesserit
648 1217 782 1262 homo
821 1216 1024 1262 Christus
1056 1216 1230 1281 aliquo,
1261 1235 1284 1263 a
1313 1235 1400 1281 quo
1434 1218 1666 1282 quisquam

282 1302 478 1337 nostrum
500 1301 668 1335 naturae
695 1304 784 1334 suae
805 1288 1078 1351 praejudiciis
1100 1299 1310 1336 arceatur.
1347 1311 1361 1329 «
1385 1289 1432 1335 Si
1453 1326 1465 1346 ,
1493 1290 1635 1352 inquit
1651 1325 1662 1345 ‚

281 1387 300 1404 »
322 1361 578 1408 resurrectio
598 1377 685 1406 non
709 1371 772 1405 est
788 1370 1063 1405 mortuorum
1083 1398 1093 1416 ‚
1121 1374 1261 1424 neque
1283 1360 1486 1407 Christus
1517 1372 1665 1407 resur-

282 1456 302 1476 »
321 1434 441 1479 rexit.
466 1432 512 1478 Si
530 1441 675 1476 autem
692 1430 894 1476 Christus
911 1447 958 1475 ex
980 1430 1163 1476 mortuis
1184 1431 1426 1489 resurrexit,
1443 1430 1666 1495 quomodo

282 1526 303 1547 »
322 1504 477 1550 dieunt
499 1502 679 1567 quidam
719 1502 762 1548 in
796 1501 948 1557 vobis,
977 1501 1079 1564 quia
1112 1502 1369 1547 resurrectio
1394 1512 1666 1548 mortuorum

283 1597 303 1618 η
325 1593 415 1621 non
437 1574 543 1621 esth,
567 1595 586 1615 >2
612 1572 664 1618 Id
685 1583 763 1628 est,
791 1572 826 1617 si
845 1571 1116 1617 confitemini
1140 1571 1332 1631 ejusdem
1356 1571 1481 1618 illum
1509 1587 1666 1618 secun-

281 1646 390 1692 dum
415 1646 638 1691 hominem
661 1680 672 1700 ,
711 1647 836 1702 cujus
872 1660 949 1688 nos
969 1679 979 1698 ‚
1007 1642 1137 1689 fuisse
1160 1653 1331 1689 naturae
1350 1681 1360 1700 ‚
1384 1660 1471 1707 qua
1498 1644 1665 1689 ratione

280 1717 348 1763 vel
368 1718 410 1762 in
436 1716 508 1761 illo
530 1715 690 1760 factam
718 1714 1096 1769 resurrectionem,
1120 1713 1188 1760 vel
1212 1714 1258 1759 in
1282 1714 1459 1779 reliquis
1477 1732 1566 1760 non
1593 1713 1665 1760 fu-

283 1800 428 1833 turam
452 1786 650 1850 putatis?
673 1785 912 1831 Praemissis
939 1784 1285 1841 conditionibus,
1313 1785 1466 1849 implet
1485 1803 1531 1831 ex
1549 1785 1669 1831 omni

281 1869 406 1922 parte
434 1857 680 1903 sententia:
721 1856 848 1900 Nunc
889 1865 1032 1900 autem
1051 1892 1063 1912 ,
1096 1855 1262 1918 inquit,
1292 1855 1493 1902 Christus
1525 1870 1670 1902 resur-

284 1932 390 1976 rexit
412 1947 459 1976 ex
483 1928 667 1974 mortuis
689 1944 699 1972 ε
730 1927 812 1972 erit
838 1943 938 1986 ergo
963 1927 1219 1972 resurrectio
1243 1937 1535 1974 mortuorum.
1562 1949 1582 1969 n

350 2004 464 2048 Aue.
488 1998 866 2046 Resurrectionem
882 2009 1155 2044 mortuorum
1169 2016 1258 2044 non
1279 2016 1365 2044 esse
1384 1999 1663 2063 putantibUS‚

280 2083 322 2118 et
347 2083 489 2118 tamen
508 2071 735 2116 Christum
754 2069 1027 2116 resurrexisse
1041 2069 1338 2126 credentibus,
1357 2081 1588 2134 propterea
1603 2070 1668 2116 di-

285 2145 416 2199 citur,
436 2165 454 2184 «
476 2142 522 2187 Si
538 2141 792 2187 resurrectio
808 2151 1081 2186 mortuorum
1106 2158 1194 2186 non
1209 2152 1288 2197 est,
1311 2158 1450 2204 neque
1469 2141 1670 2187 Christus

288 2237 307 2255 »
328 2213 556 2259 resurrexit
579 2230 588 2257 :
617 2212 719 2275 qiua
737 2211 941 2257 Christus
959 2211 1057 2257 ideo
1073 2212 1323 2269 resurrexit,
1348 2232 1367 2253 >2
1385 2222 1434 2257 ut
1452 2229 1667 2258 resurrec-

287 2285 413 2331 tionis
438 2295 715 2329 mortuorum
744 2282 982 2328 aedificaret
1007 2282 1138 2328 fidem
1158 2319 1168 2339 ,
1204 2282 1248 2327 in
1285 2300 1414 2329 carne
1449 2301 1668 2330 resurrec-

285 2368 404 2402 turos
433 2355 630 2401 homines
661 2354 889 2400 ostendens
907 2391 917 2410 ,
946 2355 1060 2399 sicut
1084 2354 1175 2417 ipse
1200 2353 1335 2399 homo
1366 2353 1506 2400 factus
1525 2372 1671 2401 resur-

284 2427 390 2472 rexit
410 2428 454 2472 in
473 2442 614 2472 carne.
651 2426 711 2470 Ac
734 2442 811 2488 per
837 2425 923 2470 hoc
949 2441 1217 2487 consequens
1249 2435 1364 2482 erat,
1396 2436 1443 2471 ut
1466 2436 1671 2486 negarent

282 2498 555 2544 resurrexisse
577 2496 823 2552 Christum,
842 2496 919 2559 qui
944 2496 1306 2541 resurrectionem
1337 2513 1424 2542 non
1447 2496 1671 2542 crederent

281 2587 367 2615 esse
389 2580 677 2615 mortuorum.
717 2566 842 2613 Unde
873 2567 976 2631 quia
1000 2567 1091 2625 isti,
1120 2584 1220 2613 cum
1242 2567 1404 2630 quibus
1424 2568 1635 2627 agebatur
1655 2605 1667 2625 ‚

335 2654 345 2676 ¹
371 2665 380 2683 1
405 2656 488 2684 Petr.
508 2664 547 2690 11,
566 2664 619 2683 21.
637 2649 838 2683 ——21Cor.
860 2661 912 2690 xv,
934 2653 983 2683 13.
