1863 3262
305 279 393 328 180
725 291 759 321 s.
804 289 1046 320 Auensrlm
1084 287 1288 320 EPISCOPI

302 372 382 406 trae
413 377 424 404 ε
474 373 561 421 quo
610 373 760 416 genere
812 355 989 400 ultionis
1035 354 1348 418 multiplicaret
1395 356 1510 402 Deus
1550 355 1676 417 flagi-

298 432 357 477 tia
377 468 387 487 ‚
418 448 506 476 non
535 429 743 492 puniret;
779 438 820 472 et
846 427 922 489 qui
955 427 1089 471 iratus
1129 437 1218 471 erat
1258 426 1384 472 malae
1426 428 1641 474 Voluntati
1662 466 1674 485 ,

298 518 387 565 qua
420 500 560 546 suerat
597 509 803 552 erratum,
830 497 1045 559 reliquum
1069 496 1228 542 faceret
1248 497 1460 559 peccandi
1490 498 1678 543 necessi-

296 581 444 617 tatem.
476 568 617 626 Quale
651 569 705 613 sit
742 578 886 612 tamen
910 567 997 612 hoc
1020 565 1238 625 judicium
1259 603 1269 622 ‚
1293 567 1534 613 Manichaei
1557 567 1680 613 furor

299 642 458 688 viderit
480 658 492 686 ε
520 640 626 685 dum
652 648 817 684 constet
838 675 849 694 ,
883 638 985 700 quia
1010 637 1084 682 hic
1102 637 1233 696 judex
1253 638 1329 700 qui
1363 639 1418 683 ab
1439 638 1679 698 Augustino

295 712 476 771 fingitur
494 747 505 766 ‚
530 708 745 755 simularit
781 725 823 754 se
855 708 1033 753 horrere
1052 717 1281 769 peccatum
1296 744 1306 762 ‚
1328 719 1536 754 caeterum
1560 718 1679 754 tanto

295 782 354 827 eis
381 781 577 827 adhaeret
603 780 757 825 affectu
774 814 785 836 ‚
816 788 866 824 ut
885 777 1204 837 diligentiorem
1234 778 1467 824 nutritium
1488 779 1680 826 invenire

297 869 386 898 non
412 851 593 915 possint.
623 872 643 892 »

363 924 482 969 Aue.
510 923 624 981 Lege
644 920 765 984 quod
799 919 1013 982 scriptum
1041 929 1103 963 est
1132 936 1143 963 ι
1171 918 1376 981 quoniam
1406 936 1492 964 non
1513 920 1681 982 proba-

293 1003 450 1040 verunt
489 994 631 1038 Deum
666 991 830 1036 habere
862 990 906 1035 in
930 989 1086 1035 notitia
1107 1025 1119 1046 ,
1154 988 1337 1034 tradidit
1371 989 1467 1035 illos
1496 991 1610 1036 Deus
1635 991 1681 1036 in

294 1063 529 1128 reprobam
555 1072 742 1107 mentem
758 1061 795 1116 4,
820 1061 1045 1106 utfaciant
1069 1077 1169 1123 quae
1193 1077 1279 1105 non
1306 1061 1573 1107 conveniunt
1599 1079 1610 1107 z
1640 1072 1682 1106 et

291 1135 392 1183 vide
425 1133 630 1198 quaedam
671 1143 854 1196 peccata
897 1131 1026 1177 etiam
1066 1148 1223 1195 poenas
1262 1148 1349 1177 esse
1381 1132 1675 1195 peccantium.

298 1205 536 1264 Quomodo
558 1215 702 1250 autem
723 1203 768 1249 id
788 1202 918 1249 faciat
944 1204 1060 1248 Deus
1078 1211 1127 1248 ut
1143 1202 1357 1261 intelligas
1376 1239 1386 1258 ,
1411 1202 1547 1262 relege
1560 1202 1682 1266 quod

292 1289 335 1323 te
367 1276 574 1322 admonui
600 1274 798 1337 superius
820 1272 874 1318 de
897 1290 994 1333 rege
1025 1272 1183 1318 Achab
1212 1290 1223 1317 :
1260 1275 1385 1332 cujus
1405 1272 1555 1336 utique
1581 1290 1682 1336 pec-

291 1359 439 1395 catum
461 1346 547 1392 fuit
574 1344 748 1391 credere
772 1342 1220 1407 pseudo—prophetis3
1253 1353 1453 1387 ettamen
1474 1343 1561 1388 hoc
1581 1360 1683 1407 pec-

294 1430 441 1466 catum
464 1455 475 1474 ,
505 1418 597 1462 Deo
613 1415 867 1462 vindicante
884 1451 896 1470 ,
921 1414 1004 1459 fuit
1026 1414 1155 1459 etiam
1177 1430 1312 1477 poena
1338 1414 1574 1476 peccantis.
1597 1414 1683 1459 Ista

293 1489 536 1544 considera,
565 1497 606 1533 et
621 1486 710 1531 noli
727 1485 946 1531 oblatrare
975 1485 1165 1541 veritati,
1191 1485 1328 1530 necin
1350 1495 1388 1529 te
1404 1501 1578 1548 quoque
1602 1501 1679 1545 ag-

297 1571 505 1608 noscatur
527 1558 627 1603 haec
644 1573 793 1620 poena.

362 1630 571 1677 XXXVI.
601 1629 703 1674 JUL.
741 1648 762 1668 «
781 1625 899 1683 Quid
928 1643 1028 1686 ergo
1054 1626 1143 1682 vis,
1181 1625 1461 1671 subtilissime
1487 1624 1683 1689 disputa-

296 1706 402 1750 tor?
428 1700 680 1759 sacrilegam
700 1714 786 1743 esse
816 1697 862 1742 in
887 1697 966 1742 Dei
993 1697 1202 1760 operibus
1226 1696 1531 1742 verecundiam
1550 1733 1560 1752 ,
1580 1697 1684 1760 quia

298 1774 444 1821 omnia
466 1788 565 1835 quae
589 1772 706 1815 Deus
725 1768 876 1814 fecerit
893 1805 904 1823 ‚
931 1769 1092 1830 passim
1121 1767 1188 1827 agi
1207 1767 1425 1822 debeant,
1463 1784 1516 1812 ne
1537 1777 1683 1813 nostra

299 1842 535 1908 trepidatio
558 1840 762 1903 opificem
788 1838 988 1883 videatur
1013 1841 1222 1897 arguere?
1250 1837 1422 1882 Erravit
1438 1854 1539 1897 ergo
1560 1855 1684 1900 apos-

304 1916 417 1962 tolus
442 1911 635 1966 Paulus,
660 1909 738 1972 qui
762 1909 841 1954 Dei
865 1925 997 1971 opera
1022 1908 1270 1953 describens
1288 1945 1298 1963 ‚
1320 1908 1404 1963 ait,
1423 1929 1444 1949 ι(
1470 1908 1685 1954 Verecun-

301 2009 322 2030 »
337 1986 460 2032 diora
477 1991 621 2028 nostra
642 1983 850 2038 majorem
866 1979 1133 2023 honestatem
1146 1978 1384 2034 habent2‚»
1398 1988 1439 2023 et
1452 1979 1567 2024 Deus
1580 1989 1684 2025 tem-

302 2055 473 2121 peravit
494 2067 672 2114 corpus,
701 2050 738 2094 ei
757 2049 827 2094 cui
847 2048 994 2094 deerat
1017 2047 1335 2094 abundantiore
1361 2048 1463 2094 dato
1484 2048 1651 2095 honore
1669 2089 1680 2108 ‚

303 2139 355 2174 ut
376 2143 464 2172 non
483 2125 536 2168 sit
557 2122 737 2167 scissura
769 2121 813 2164 in
837 2136 1036 2181 corpore.
1061 2141 1080 2160 ν

371 2202 486 2242 Aue.
523 2195 634 2251 Lege
657 2190 902 2249 diligenter,
928 2200 970 2234 et
988 2189 1153 2251 inspice
1176 2189 1371 2235 codicem
1396 2190 1621 2247 Graecum,
1643 2203 1685 2238 ct

303 2264 496 2315 invenies
524 2258 782 2324 Apostolum
821 2259 1075 2304 inhonesta3
1112 2258 1264 2305 dixisse
1287 2297 1297 2316 ‚
1338 2276 1438 2322 quae
1471 2278 1684 2307 verecun-

306 2338 430 2384 diora
455 2346 502 2379 tu
528 2332 637 2378 dicis
661 2349 671 2375 ε
698 2340 740 2375 et
760 2346 958 2392 quaerens
981 2345 1060 2374 cur
1076 2329 1305 2375 inhonesta
1329 2331 1431 2381 sint,
1451 2347 1552 2394 quae
1563 2334 1685 2396 prius

303 2423 440 2472 usque
459 2404 565 2450 adeo
583 2402 754 2447 fuerant
768 2400 966 2455 honesta,
987 2411 1035 2445 ut
1054 2399 1161 2445 nudi
1180 2411 1317 2445 essent
1334 2400 1422 2446 duo
1439 2401 1519 2458 illi,
1538 2413 1579 2448 et
1596 2420 1684 2448 non

301 2474 700 2529 confunderentur3
727 2470 936 2533 reperieS‚
972 2471 1004 2515 si
1032 2488 1119 2515 non
1150 2481 1190 2515 te
1219 2471 1468 2517 animositas
1500 2483 1680 2519 conten-

302 2549 433 2597 tionis
449 2554 652 2600 excaecet,
678 2553 727 2588 ut
743 2542 830 2588 hoc
854 2552 1120 2604 sequeretur,
1147 2543 1415 2605 praecessisse
1429 2554 1681 2606 peccatum3

350 2632 360 2655 ¹
378 2634 476 2663 Rom.
496 2639 525 2667 1,
543 2629 597 2658 28.
613 2645 657 2650 -—
673 2623 689 2647 ²
710 2636 722 2656 1
743 2626 816 2657 Cor.
832 2635 896 2665 ΧΠ,
916 2626 970 2658 23,
990 2642 1035 2649 --
1051 2621 1066 2647 3
1082 2622 1292 2666 Τὰάχγῐμονα.
