1863 3262
191 287 348 318 OPERIS
383 285 645 317 IMPERPECTI
679 284 856 314 CONTRA
889 285 1133 325 JULIANUM,
1176 286 1262 315 Llss.
1308 286 1365 314 lv.
1421 268 1512 314 203

140 369 222 399 nus
243 352 382 398 omnis
400 349 592 410 agnoscit
608 349 655 394 in
678 348 853 393 Christo
873 366 883 393 :
912 348 1031 393 aliud
1065 349 1285 411 cupiditas
1303 357 1513 412 peccato-

140 439 237 469 rum
257 458 268 478 ‚
297 434 428 485 quam
449 431 495 465 tu
515 420 753 482 importare
770 418 833 464 vis
859 418 1050 464 Christo.
1081 419 1197 464 Dicis
1212 419 1323 464 enim
1344 435 1513 464 conen--

140 492 397 556 piscentiam
416 490 582 541 carnis,
613 489 700 534 hoc
730 499 818 544 est,
854 488 1085 534 libidinem
1104 526 1114 544 ,
1146 506 1278 553 quam
1308 489 1517 534 libentius

140 574 270 608 vocas
298 559 698 623 concupiscentiam
732 558 1000 613 naturalem,
1038 558 1207 604 bonum
1234 559 1346 612 esse3
1379 569 1419 604 et
1454 559 1514 603 sic

141 632 283 692 arguis
308 635 399 691 ejus
432 646 675 684 excessum,
715 638 763 674 ut
806 628 1004 691 quisquis
1038 646 1130 673 eam
1161 646 1381 675 concessos
1411 630 1516 673 sines

139 702 380 762 transgredi
412 693 581 756 siverit,
620 710 826 763 tanquam
864 699 975 744 male
1009 709 1132 744 utens
1161 700 1305 755 bono,
1337 699 1515 761 culpam

139 773 396 827 contraham
420 771 617 836 quisquis
636 781 778 817 autem
799 770 915 815 illam
940 786 1075 833 usque
1096 769 1151 815 ad
1176 770 1294 815 licita
1312 807 1323 826 ,
1352 780 1393 814 et
1413 786 1516 814 con-

139 860 256 890 cessa
280 843 473 903 ingredi,
511 859 592 887 nec
631 841 740 887 ultra
776 841 1021 903 permiserit
1047 839 1281 902 progredi,
1309 850 1517 901 tanquam

138 913 256 960 bono
272 914 382 960 bene
403 924 523 959 utens
546 911 675 957 laude
695 912 749 956 sit
767 911 937 970 dignuS.
966 910 1156 955 Proinde
1174 911 1382 972 quoniam
1402 907 1520 954 vide-

138 1001 234 1030 mus
264 985 368 1030 alios
393 984 454 1029 ita
489 1000 576 1029 esse
599 995 747 1037 natOS,
768 992 830 1026 rut
866 985 1028 1040 majore
1057 980 1243 1026 libidine
1263 990 1514 1039 urgeantur,

139 1053 244 1100 alios
262 1065 312 1100 ut
331 1055 497 1100 minore
516 1091 528 1110 ,
548 1053 583 1099 si
603 1053 641 1098 ei
664 1052 903 1098 resistentes
928 1052 1102 1114 utrique
1131 1051 1215 1096 sint
1236 1051 1364 1105 casti,
1388 1065 1519 1108 coge-

137 1126 196 1172 ris
212 1125 359 1172 dicere
377 1126 474 1172 illos
497 1128 660 1184 majore
676 1161 687 1180 ‚
721 1124 824 1169 istos
853 1123 1019 1168 minore
1051 1123 1170 1168 bono
1191 1122 1300 1167 bene
1327 1121 1404 1166 uti.
1427 1120 1521 1165 Erit

137 1196 289 1256 igitur,
314 1207 354 1243 te
372 1196 575 1249 doctore,
595 1195 713 1240 bono
727 1194 808 1239 isto
830 1204 903 1239 tuo
926 1194 1108 1256 quisque
1135 1204 1252 1238 tanto
1281 1191 1517 1255 copiosior,

138 1278 305 1329 quanto
321 1266 625 1319 libidinosior3
646 1276 688 1310 et
717 1275 836 1310 tanto
862 1264 1122 1309 laboriosior
1146 1274 1296 1308 contra
1320 1279 1440 1307 suam
1463 1260 1520 1305 li-

138 1337 333 1385 bidinem
351 1348 432 1400 pro
452 1337 648 1381 castitate.
673 1333 880 1387 certando
900 1370 911 1389 ‚
941 1344 1107 1396 quanto
1131 1332 1429 1378 abundantior
1447 1349 1519 1376 na-

139 1407 270 1452 turali
287 1407 369 1453 isto
391 1407 535 1461 bon03
566 1415 608 1450 et
632 1404 731 1450 ideo
760 1404 888 1449 etiam
918 1413 1038 1448 tanto
1063 1402 1329 1448 laudabilior
1357 1402 1402 1446 iu
1435 1402 1519 1446 liac

138 1477 299 1525 virtute
316 1515 328 1534 ‚
348 1488 512 1541 quanto
534 1476 688 1522 fortius
712 1475 952 1521 reluctatur
975 1475 1128 1533 majori
1162 1475 1277 1519 bono
1293 1509 1302 1524 ,
1334 1488 1465 1536 quam
1486 1473 1520 1516 si

139 1548 300 1597 minori
322 1548 622 1594 reluctaretur.
655 1546 770 1602 Quia
795 1561 895 1606 ergo
916 1546 1116 1590 Christus
1133 1545 1178 1590 in
1198 1560 1328 1589 carne
1349 1541 1520 1588 mortali

140 1621 335 1666 omnium
365 1619 523 1682 procul
554 1618 693 1664 dubio
719 1617 983 1663 castissimus
1002 1616 1133 1670 vixit,
1164 1625 1283 1660 tanto
1308 1614 1347 1659 ei
1380 1617 1519 1672 majo-

139 1701 230 1738 rem
250 1690 478 1739 libidinem
494 1689 621 1736 dabis
646 1689 886 1734 naturalem
900 1724 911 1743 ‚
933 1698 1098 1751 quanto
1122 1686 1167 1731 in
1190 1684 1375 1731 libidine
1397 1684 1520 1729 cohi-

140 1761 286 1807 benda
306 1778 394 1808 non
413 1772 536 1824 potes
553 1760 745 1806 invenire
758 1760 997 1806 fortiorem.
1029 1758 1102 1804 Sic
1118 1756 1233 1803 enim
1250 1756 1341 1801 sine
1357 1754 1522 1801 fraudis

142 1832 324 1881 erimine
345 1832 432 1879 suis
463 1831 606 1887 dicet,
639 1831 877 1877 Imitamini
912 1830 1154 1876 castitatem
1190 1844 1357 1882 meam,
1405 1836 1522 1870 certa

141 1913 313 1950 naturae
334 1906 488 1948 vestrae
509 1903 779 1948 irritamenta
801 1901 1049 1947 vincentes:
1067 1900 1165 1944 haec
1188 1899 1357 1961 quippe
1381 1896 1522 1941 irrita·

142 1983 290 2021 menta
305 1974 423 2021 bona
440 1983 565 2028 sunt3
585 1972 659 2018 sed
686 1983 830 2017 tamen
854 1969 1105 2016 cohibenda
1129 1979 1257 2032 atque
1278 1964 1491 2011 vincenda
1509 1982 1520 2019 ;

140 2044 256 2090 sicut
267 2061 347 2103 ego
363 2043 521 2099 habui,
541 2042 614 2089 sed
633 2042 817 2088 cohibui
837 2042 1009 2104 vicique
1028 2042 1192 2098 majora
1212 2058 1224 2091 ς
1252 2054 1304 2082 ne
1322 2034 1522 2080 diceretis

142 2114 284 2170 mihi,
303 2113 407 2162 Ideo
431 2113 600 2169 vicisti,
628 2112 726 2158 ideo
749 2112 1013 2158 castissimus
1035 2110 1081 2155 in
1107 2120 1181 2153 tua
1201 2105 1373 2152 mortali
1393 2122 1523 2150 carne

144 2185 316 2242 vixisti,
349 2186 558 2248 quoniam
595 2194 764 2230 namrae
800 2183 1002 2230 felicitate
1044 2180 1247 2226 minimas
1289 2176 1492 2223 libidines
1510 2212 1520 2230 ‚

146 2273 253 2319 quas
284 2255 514 2303 facillimas
544 2255 735 2301 vinceres
754 2289 765 2310 ,
806 2252 1017 2303 habuisti.
1064 2253 1212 2297 Estote
1250 2265 1351 2308 ergo
1390 2247 1520 2300 casti,

147 2327 250 2390 quia
271 2337 320 2374 ut
342 2326 468 2373 vobis
497 2325 555 2373 ad
589 2343 657 2370 me
685 2324 950 2371 imitandum
988 2321 1215 2369 obstacula
1243 2317 1528 2365 excusationis

148 2396 386 2451 auferrem,
413 2396 694 2443 libidinosior
711 2396 838 2442 vobis
861 2395 979 2442 nasci
1003 2393 1147 2440 volui.
1172 2401 1217 2436 et
1236 2401 1380 2436 tamen
1400 2387 1528 2433 maxi-

147 2485 264 2515 mam
285 2467 514 2514 libidinem
539 2479 680 2513 meam
709 2483 935 2513 concessos
966 2467 1072 2511 fines
1104 2478 1332 2525 nunquam
1352 2458 1532 2505 transire

146 2539 340 2604 pffmisi.
373 2539 481 2585 Haec
504 2537 737 2585 horribilia
765 2548 957 2585 monstra
987 2532 1350 2601 peperithaeresis
1367 2540 1521 2575 vestra.

212 2610 327 2658 LIV
368 2611 425 2655 J
403 2627 468 2668 UL.
509 2630 530 2651 <c
545 2609 747 2659 Praedico
766 2626 941 2654 omnem
964 2608 1010 2654 in
1029 2624 1078 2653 eo
1095 2603 1367 2655 sanctitatem
1393 2602 1530 2647 bene-
