1824 3236
187 263 344 293 ovinus
382 264 641 294 IMPERFEC'H
682 266 851 295 (lssx'l'iix
892 269 1134 309 JtiJANt'M,
1179 273 1260 300 1:12.
1308 275 1348 301 vi
1417 260 1443 303 ἶ)
1460 260 1508 313 15

136 326 251 373 aliud
286 339 385 374 sunt
414 329 611 375 instituta
650 341 840 386 natura-e,
875 332 991 378 aliud
1018 338 1199 398 praemia
1230 337 1502 385 obedit-utico.

135 398 234 443 Non
254 409 315 444 est
333 400 445 445 enim
464 400 569 446 tanti
592 400 718 445 unius
741 402 966 459 meritum,
984 415 1030 449 ut
1054 406 1248 452 universa
1270 424 1368 470 quae
1385 420 1508 454 natu-

133 467 281 515 raliter
301 482 402 517 sunt
434 471 630 517 instituta
661 473 905 535 perturbet.
944 476 1209 522 Exercuisset
1238 495 1280 522 se
1311 479 1443 538 igitur
1465 480 1507 524 in

131 538 308 603 reliquis
326 541 477 586 innata
504 541 740 588 mortalitas
759 580 769 598 ‚
796 543 961 589 etiamsi
984 546 1150 608 primus
1175 547 1246 592 ille
1270 548 1312 592 in
1333 549 1509 594 {eterni-

133 621 262 657 tatem
279 630 301 658 a
315 612 606 660 diuturnitate
623 615 855 675 migrasset.
880 617 976 662 Non
995 618 1222 664 inficiabili
1237 624 1504 679 conjectura,

130 681 203 727 sed
219 693 336 729 certo
361 701 425 730 res
449 695 614 731 tenetur
635 686 828 749 exemplo
855 704 864 731 :
886 687 1099 750 siquidem
1125 691 1278 736 Enoch
1299 691 1393 745 filii,
1421 693 1507 737 im-

129 753 391 800 mortalitate
429 757 620 819 parentis
658 774 744 802 non
769 768 1007 821 potuerunt
1047 762 1169 805 asseri
1209 778 1230 805 a
1256 761 1507 808 conditione

130 823 358 878 moriendi.
393 826 483 872 Nec
507 827 614 872 illud
633 828 741 873 sorte
760 840 939 891 putetur
963 846 1188 876 occurrere
1206 869 1215 887 ,
1246 833 1452 894 quoniam
1474 834 1508 878 si

129 910 217 939 non
249 907 524 958 peecatores;
556 898 661 962 justi
699 909 840 944 tamen
878 917 1025 945 omnes
1059 900 1114 946 ad
1139 901 1506 947 immortalitatem

129 965 219 1012 sine
247 967 482 1013 intercessu
502 969 742 1032 corporalis
766 970 1059 1035 dissipationis
1079 972 1310 1018 evaderent
1332 990 1342 1017 ε
1366 973 1507 1036 Siqui-

128 1036 227 1083 dem
253 1038 597 1099 Abeljustorum
617 1043 783 1104 primus
800 1080 810 1098 ‚
839 1044 957 1095 Noe,
980 1043 1206 1089 Abraham
1227 1081 1237 1099 ‚
1262 1047 1382 1090 Isaac
1401 1082 1410 1099 ‚
1435 1045 1506 1090 Ja-

127 1109 213 1154 cob
230 1147 240 1165 ,
279 1121 322 1156 et
347 1111 493 1156 omnia
519 1112 779 1157 Sanctorum
806 1113 976 1173 agmina
997 1151 1006 1167 ‚
1035 1124 1122 1159 tam
1151 1115 1192 1159 in
1230 1115 1352 1160 Novo
1375 1131 1505 1178 quam

126 1178 172 1225 in
200 1179 351 1227 Vetere
373 1182 672 1239 Testamento‚
706 1194 746 1228 et
768 1184 969 1229 meritum
1009 1201 1134 1230 suum
1172 1185 1435 1241 virtutibus,
1465 1196 1507 1230 et

127 1261 328 1298 naturam
364 1264 501 1299 morte
540 1253 798 1300 docuerunt.
846 1256 951 1300 Rem
994 1256 1038 1300 in
1076 1255 1275 1301 absoluto
1316 1255 1503 1318 positam

127 1320 290 1368 Christi
307 1340 482 1388 quoque
500 1325 776 1370 confirmavit
797 1326 1044 1372 auctoritas.
1075 1327 1184 1370 Nam
1211 1343 1310 1371 eum
1333 1327 1369 1370 ei
1391 1325 1504 1371 Sad—

125 1389 269 1439 ducaei
302 1395 588 1457 quaestionem
614 1394 808 1457 exemplo
836 1395 1080 1457 septinubae
1119 1395 1307 1440 mulieris
1330 1395 1504 1440 intulis-

124 1474 242 1515 sent,
272 1476 493 1525 rogantes,
532 1466 566 1511 si
589 1482 823 1528 corporum
854 1466 1051 1511 excitatio
1076 1465 1338 1520 crederetur,
1372 1484 1393 1512 a
1414 1483 1501 1530 quo

125 1533 281 1580 marito
304 1547 410 1581 esset
432 1535 705 1599 potissimum
727 1535 991 1581 vindicanda
1007 1574 1016 1592 ,
1042 1536 1264 1600 respondit
1287 1554 1297 1580 :
1324 1557 1343 1577 α
1366 1537 1500 1582 Erra-

124 1623 145 1645 »
172 1605 250 1662 tis,
288 1606 522 1652 nescientes
559 1605 865 1670 Scripturas1‚
902 1623 1042 1670 neque
1074 1607 1153 1651 Dei
1192 1607 1422 1659 virtutem3
1456 1607 1502 1651 in

123 1696 144 1716 >2
167 1677 481 1723 resurrectione
507 1677 622 1723 enim
649 1693 787 1740 neque
818 1677 1014 1733 nubent,
1048 1693 1188 1740 neque
1212 1694 1362 1723 uxores
1388 1677 1502 1723 acci-

123 1768 144 1789 »
167 1748 315 1812 pient,
351 1766 490 1812 neque
514 1749 629 1794 enim
666 1748 918 1794 morientur.
951 1770 970 1790 ›>
997 1749 1207 1794 Conscius
1231 1749 1372 1811 operis
1406 1749 1497 1805 sui,

120 1829 303 1883 propter
329 1819 436 1882 quid
467 1819 670 1878 conjugia
695 1818 948 1863 instituisset
972 1818 1201 1881 expressit,
1229 1817 1428 1863 videlicet
1454 1828 1500 1863 ut

121 1887 280 1935 damna
304 1889 456 1935 mortis
474 1889 634 1935 foetura
653 1888 898 1952 suppleret3
926 1889 1071 1933 statim
1092 1899 1233 1933 autem
1256 1899 1463 1933 cessatum
1480 1888 1497 1917 1

120 1957 181 2004 ire
207 1959 454 2005 munificam
471 1958 802 2004 foecunditatem
821 1996 830 2014 ,
854 1975 953 2003 cum
978 1975 1091 2003 mors
1110 1975 1236 2003 avara
1250 1957 1490 2004 cessaverit.

122 2029 167 2075 Si
192 2047 320 2090 ergo,
362 2030 538 2076 Chiisto
576 2040 677 2075 teste
712 2029 787 2093 qui
826 2028 1048 2084 condidit,
1084 2027 1280 2074 fei-tilitas
1315 2029 1372 2073 ob
1410 2028 1497 2073 hoe

119 2111 261 2147 creata
278 2112 363 2157 est,
382 2112 432 2147 ut
449 2118 549 2146 eum
568 2100 797 2161 fragilitate
821 2101 1100 2160 confligeret,
1122 2109 1163 2144 et
1185 2099 1283 2145 haec
1304 2098 1495 2144 conditio

117 2170 373 2234 nuptiarum
397 2181 494 2217 ante
522 2181 749 2234 peccatum
768 2169 965 2215 ordinata
986 2179 1073 2227 est3
1115 2179 1296 2232 apparet
1320 2185 1494 2231 quoque

116 2241 425 2287 mortalitatem
448 2258 537 2286 non
563 2241 617 2286 ad
641 2241 1042 2304 praevaricationem
1077 2251 1269 2302 spectare
1286 2276 1297 2295 ‚
1331 2238 1404 2284 sed
1439 2237 1494 2283 ad

117 2322 348 2369 naturam,
377 2310 433 2357 ad
469 2328 602 2375 quain
637 2322 827 2375 spectare
864 2311 1068 2370 leguntur
1108 2320 1149 2355 et
1186 2309 1369 2372 nuptiae.
1414 2307 1493 2353 llla

118 2399 218 2442 ergo
240 2382 303 2427 lex
325 2399 424 2445 quae
448 2382 721 2445 promulgata
748 2393 833 2438 est,
872 2381 915 2426 id
943 2392 1028 2437 est,
1063 2402 1083 2421 «
1110 2381 1399 2442 Quacumque
1425 2378 1494 2423 die

115 2468 161 2497 ex
181 2452 412 2498 interdicto
430 2452 590 2508 ederis,
622 2463 758 2498 morte
783 2452 976 2498 morieris
1001 2469 1011 2496 ε
1035 2473 1054 2492 »
1075 2450 1262 2514 poenalis
1283 2466 1398 2494 mors
1417 2449 1490 2494 in—

118 2521 339 2583 telligitur,
362 2541 450 2569 non
471 2523 734 2587 eorpomlis3
754 2524 961 2587 peccatis,
986 2539 1071 2568 non
1090 2521 1326 2568 seminibus
1349 2519 1492 2566 immi-

166 2604 310 2638 ¹Maub.
332 2618 417 2646 xxu,
437 2618 489 2647 29.
507 2624 552 2629 —
569 2604 584 2627 ²
600 2609 634 2638 In
650 2618 734 2649 resp.
759 2610 838 2649 Aug,
854 2612 1058 2638 cessaturam.

1313 2659 1334 2679 ¹)

248 2677 389 2706 cxmv.
1311 2658 1371 2701 .‚5
