1824 3236
190 253 346 285 ommis
383 253 641 286 lMPERFEch
672 252 848 287 comum
883 257 1127 301 summum,
1165 259 1254 291 mn.
1297 261 1338 292 v.
1410 243 1502 312 387

129 329 294 382 potest3
314 321 419 385 quia
435 320 453 350 ‘¹
488 320 725 367 necessario
750 338 838 368 non
873 334 1009 379 actor,
1032 342 1102 373 sec
1130 336 1282 374 auctor
1299 326 1391 392 ipse
1409 344 1505 377 cen-

127 403 268 448 setur;
301 403 432 457 atque
460 391 546 438 hoc
566 391 686 456 quod
704 403 847 456 potest
871 393 1005 442 homo
1022 414 1070 443 ex
1086 397 1254 459 integro
1275 400 1354 446 Dei
1378 411 1458 459 est,
1482 419 1506 448 a

127 464 328 528 possibili
351 474 492 509 autem
519 464 611 526 ipse
633 474 756 510 actor
779 466 1054 529 expenditur.
1075 490 1096 511 ι)

194 536 311 583 Auo.
343 533 464 591 Quid
503 534 612 580 dicis
635 535 688 581 de
723 535 928 595 diabolo,
955 538 1009 584 de
1031 557 1120 603 quo
1162 541 1380 606 scriptum
1415 555 1476 590 est
1496 582 1507 601 ‚

127 625 148 646 «
170 604 237 652 Ab
271 604 395 651 initio
419 604 620 651 diabolus
645 606 832 669 peccat1
855 625 866 664 ;
892 629 912 650 »
934 610 1269 672 possibilitatem
1294 629 1335 676 p:
1352 614 1508 660 ccandi

125 675 279 733 habet,
307 693 360 721 an
380 675 710 723 necessitatem?
733 677 779 723 Si
801 679 1093 725 necessitatem
1118 701 1129 734 ;
1157 692 1205 727 tu
1228 683 1385 730 videris
1401 702 1510 748 quo-

125 747 256 793 modo
281 746 522 793 secundum
544 757 640 793 tuas
660 747 979 812 disputationes
1006 763 1231 798 excusetur
1253 771 1275 799 a
1299 755 1510 802 crimine:

123 818 158 864 si
178 829 323 865 autem
338 817 682 881 possibilitatem
703 839 714 873 ;
739 831 883 883 posest
914 838 1016 882 ergo
1036 832 1078 868 et
1096 839 1185 869 non
1209 841 1404 887 peccare,
1426 844 1511 889 po-

127 899 206 934 test
219 889 382 935 habere
397 888 562 935 bonam
581 889 870 948 voluntatem,
894 902 1036 955 potest
1058 910 1181 953 agere
1204 895 1511 957 poenitentiam

122 970 163 1005 et
182 959 415 1023 impetrare
445 961 786 1008 misericordiam
810 963 920 1016 Dei3
959 964 1064 1027 quia
1087 981 1164 1010 cor
1193 967 1429 1013 contritum
1465 979 1508 1014 et

122 1029 401 1082 humiliatum
433 1032 550 1077 Deus
588 1049 676 1078 non
699 1032 914 1097 despiciet
933 1034 966 1080 2.
997 1034 1129 1090 Quod
1153 1035 1330 1098 quidem
1364 1038 1510 1085 visum

121 1101 459 1165 estquibusdam
476 1139 488 1159 ,
517 1102 702 1163 Origine
722 1113 771 1149 ut
795 1104 1056 1167 perhibetur
1070 1116 1252 1152 auctore
1275 1124 1286 1152 ε
1308 1107 1381 1153 sed
1401 1109 1506 1166 hoc,

121 1183 171 1219 ut
193 1191 315 1221 nosse
338 1184 380 1219 te
397 1173 618 1230 existimo,
644 1174 750 1220 fides
769 1175 988 1222 catholica
1012 1187 1054 1222 et
1076 1194 1178 1223 sana
1198 1195 1287 1223 non
1305 1180 1469 1243 recepit
1491 1198 1503 1226 z

121 1244 237 1291 unde
259 1244 461 1291 nonnulli
485 1244 715 1304 Originem
739 1261 915 1309 quoque
933 1246 1077 1310 ipsum
1096 1247 1282 1294 alienum
1298 1248 1430 1296 fuisse
1450 1251 1505 1297 ab

120 1314 207 1361 hoc
227 1332 371 1361 errore
390 1314 459 1362 vel
482 1315 692 1378 probant,
718 1316 785 1362 vel
803 1317 971 1364 volunt.
997 1318 1149 1363 Restat
1168 1318 1319 1378 igitur,
1342 1332 1390 1367 ut
1407 1332 1506 1367 ante

119 1384 390 1449 supplicium
422 1385 533 1446 ignis
559 1385 711 1432 aeterni
729 1423 740 1442 ‚
776 1386 907 1432 etiam
927 1387 1155 1434 necessitas
1183 1389 1265 1435 ista
1287 1391 1501 1454 peccandi

119 1474 274 1518 magna
296 1457 350 1502 sit
368 1455 544 1502 diabolo
573 1456 719 1517 magni
745 1473 880 1520 poena
911 1458 1081 1521 peccati
1104 1476 1114 1504 :
1145 1477 1285 1523 neque
1310 1461 1418 1509 hinc
1437 1481 1504 1509 ex-

120 1540 294 1576 cusetur
331 1546 354 1574 a
395 1528 577 1575 crimine
596 1565 607 1584 ‚
644 1529 854 1591 quoniam
894 1539 934 1574 et
974 1529 1055 1575 ista
1094 1530 1290 1578 vindicta
1324 1544 1386 1578 est
1420 1551 1502 1597 pro

117 1600 306 1647 maximo
329 1599 511 1646 crimine
527 1633 538 1653 ‚
561 1610 612 1645 ut
629 1615 727 1645 eum
752 1599 937 1645 delectet
957 1599 1045 1646 sola
1059 1600 1242 1658 malitia,
1263 1620 1343 1650 nec
1369 1605 1504 1667 possit

118 1673 334 1720 delectare
349 1669 530 1731 justitia.
551 1669 620 1716 Ad
637 1669 755 1715 hanc
775 1681 918 1716 autem
934 1673 1025 1730 jam
1047 1671 1271 1734 poenalem
1286 1676 1499 1737 peccandi

117 1744 412 1792 necessitatem
447 1758 537 1788 non
575 1740 728 1803 utique
768 1741 1067 1804 pervenisset,
1103 1742 1184 1788 nisi
1210 1744 1335 1806 prius
1363 1744 1500 1792 libera

116 1816 365 1870 voluntate,
392 1812 513 1860 nulla
544 1810 795 1857 necessitate
830 1822 1064 1874 peccasset.
1115 1814 1322 1860 Definitio
1350 1815 1498 1880 itaque

116 1888 189 1934 illa
206 1885 395 1950 peccati,
427 1899 530 1929 cum
553 1882 604 1927 fit
626 1881 747 1944 quod
766 1881 937 1940 justitia
960 1892 1094 1937 vetat,
1119 1893 1160 1928 et
1176 1883 1294 1930 unde
1305 1884 1496 1933 liberum

116 1969 177 2005 est
216 1957 432 2003 abstinere
447 1991 458 2011 ‚
502 1951 556 1998 ad
594 1950 706 1997 illud
742 1962 971 2014 peccatum
1014 1953 1204 2014 pertinet
1244 1954 1364 2017 quod
1396 1967 1497 2002 tan-

116 2028 347 2079 tummodo
373 2035 598 2091 peccatum
623 2033 713 2078 est,
740 2038 827 2067 non
847 2021 967 2085 quod
994 2023 1123 2068 etiarn
1146 2041 1282 2087 poena
1305 2030 1490 2089 peccati.

179 2099 386 2148 XLVIII.
421 2097 445 2141 J
456 2113 524 2142 υἱ.
558 2116 577 2136 «
598 2095 655 2139 Et
688 2092 851 2138 malum
871 2109 970 2152 ergo
991 2103 1032 2139 et
1062 2094 1227 2141 bonurn
1248 2113 1295 2142 ex
1312 2101 1494 2163 propria

115 2174 338 2222 voluntate
361 2168 468 2214 facit
489 2184 500 2211 ε
528 2165 600 2212 sed
620 2165 789 2210 bonum
818 2180 944 2209 suum
974 2166 1105 2210 etiam
1126 2166 1216 2212 Deo
1239 2166 1391 2223 debet,
1417 2173 1496 2235 qui

114 2245 230 2312 parti
249 2243 376 2299 huic,
393 2257 483 2287 non
508 2236 684 2301 quidem
709 2234 1038 2299 praejudiciuml
1057 2246 1202 2283 tamen
1224 2237 1491 2298 adjutorium

114 2314 432 2366 subministrat.
458 2333 478 2353 »

180 2390 294 2436 Auo.
316 2385 427 2430 Tam
443 2382 614 2428 bonum
632 2389 746 2424 certe
757 2394 891 2443 quam
905 2378 1069 2424 malum
1087 2395 1134 2424 ex
1145 2381 1324 2444 propria
1338 2383 1493 2443 homo,

112 2461 227 2508 sicut
244 2456 352 2504 dicis
371 2492 381 2503 .
403 2452 628 2499 voluntate
647 2449 779 2506 facit,
806 2460 848 2496 et
868 2449 1093 2512 utriusque
1108 2450 1154 2496 in
1173 2450 1248 2496 illo
1272 2455 1491 2515 possibili-

112 2544 180 2580 tas
211 2544 340 2592 aequa
360 2525 486 2572 lance
517 2521 735 2578 libratur,
779 2531 822 2566 et
859 2520 913 2566 ad
940 2520 1050 2566 bene
1087 2519 1339 2570 faciendum
1372 2530 1491 2576 Deus

160 2614 172 2637 1
194 2615 286 2645 Forte
304 2609 378 2654 quia
396 2619 427 2643 a.
446 2624 491 2633 —-
507 2604 523 2629 ²
539 2608 633 2639 Joan.
651 2616 707 2644 ιιι,
724 2606 754 2636 8.
772 2621 817 2628 —-
834 2602 848 2628 ³
866 2604 944 2637 Psal.
962 2616 992 2644 n,
1011 2605 1065 2638 18.

1321 2662 1341 2678 p

1285 2678 1359 2710 20.
