1824 3236
288 257 384 314 541
550 243 552 245 .
700 269 734 300 s,
777 265 1022 301 Aucusrim
1059 268 1266 301 Erlscopr

290 336 471 401 posteris
508 340 601 396 eJus
628 334 877 389 advenerit3
923 345 1063 382 tamen
1089 335 1217 382 etiam
1244 346 1365 381 reatu
1399 338 1671 399 praevarica-

292 408 421 454 tionis
444 407 560 453 illius
598 423 727 470 quem
756 406 960 452 traximus
985 411 1076 468 jam
1101 405 1265 462 solutO,
1297 417 1346 452 ut
1368 407 1471 452 fidei
1497 425 1673 454 examen

291 488 555 535 exerceatur,
582 477 708 523 labor
745 487 937 523 remanet
977 478 1031 523 ad
1067 487 1298 523 certamen.
1336 477 1525 541 Oportet
1559 479 1673 524 enim

289 566 369 595 nos
392 558 556 594 certare
590 563 691 593 cum
716 547 858 604 vitiis,
889 558 930 593 et
962 547 1007 593 in
1042 547 1137 610 ipso
1175 548 1409 594 certamine
1440 548 1641 595 laborare
1660 586 1670 605 ,

292 620 431 667 donec
464 620 650 666 donetur
687 619 815 665 nobis
852 619 1148 665 adversarium
1199 636 1288 665 non
1322 620 1500 667 habere.
1549 621 1675 678 Qua-

290 702 475 756 propter
511 701 559 737 ut
595 689 704 736 boni
738 690 1008 753 praeliatores
1043 689 1345 752 perducantur
1385 691 1440 737 ad
1471 692 1673 756 praemia,

292 761 512 826 supplicia
538 771 769 808 vertuntur
793 761 837 807 in
864 760 1033 824 praelia.
1065 760 1356 806 Parvulorum
1379 778 1577 826 quoque,
1603 779 1677 808 so-

290 833 385 880 luto
410 844 530 879 reatu
553 832 780 892 originali,
810 842 1042 896 propterea
1059 831 1231 877 labores
1251 845 1454 889 manent,
1478 834 1678 897 quamvis

291 922 338 950 ex
357 905 451 968 ipso
471 915 592 951 reatu
609 903 850 949 doceantur
866 903 1022 957 exorti3
1041 903 1144 966 quia
1167 903 1295 949 etiam
1315 903 1376 950 sic
1397 905 1486 950 Deo
1511 904 1681 968 placuit

292 975 424 1021 fidem
449 976 639 1039 probare
662 977 878 1033 majorum
895 1011 906 1031 ‚
938 992 959 1020 a
985 974 1148 1037 quibus
1165 973 1203 1019 ei
1221 975 1464 1020 offeruntur
1489 985 1538 1020 ut
1558 991 1680 1035 rege-

293 1058 512 1094 nerentur.
538 1046 691 1104 Qualis
705 1057 746 1092 et
763 1056 928 1110 quanta
947 1046 1052 1091 fides
1072 1056 1177 1091 esset
1201 1063 1346 1092 rerum
1368 1046 1674 1102 invisibilium,

293 1118 327 1164 si
351 1117 585 1165 invisibilis
623 1117 916 1163 remuneratio
948 1118 1158 1163 continuo
1197 1128 1476 1180 sequeretur3
1507 1135 1555 1163 ac
1590 1134 1681 1162 non

293 1190 442 1254 potius
466 1189 602 1235 dilata
626 1190 774 1253 requie
798 1206 899 1252 quae
933 1189 1224 1252 promittitur,
1253 1200 1450 1249 ageretur
1474 1188 1576 1235 fidei
1599 1206 1680 1235 ne-

295 1261 463 1321 gotium
483 1277 585 1307 cum
610 1260 743 1306 corde
761 1298 771 1316 ‚
798 1277 886 1305 non
904 1277 1005 1306 cum
1026 1260 1190 1317 oculis;
1215 1278 1266 1306 ac
1290 1260 1350 1306 sic
1373 1259 1573 1307 futurum
1596 1277 1681 1306 sae-

293 1332 443 1378 culum
462 1369 472 1388 ‚
500 1332 578 1377 ubi
604 1331 712 1377 nulli
736 1331 908 1377 labores
926 1342 1079 1387 erunt,
1102 1330 1222 1395 quod
1242 1331 1437 1378 nondum
1462 1331 1677 1387 videmus,

293 1413 335 1448 et
360 1403 608 1449 crederetur
627 1402 861 1458 sincerius,
885 1412 927 1448 et
951 1401 1281 1448 desiderabilius
1302 1406 1599 1466 quaereretur?
1620 1404 1681 1448 Ac

293 1492 371 1538 per
405 1473 492 1520 hoc
519 1474 635 1520 Deus
659 1473 831 1518 labores
869 1484 1037 1519 nostros
1053 1511 1063 1529 ,
1085 1473 1129 1519 id
1157 1483 1242 1529 est,
1266 1491 1422 1536 poenas
1444 1483 1609 1519 nostras
1627 1473 1682 1519 ad

294 1545 504 1593 utilitates
530 1555 698 1590 nostras
725 1543 915 1589 mirabili
936 1544 1204 1604 benignitate
1225 1544 1452 1591 convertit.
1479 1545 1587 1590 Haec
1612 1561 1682 1590 re-

294 1614 439 1662 fellere
453 1614 634 1678 cupiens
650 1614 861 1660 inutiliter
875 1625 918 1660 tu
930 1614 1103 1660 laboras
1122 1633 1132 1660 :
1151 1615 1323 1660 laboras
1336 1615 1448 1660 enim
1468 1614 1679 1679 pariendo

292 1686 461 1749 spinas,
494 1703 580 1731 non
616 1684 841 1731 evellendo
867 1703 877 1730 ε
905 1702 983 1730 nos
1007 1696 1149 1731 autem
1173 1685 1426 1731 laboramus
1458 1696 1507 1731 ut
1534 1686 1681 1749 spinas

294 1768 393 1804 tuas
414 1795 424 1814 ‚
451 1767 668 1821 quantum
704 1756 839 1802 donat
873 1756 1117 1813 Dominus,>
1150 1756 1396 1803 evellamus.
1436 1757 1529 1802 Nisi
1570 1757 1680 1802 forte

294 1827 392 1873 ideo
423 1845 509 1873 non
542 1827 740 1873 laborare
767 1837 805 1872 te
822 1830 984 1887 jactas,
1024 1828 1230 1890 quoniam
1265 1837 1329 1872 tot
1360 1827 1496 1873 libros
1526 1844 1681 1888 magna

294 1899 456 1959 ingenii
490 1898 698 1945 facilitate
736 1899 1006 1954 conscribis,
1050 1916 1099 1944 ac
1134 1898 1246 1944 sicut
1275 1898 1363 1944 illae
1400 1898 1606 1944 barbarae
1630 1916 1680 1944 ac

293 1970 524 2016 rusticanae
542 1969 675 2015 foetus
691 1986 788 2014 suos
803 2006 813 2025 ,
836 1968 894 2014 ita
909 1979 952 2014 et
973 1980 1020 2014 tu
1043 1969 1133 2015 sine
1157 1968 1415 2015 difficultate
1439 1968 1590 2032 spinas
1608 1986 1685 2032 pa-

294 2040 366 2088 ris.
392 2040 474 2086 Sed
498 2051 607 2104 puto
626 2039 746 2105 quod
768 2050 808 2085 te
828 2039 882 2085 de
905 2040 1068 2102 ingenii
1091 2039 1298 2086 facilitate
1321 2040 1681 2099 inaniterjactes3

294 2127 472 2175 prorsus
495 2111 670 2157 laboras
694 2129 703 2156 :
726 2110 950 2174 quomodo
966 2110 1081 2156 enim
1102 2110 1190 2170 agis
1211 2120 1259 2156 ut
1280 2128 1367 2157 non
1388 2110 1558 2156 labores
1572 2147 1581 2165 ,
1605 2110 1683 2174 qui

293 2182 424 2234 etiam
459 2182 628 2228 conaris
663 2181 945 2228 introducere
975 2182 1017 2227 in
1052 2182 1302 2245 paradisum
1337 2181 1532 2227 labores?
1568 2181 1678 2226 Nam

294 2254 445 2318 utique
474 2271 538 2299 res
560 2260 639 2299 ista
657 2264 822 2317 quanto
838 2253 1153 2316 impossibilior
1181 2253 1414 2315 probatur,
1438 2262 1559 2298 tanto
1581 2263 1681 2298 tuus

224 2351 229 2354 ·
292 2325 420 2373 labor
438 2337 480 2371 et
505 2325 693 2389 amplior
718 2335 759 2371 et
785 2325 957 2370 inanior
981 2324 1214 2371 invenitur.

358 2398 499 2443 XXX.
525 2396 623 2442 Jur„
658 2395 824 2441 «Haud
846 2413 945 2440 sane
965 2395 1279 2458 impugnavero
1309 2412 1406 2452 eos,
1434 2395 1510 2458 qui
1548 2405 1678 2440 autu-

295 2479 419 2515 mant
447 2467 587 2514 Adam
606 2505 617 2524 ,
647 2467 681 2513 si
707 2467 826 2513 dicto
850 2467 1029 2513 audiens
1048 2468 1275 2522 extitisset,
1301 2467 1354 2513 ad
1375 2467 1686 2513 immortalita-

298 2551 381 2585 tem
402 2539 592 2603 potuisse
609 2556 691 2602 pro
706 2538 1054 2584 remuneratione
1072 2538 1306 2584 transferri.
1340 2537 1494 2583 Enoch
1519 2537 1685 2600 quippe

294 2621 336 2657 et
366 2610 503 2657 Eliam
521 2610 746 2656 translatos
769 2609 975 2669 legimus,
1001 2627 1050 2655 nc
1072 2609 1269 2656 viderent
1296 2619 1497 2655 mortem.
1524 2607 1683 2654 Verum
