1863 3262
335 259 364 313 4
748 268 781 296 s.
827 263 1070 295 Aueusrrm
1106 264 1310 294 EPIscom

336 353 418 383 nus
439 332 720 382 reverentiam
742 330 936 377 omnium
951 330 1092 389 vigere
1109 329 1322 375 virtutum
1343 346 1353 374 z
1372 340 1624 393 oportuerat
1645 347 1717 376 re-

334 407 424 453 sisti
448 404 629 469 sapienti
651 420 817 464 semper
838 411 979 446 mente
1002 400 1279 454 criminibus,
1302 411 1343 445 et
1367 400 1577 446 demereri
1590 402 1718 447 bonis

333 477 486 523 studiis
514 475 765 522 Conditoris
787 472 1006 518 favorem:
1043 471 1225 530 dignum
1271 481 1362 516 erat
1390 482 1627 534 postremo,
1670 482 1720 517 ut

333 548 436 612 quia
466 547 540 592 hie
554 546 778 592 continuae
798 542 1038 588 devotionis
1052 542 1174 604 prior
1192 552 1232 586 et
1251 540 1417 586 felicior
1435 541 1593 600 gradus
1617 558 1720 587 cum

334 634 474 673 rarus,
494 628 586 662 tum
611 615 772 661 arduus
797 614 925 659 etiam
947 612 1075 657 nimis
1101 612 1292 663 videtur,
1316 611 1384 657 vel
1409 611 1486 657 diu
1509 610 1600 657 fota
1617 612 1721 659 vitia

333 689 498 752 respui,
525 699 567 734 et
588 688 642 732 ad
661 684 978 732 emendationis
1000 700 1048 729 ac
1080 683 1355 746 poenitentiae
1372 683 1627 746 praesidium
1652 700 1715 729 re-

335 759 433 806 diri.
463 759 733 822 Oportuerat
756 766 871 801 certe
893 753 959 800 vel
974 754 1018 798 in
1031 754 1118 799 hoc
1137 753 1433 798 inviolabilem
1452 754 1530 798 Dei
1551 771 1723 800 manere

335 829 617 876 reverentiam
636 865 646 883 ‚
685 837 734 871 ut
762 843 850 871 non
877 824 1005 869 nobis
1033 835 1138 869 esset
1169 841 1336 869 necesse
1361 823 1553 869 divinam
1587 823 1723 883 legem

335 910 459 945 *tanto
474 899 695 945 vindicare
719 895 954 941 certamine
978 912 987 938 :
1013 911 1162 939 verum
1185 894 1288 957 quia
1309 911 1358 939 eo
1383 911 1516 957 usque
1539 911 1724 957 peccan-

335 971 446 1016 tium
476 969 621 1015 furore
650 977 909 1030 perventum
929 975 1009 1020 est,
1035 975 1083 1010 ut
1114 965 1293 1009 summis
1326 963 1553 1009 laboribus
1580 966 1725 1009 Deum

334 1046 501 1102 justum
522 1057 608 1085 esse
626 1039 878 1093 doceamus,
904 1036 1039 1099 ipsius
1055 1035 1256 1094 justitiae,
1280 1039 1405 1095 cujus
1423 1051 1551 1080 causa
1568 1035 1723 1095 agitur,

337 1122 647 1176 praesumentes
666 1109 890 1163 auxilium,
906 1124 1006 1170 quae
1021 1107 1137 1152 libro
1154 1107 1433 1169 promisimus
1450 1106 1726 1170 praecedente

339 1181 587 1227 reddamus.
613 1204 627 1221 »

405 1255 703 1298 AUGosrimzs.
738 1248 955 1295 Auxilium
977 1246 1057 1292 Dei
1083 1248 1243 1310 quaeris
1274 1257 1321 1292 ut
1340 1246 1608 1310 impleantur
1627 1249 1728 1295 vani

339 1323 443 1369 libri
468 1324 550 1377 tui,
577 1333 617 1368 et
644 1339 730 1367 non
768 1319 951 1383 quaeris,
980 1329 1027 1364 ut
1057 1319 1332 1378 corrigantur
1357 1320 1547 1382 perversi
1582 1337 1729 1366 sensus

342 1395 419 1441 tui.
448 1393 610 1439 Vellem
636 1404 780 1438 tamen
803 1391 966 1436 diceres
989 1427 999 1445 ‚
1041 1400 1222 1452 propter
1260 1389 1367 1452 quid
1408 1390 1452 1435 in
1489 1390 1575 1437 hoc
1601 1409 1731 1455 opere

345 1463 551 1509 auxilium
574 1463 653 1508 Dei
692 1478 863 1525 poscas,
895 1477 995 1505 cum
1018 1459 1072 1503 sit
1092 1459 1137 1504 in
1166 1470 1238 1504 tuo
1260 1458 1399 1504 libero
1427 1461 1607 1507 arbitrio
1644 1462 1732 1508 sive

343 1534 484 1581 facere
502 1535 608 1589 hoc,
632 1533 719 1578 sive
741 1530 995 1576 nonfacere.
1021 1532 1087 1575 An
1110 1540 1157 1575 ut
1181 1548 1228 1576 ea
1250 1530 1329 1576 tibi
1349 1542 1507 1594 praesto
1527 1533 1612 1578 sint
1631 1550 1733 1597 quae

344 1604 391 1650 in
405 1615 613 1668 potestate
628 1614 699 1648 tua
721 1617 809 1647 non
824 1611 940 1657 sunt,
963 1611 1004 1645 et
1019 1600 1108 1645 sine
1124 1601 1287 1663 quibus
1304 1601 1391 1647 hoc
1411 1602 1520 1648 effici
1542 1621 1629 1649 non
1650 1621 1731 1667 po-

347 1686 452 1730 test3
469 1676 582 1721 sicut
605 1684 723 1728 sunt,
739 1683 788 1717 ut
804 1672 885 1717 alia
901 1672 1120 1726 omittam,
1138 1671 1229 1734 ipse
1246 1671 1386 1718 victus
1403 1684 1533 1737 atque
1555 1675 1695 1720 otium
1712 1677 1732 1721 'e‘

352 1747 409 1792 At
428 1746 525 1791 haec
548 1761 657 1808 pene
680 1759 849 1805 semper
877 1743 992 1787 Deus
1025 1758 1103 1804 per
1124 1741 1368 1788 voluntates
1400 1743 1527 1788 nobis
1563 1745 1736 1790 submi-

349 1818 505 1862 nistrat
530 1816 728 1861 aliorum.
761 1812 890 1858 Vides
919 1829 1019 1872 ergo
1036 1811 1082 1857 id
1103 1823 1140 1857 te
1165 1830 1340 1875 poscere
1365 1813 1421 1858 ab
1439 1815 1738 1878 omnipotente

352 1888 463 1942 Deo,
483 1902 582 1932 cum
601 1895 784 1947 propter
801 1881 1049 1945 implendos
1069 1893 1164 1928 tuos
1182 1882 1317 1928 libros
1339 1884 1483 1946 poscis
1507 1885 1734 1942 auxilium,

354 1968 403 2003 ut
432 1958 478 2003 in
517 1955 819 2001 voluntatibus
852 1953 1111 2008 hominum,
1143 1953 1261 2016 quod
1287 1966 1324 1998 te
1341 1954 1534 2014 adjuvet,
1559 1966 1600 2001 et
1618 1956 1740 2020 quod

356 2038 396 2072 te
421 2044 510 2072 non
529 2025 757 2089 impediat,
785 2034 1001 2086 operetur.
1034 2024 1145 2068 Nam
1181 2024 1214 2068 si
1238 2024 1384 2070 nolint
1423 2025 1623 2071 homines
1656 2027 1741 2073 tibi

353 2099 519 2143 victum
538 2095 868 2141 subministrare
899 2104 1186 2156 sumptusque
1211 2105 1497 2153 congruentes
1513 2132 1524 2151 ‚
1549 2096 1581 2141 si
1601 2097 1742 2144 nolint

355 2179 575 2232 postremo
611 2185 631 2211 a
654 2177 693 2210 te
723 2163 1008 2227 inquietando
1023 2163 1391 2227 impediendoque
1420 2182 1603 2221 cessare;
1631 2169 1742 2214 scri-

354 2240 474 2294 bere,
514 2237 581 2282 vel
627 2236 792 2281 dictare
819 2236 898 2279 ista
942 2251 1030 2278 non
1066 2235 1243 2297 poteris.
1276 2235 1432 2298 Speras
1462 2254 1563 2296 ergo
1583 2239 1741 2284 auxilio

354 2310 433 2356 Dei
459 2309 519 2354 sic
544 2308 610 2367 agi
627 2306 861 2351 hominum
888 2304 1132 2350 voluntates
1151 2306 1264 2350 inter
1294 2323 1405 2369 quos
1429 2307 1554 2362 vivis,
1587 2320 1636 2354 ut
1659 2309 1743 2355 tibi

349 2379 635 2426 necessarium
650 2376 760 2422 nihil
780 2376 901 2422 desit.
925 2397 944 2416 α
967 2377 1152 2421 Paratur
1175 2377 1288 2422 enim
1313 2376 1461 2441 (quod
1482 2396 1571 2424 non
1592 2380 1740 2426 credi-

350 2474 370 2494 »
391 2450 467 2514 tis)
488 2449 686 2497 voluntas
708 2466 730 2493 a
753 2446 941 2493 Domino
956 2445 990 2494 4.
1016 2468 1037 2489 »
1061 2449 1148 2493 Aut
1162 2447 1296 2507 igitur
1316 2458 1441 2495 tuum
1463 2448 1623 2510 dogma
1640 2454 1738 2511 jam

394 2559 404 2580 ¹
422 2558 516 2590 Prov.
536 2567 610 2600 vm,
627 2556 719 2599 juxta
737 2567 811 2589 Lxx.
