1863 3262
163 283 320 315 opums
356 280 615 313 mruuruuri
650 280 826 311 com-im
865 281 1112 323 autumni,
1155 282 1241 313 ιιΒ.
1286 282 1345 314 1v.
1397 266 1491 314 285

115 349 285 405 fatuus,
311 348 419 394 alius
435 345 690 392 naturaliter
713 345 949 391 obliviosus
966 383 976 402 ‚
1004 346 1111 392 alius
1134 347 1385 394 naturaliter
1403 347 1494 394 ira-

117 420 312 473 cundus3
343 430 384 464 et
409 429 565 464 caetera
590 417 922 462 innumerabilia
955 418 1083 473 vitia,
1111 419 1196 464 sive
1231 436 1492 482 corporum,

117 490 229 545 sive,
252 488 371 553 quod
398 498 460 533 est
486 487 684 547 graviuS‚
710 487 981 542 animorum,
1014 489 1094 533 Dei
1119 489 1296 552 opificio
1328 500 1498 535 creato-

116 577 240 616 rum,
264 558 544 620 ejusdemque
566 557 643 602 Dei
668 557 842 602 occulto
862 593 872 613 ,
895 558 966 603 scd
982 561 1099 616 justo
1127 559 1295 618 judicio
1317 560 1497 605 vitiato-

117 646 230 676 rum.
262 627 383 673 Idem
409 628 574 690 quippe
594 627 686 690 ipse
711 627 842 672 totius
859 627 1049 673 hominis
1074 639 1268 674 creator:
1296 640 1501 676 ettamen

118 698 315 763 quamvis
345 714 445 743 cum
478 701 569 757 ejus
605 696 733 742 laude
765 708 920 742 natura
951 698 1005 742 sit
1029 698 1190 751 homo;
1212 699 1334 745 nullo
1368 699 1498 745 modo

120 779 262 814 tamen
284 784 385 814 cum
417 771 509 828 ejus
533 767 851 831 vituperatione
875 778 1029 813 natura
1052 769 1231 814 vitiosus
1255 780 1316 814 est
1342 769 1493 816 homo.

122 839 294 885 Scimus
327 838 475 902 itaque
511 855 599 883 non
636 837 766 893 vitia,
815 837 887 883 sed
922 849 1098 884 naturas
1130 855 1218 884 esse
1249 839 1502 884 tribuendas

122 908 338 955 conditori
363 909 455 953 Deo
477 925 487 953 ε
510 907 584 953 sed
625 906 740 953 unde
776 907 861 953 sint
899 909 1029 965 vitia,
1066 908 1196 954 debet
1223 909 1399 965 dicere,
1428 909 1506 972 qui

121 979 218 1026 vult
236 979 428 1024 resistere
458 977 718 1024 Manichaeo.
761 979 815 1023 Et
845 978 898 1024 de
933 978 1114 1024 aliarum
1150 979 1327 1042 quidem
1360 996 1503 1025 rerum

123 1050 259 1105 vitiis,
285 1066 394 1112 quas
411 1067 435 1094 a
459 1052 552 1094 Deo
574 1059 738 1094 creatas
757 1049 961 1106 fatemur,
990 1050 1063 1095 sed
1082 1053 1172 1110 ejus
1191 1051 1506 1114 sapientissima

125 1120 421 1177 ordinatione,
440 1124 528 1168 sive
546 1120 674 1165 bonis
692 1157 703 1174 ‚
726 1120 813 1165 sive
837 1122 965 1165 etiam
993 1121 1116 1166 malis
1145 1121 1317 1180 Angelis
1347 1120 1506 1166 subdi-

126 1202 191 1238 tas
207 1228 217 1247 ,
245 1190 505 1254 respondere
527 1190 787 1237 facillimum
806 1202 894 1248 est,
924 1192 980 1237 ab
1007 1192 1065 1237 eis
1085 1191 1244 1255 quibus
1265 1192 1509 1251 subjacent,

127 1279 273 1309 earum
294 1279 470 1325 quoque
490 1279 651 1308 semina
677 1281 799 1326 posse
824 1263 991 1318 vitiari,
1021 1273 1069 1308 ut
1089 1280 1175 1309 non
1202 1263 1340 1308 solum
1368 1264 1475 1308 fiant
1495 1299 1505 1318 ‚

127 1333 410 1380 verumetiam
447 1333 756 1395 concipiantur
795 1344 1117 1396 nascanturque
1136 1333 1318 1380 vitiosae.
1344 1334 1407 1378 De
1435 1333 1513 1378 ho-

128 1403 244 1449 mine
262 1402 420 1462 agitur,
437 1402 490 1447 de
504 1403 702 1449 rationali
718 1403 953 1459 animante,
976 1403 1029 1449 de
1048 1403 1233 1463 imagine
1253 1403 1331 1449 Dei
1348 1404 1507 1463 agitur,

130 1477 258 1534 cujus
278 1483 429 1518 natura
453 1472 574 1518 nullo
593 1473 724 1519 modo
751 1473 918 1520 diaboli
937 1473 1182 1519 ludibrium
1209 1475 1355 1530 fieret,
1382 1491 1513 1538 quem

131 1553 247 1591 recte
270 1543 490 1589 credimus
514 1553 737 1590 auctorem
770 1561 856 1590 esse
878 1544 1111 1602 vitiorum,
1139 1544 1222 1589 nisi
1247 1561 1325 1607 per
1350 1544 1514 1604 justum

133 1613 217 1660 Dei
240 1613 460 1673 judicium
497 1624 676 1678 propter
706 1615 914 1674 originale
934 1625 1181 1678 peccatum.
1219 1615 1416 1678 Denique
1436 1632 1515 1661 nec

134 1701 210 1730 vos
245 1684 353 1747 ipsi,
396 1695 610 1748 quantum
651 1685 845 1730 existimo
869 1722 880 1741 ‚
917 1685 1060 1731 dicere
1090 1685 1286 1742 audetis,
1320 1685 1518 1748 quamvis

135 1753 293 1814 dogma
316 1764 506 1801 vestrum
541 1755 641 1801 haec
671 1766 760 1801 tam
799 1755 894 1802 dira
929 1767 1134 1819 sequatur
1167 1754 1437 1812 absurditas,
1473 1755 1517 1800 in

135 1823 338 1888 paradiso
358 1836 556 1871 exortura
587 1824 716 1872 fuisse
745 1836 812 1871 tot
843 1842 892 1872 ac
921 1836 1041 1871 tanta
1076 1826 1176 1872 vitia
1216 1826 1456 1881 naturalia,
1485 1826 1520 1870 si

137 1905 347 1958 peccante
371 1896 570 1952 nemine,
609 1896 681 1942 illa
709 1897 753 1941 in
793 1913 877 1959 qua
907 1907 968 1943 est
998 1897 1174 1942 condita
1193 1933 1204 1951 ‚
1238 1906 1409 1942 naturae
1426 1897 1518 1942 liu-

139 1982 282 2010 manae
301 1964 481 2011 felicitas
497 1977 781 2029 permaneret.
813 1967 900 2012 Vos
927 1977 1067 2012 autem
1093 1977 1295 2027 negantes
1312 1966 1519 2026 originale

140 2046 368 2100 peccatum
391 2073 401 2093 ,
442 2036 639 2100 profecto
668 2054 849 2083 nauram
889 2054 1022 2101 quam
1059 2038 1174 2083 Deus
1209 2053 1297 2081 non
1326 2036 1519 2091 creavit,

141 2122 189 2150 ex
210 2110 336 2164 cujus
358 2106 662 2151 commixtione
683 2107 771 2152 sint
789 2106 1020 2152 hominum
1041 2123 1140 2152 cum
1157 2106 1319 2169 quibus
1340 2123 1524 2152 nascun-

144 2185 215 2221 tur
243 2175 347 2222 vitia
366 2213 376 2232 ‚
402 2176 541 2222 facitis
574 2176 812 2225 introduci.
853 2177 891 2221 O
917 2177 1106 2240 perversi
1126 2176 1349 2233 haeretici,
1378 2176 1526 2222 Mani-

145 2245 372 2292 chaeorum
409 2246 651 2306 adjutores,
685 2246 738 2293 de
777 2247 1034 2294 Manichaeis
1072 2248 1432 2303 calumniatores,
1483 2257 1525 2292 ct

146 2317 467 2363 catholicorum
483 2318 632 2364 eadem
664 2317 943 2364 concorditer
966 2330 1117 2365 contra
1149 2336 1224 2366 vos
1252 2335 1351 2364 vera
1373 2317 1527 2363 dicen-

148 2388 258 2433 tium
287 2387 471 2434 aliorum
493 2389 752 2435 contentiosi
778 2389 1102 2447 criminatores,
1132 2390 1316 2436 aliorum
1353 2388 1529 2435 subdoli

149 2457 410 2506 adulatores.

215 2531 416 2578 CXXIV.
457 2531 483 2575 J
492 2547 556 2578 UL.
587 2553 609 2574 «
629 2533 839 2596 Expectet
868 2549 987 2580 nunc
1014 2532 1196 2579 forsitan
1232 2532 1385 2588 lector,
1418 2548 1533 2595 quo-

157 2597 288 2648 modo
315 2600 401 2650 hoc
425 2601 719 2650 testimonium
740 2603 897 2651 debeat
923 2602 1105 2665 intelligi
1128 2621 1138 2650 ε
1159 2604 1278 2669 quod
1309 2612 1422 2650 certe
1450 2619 1536 2648 non
