<?xml version="1.0" encoding="UTF-8"?>
<!DOCTYPE html PUBLIC "-//W3C//DTD XHTML 1.0 Transitional//EN"
    "http://www.w3.org/TR/xhtml1/DTD/xhtml1-transitional.dtd">
<html xmlns="http://www.w3.org/1999/xhtml" xml:lang="en" lang="en">
 <head>
  <title>
</title>
<meta http-equiv="Content-Type" content="text/html;charset=utf-8" />
  <meta name='ocr-system' content='tesseract 3.04.00' />
  <meta name='ocr-capabilities' content='ocr_page ocr_carea ocr_par ocr_line ocrx_word'/>
</head>
<body>
  <div class='ocr_page' id='page_1' title='image "./operaomniaaccura37auguuoft/operaomniaaccura37auguuoft_0326.png"; bbox 0 0 1824 3236; ppageno 0'>
   <div class='ocr_carea' id='block_1_1' title="bbox 329 213 1317 258">
    <p class='ocr_par' dir='ltr' id='par_1_1' title="bbox 329 213 1317 258">
     <span class='ocr_line' id='line_1_1' title="bbox 329 213 1317 258; baseline -0.001 -1"><span class='ocrx_word' id='word_1_1' title='bbox 329 213 421 258; x_wconf 63' lang='lat'>31&amp;</span> <span class='ocrx_word' id='word_1_2' title='bbox 753 225 792 255; x_wconf 89' lang='lat' dir='ltr'>s.</span> <span class='ocrx_word' id='word_1_3' title='bbox 831 223 1078 256; x_wconf 70' lang='lat' dir='ltr'>Aueusrim</span> <span class='ocrx_word' id='word_1_4' title='bbox 1109 224 1317 258; x_wconf 81' lang='lat' dir='ltr'>EPISCOPI</span> 
     </span>
    </p>
   </div>
   <div class='ocr_carea' id='block_1_2' title="bbox 330 289 1756 2555">
    <p class='ocr_par' dir='ltr' id='par_1_2' title="bbox 330 289 1738 1276">
     <span class='ocr_line' id='line_1_2' title="bbox 330 289 1708 356; baseline 0.001 -19"><span class='ocrx_word' id='word_1_5' title='bbox 330 292 406 337; x_wconf 78' lang='lat' dir='ltr'>dos</span> <span class='ocrx_word' id='word_1_6' title='bbox 428 312 439 344; x_wconf 71' lang='grc' dir='ltr'><strong>ς</strong></span> <span class='ocrx_word' id='word_1_7' title='bbox 467 290 574 336; x_wconf 86' lang='lat' dir='ltr'>dicis</span> <span class='ocrx_word' id='word_1_8' title='bbox 594 307 673 354; x_wconf 86' lang='lat' dir='ltr'>per</span> <span class='ocrx_word' id='word_1_9' title='bbox 693 289 961 337; x_wconf 74' lang='lat' dir='ltr'>Salvatorcln</span> <span class='ocrx_word' id='word_1_10' title='bbox 981 291 1255 356; x_wconf 68' lang='lat' dir='ltr'>{adoptandos</span> <span class='ocrx_word' id='word_1_11' title='bbox 1272 330 1282 350; x_wconf 85' lang='grc'>,</span> <span class='ocrx_word' id='word_1_12' title='bbox 1309 303 1350 338; x_wconf 84' lang='lat' dir='ltr'>et</span> <span class='ocrx_word' id='word_1_13' title='bbox 1371 310 1496 353; x_wconf 80' lang='lat' dir='ltr'>negas</span> <span class='ocrx_word' id='word_1_14' title='bbox 1522 310 1608 339; x_wconf 80' lang='lat' dir='ltr'>esso</span> <span class='ocrx_word' id='word_1_15' title='bbox 1629 294 1708 340; x_wconf 78' lang='lat' dir='ltr'>sal-</span> 
     </span>
     <span class='ocr_line' id='line_1_3' title="bbox 333 361 1716 427; baseline 0.002 -20"><span class='ocrx_word' id='word_1_16' title='bbox 333 362 513 408; x_wconf 67' lang='lat' dir='ltr'>x-andos.</span> <span class='ocrx_word' id='word_1_17' title='bbox 546 361 631 407; x_wconf 76' lang='lat' dir='ltr'>Sed</span> <span class='ocrx_word' id='word_1_18' title='bbox 655 379 732 408; x_wconf 88' lang='lat' dir='ltr'>nos</span> <span class='ocrx_word' id='word_1_19' title='bbox 750 363 808 408; x_wconf 86' lang='lat' dir='ltr'>eis</span> <span class='ocrx_word' id='word_1_20' title='bbox 827 362 1028 409; x_wconf 79' lang='lat' dir='ltr'>videlicet</span> <span class='ocrx_word' id='word_1_21' title='bbox 1053 364 1389 421; x_wconf 75' lang='lat' dir='ltr'>calumniamur,</span> <span class='ocrx_word' id='word_1_22' title='bbox 1409 365 1511 427; x_wconf 74' lang='lat' dir='ltr'>quia</span> <span class='ocrx_word' id='word_1_23' title='bbox 1529 365 1716 411; x_wconf 81' lang='lat' dir='ltr'>dicimus</span> 
     </span>
     <span class='ocr_line' id='line_1_4' title="bbox 333 433 1720 499; baseline 0.001 -20"><span class='ocrx_word' id='word_1_24' title='bbox 333 451 404 479; x_wconf 88' lang='lat' dir='ltr'>eos</span> <span class='ocrx_word' id='word_1_25' title='bbox 438 444 630 478; x_wconf 85' lang='lat' dir='ltr'>mortuos</span> <span class='ocrx_word' id='word_1_26' title='bbox 666 451 752 479; x_wconf 85' lang='lat' dir='ltr'>esse</span> <span class='ocrx_word' id='word_1_27' title='bbox 787 434 831 478; x_wconf 91' lang='lat' dir='ltr'>in</span> <span class='ocrx_word' id='word_1_28' title='bbox 867 433 1034 480; x_wconf 82' lang='lat' dir='ltr'>delictis</span> <span class='ocrx_word' id='word_1_29' title='bbox 1058 445 1099 480; x_wconf 85' lang='lat' dir='ltr'>ct</span> <span class='ocrx_word' id='word_1_30' title='bbox 1119 436 1339 499; x_wconf 61' lang='lat' dir='ltr'>praeputio</span> <span class='ocrx_word' id='word_1_31' title='bbox 1365 436 1504 481; x_wconf 77' lang='lat' dir='ltr'>carnis</span> <span class='ocrx_word' id='word_1_32' title='bbox 1530 453 1648 489; x_wconf 67' lang='lat' dir='ltr'>sua-:¹3</span> <span class='ocrx_word' id='word_1_33' title='bbox 1679 446 1720 481; x_wconf 84' lang='lat' dir='ltr'>et</span> 
     </span>
     <span class='ocr_line' id='line_1_5' title="bbox 337 504 1717 570; baseline 0.001 -20"><span class='ocrx_word' id='word_1_34' title='bbox 337 504 434 550; x_wconf 80' lang='lat' dir='ltr'>idco</span> <span class='ocrx_word' id='word_1_35' title='bbox 458 504 501 549; x_wconf 92' lang='lat' dir='ltr'>in</span> <span class='ocrx_word' id='word_1_36' title='bbox 535 516 673 550; x_wconf 85' lang='lat' dir='ltr'>morte</span> <span class='ocrx_word' id='word_1_37' title='bbox 709 505 877 550; x_wconf 81' lang='lat' dir='ltr'>Christi</span> <span class='ocrx_word' id='word_1_38' title='bbox 902 505 1142 568; x_wconf 73' lang='lat' dir='ltr'>baptizari„</span> <span class='ocrx_word' id='word_1_39' title='bbox 1166 518 1214 552; x_wconf 86' lang='lat' dir='ltr'>ut</span> <span class='ocrx_word' id='word_1_40' title='bbox 1236 507 1476 552; x_wconf 74' lang='lat' dir='ltr'>moriantur</span> <span class='ocrx_word' id='word_1_41' title='bbox 1501 518 1681 570; x_wconf 77' lang='lat' dir='ltr'>peccato</span> <span class='ocrx_word' id='word_1_42' title='bbox 1705 543 1717 562; x_wconf 81' lang='grc'>,</span> 
     </span>
     <span class='ocr_line' id='line_1_6' title="bbox 337 575 1725 639; baseline 0.001 -19"><span class='ocrx_word' id='word_1_43' title='bbox 337 576 413 639; x_wconf 85' lang='lat' dir='ltr'>qui</span> <span class='ocrx_word' id='word_1_44' title='bbox 441 576 600 620; x_wconf 88' lang='lat' dir='ltr'>mortui</span> <span class='ocrx_word' id='word_1_45' title='bbox 622 575 794 620; x_wconf 79' lang='lat' dir='ltr'>fuerant</span> <span class='ocrx_word' id='word_1_46' title='bbox 825 576 869 621; x_wconf 91' lang='lat' dir='ltr'>in</span> <span class='ocrx_word' id='word_1_47' title='bbox 898 587 1079 638; x_wconf 71' lang='lat' dir='ltr'>peccato</span> <span class='ocrx_word' id='word_1_48' title='bbox 1105 595 1115 621; x_wconf 90' lang='lat'>:</span> <span class='ocrx_word' id='word_1_49' title='bbox 1144 586 1185 621; x_wconf 86' lang='lat' dir='ltr'>ct</span> <span class='ocrx_word' id='word_1_50' title='bbox 1210 589 1258 623; x_wconf 91' lang='lat' dir='ltr'>tu</span> <span class='ocrx_word' id='word_1_51' title='bbox 1282 595 1353 622; x_wconf 85' lang='lat' dir='ltr'>cos</span> <span class='ocrx_word' id='word_1_52' title='bbox 1385 577 1578 622; x_wconf 70' lang='lat' dir='ltr'>defendis</span> <span class='ocrx_word' id='word_1_53' title='bbox 1597 582 1624 632; x_wconf 71' lang='grc'>,’</span> <span class='ocrx_word' id='word_1_54' title='bbox 1649 576 1725 639; x_wconf 89' lang='lat' dir='ltr'>qui</span> 
     </span>
     <span class='ocr_line' id='line_1_7' title="bbox 338 646 1720 706; baseline 0.001 -15"><span class='ocrx_word' id='word_1_55' title='bbox 338 646 538 705; x_wconf 80' lang='lat' dir='ltr'>negando</span> <span class='ocrx_word' id='word_1_56' title='bbox 559 646 654 692; x_wconf 85' lang='lat' dir='ltr'>illos</span> <span class='ocrx_word' id='word_1_57' title='bbox 673 657 890 702; x_wconf 72' lang='lat' dir='ltr'>mortuos,</span> <span class='ocrx_word' id='word_1_58' title='bbox 917 647 960 692; x_wconf 86' lang='lat' dir='ltr'>id</span> <span class='ocrx_word' id='word_1_59' title='bbox 980 647 1069 706; x_wconf 78' lang='lat' dir='ltr'>agis</span> <span class='ocrx_word' id='word_1_60' title='bbox 1088 685 1097 702; x_wconf 91' lang='lat'><strong>‚</strong></span> <span class='ocrx_word' id='word_1_61' title='bbox 1124 665 1176 693; x_wconf 85' lang='lat' dir='ltr'>nc</span> <span class='ocrx_word' id='word_1_62' title='bbox 1196 648 1250 693; x_wconf 76' lang='lat' dir='ltr'>ab</span> <span class='ocrx_word' id='word_1_63' title='bbox 1280 649 1338 693; x_wconf 82' lang='lat' dir='ltr'>eis</span> <span class='ocrx_word' id='word_1_64' title='bbox 1366 648 1477 693; x_wconf 79' lang='lat' dir='ltr'>foras</span> <span class='ocrx_word' id='word_1_65' title='bbox 1504 648 1720 702; x_wconf 83' lang='lat' dir='ltr'>mittatur,</span> 
     </span>
     <span class='ocr_line' id='line_1_8' title="bbox 343 718 1727 781; baseline 0.001 -19"><span class='ocrx_word' id='word_1_66' title='bbox 343 718 419 780; x_wconf 85' lang='lat' dir='ltr'>qui</span> <span class='ocrx_word' id='word_1_67' title='bbox 456 719 605 763; x_wconf 83' lang='lat' dir='ltr'>mortis</span> <span class='ocrx_word' id='word_1_68' title='bbox 635 729 890 781; x_wconf 80' lang='lat' dir='ltr'>potestatem</span> <span class='ocrx_word' id='word_1_69' title='bbox 916 718 1080 769; x_wconf 75' lang='lat' dir='ltr'>hai&gt;ct3</span> <span class='ocrx_word' id='word_1_70' title='bbox 1123 735 1172 763; x_wconf 81' lang='lat' dir='ltr'>ac</span> <span class='ocrx_word' id='word_1_71' title='bbox 1204 718 1265 763; x_wconf 88' lang='lat' dir='ltr'>sic</span> <span class='ocrx_word' id='word_1_72' title='bbox 1296 719 1350 763; x_wconf 86' lang='lat' dir='ltr'>de</span> <span class='ocrx_word' id='word_1_73' title='bbox 1384 729 1521 764; x_wconf 83' lang='lat' dir='ltr'>morte</span> <span class='ocrx_word' id='word_1_74' title='bbox 1556 718 1727 764; x_wconf 79' lang='lat' dir='ltr'>Christi</span> 
     </span>
     <span class='ocr_line' id='line_1_9' title="bbox 345 788 1729 852; baseline 0 -19"><span class='ocrx_word' id='word_1_75' title='bbox 345 788 515 834; x_wconf 87' lang='lat' dir='ltr'>nullum</span> <span class='ocrx_word' id='word_1_76' title='bbox 541 790 1161 851; x_wconf 54' lang='lat' dir='ltr'>beneficiumconsequantur,</span> <span class='ocrx_word' id='word_1_77' title='bbox 1191 789 1268 852; x_wconf 82' lang='lat' dir='ltr'>qui</span> <span class='ocrx_word' id='word_1_78' title='bbox 1295 806 1405 834; x_wconf 88' lang='lat' dir='ltr'>unus</span> <span class='ocrx_word' id='word_1_79' title='bbox 1425 807 1504 852; x_wconf 82' lang='lat' dir='ltr'>pro</span> <span class='ocrx_word' id='word_1_80' title='bbox 1523 789 1729 834; x_wconf 87' lang='lat' dir='ltr'>omnibus</span> 
     </span>
     <span class='ocr_line' id='line_1_10' title="bbox 344 858 1731 923; baseline -0.001 -19"><span class='ocrx_word' id='word_1_81' title='bbox 344 869 541 904; x_wconf 77' lang='lat' dir='ltr'>mortuus</span> <span class='ocrx_word' id='word_1_82' title='bbox 564 870 639 905; x_wconf 81' lang='lat' dir='ltr'>cst.</span> <span class='ocrx_word' id='word_1_83' title='bbox 667 859 799 916; x_wconf 77' lang='lat' dir='ltr'>Quod</span> <span class='ocrx_word' id='word_1_84' title='bbox 824 876 923 905; x_wconf 89' lang='lat' dir='ltr'>cum</span> <span class='ocrx_word' id='word_1_85' title='bbox 950 859 1122 904; x_wconf 74' lang='lat' dir='ltr'>dixisset</span> <span class='ocrx_word' id='word_1_86' title='bbox 1143 859 1399 923; x_wconf 73' lang='lat' dir='ltr'>Apostolus,</span> <span class='ocrx_word' id='word_1_87' title='bbox 1431 877 1528 904; x_wconf 81' lang='lat' dir='ltr'>mox</span> <span class='ocrx_word' id='word_1_88' title='bbox 1553 858 1731 904; x_wconf 89' lang='lat' dir='ltr'>conclu-</span> 
     </span>
     <span class='ocr_line' id='line_1_11' title="bbox 345 929 1733 994; baseline 0.001 -21"><span class='ocrx_word' id='word_1_89' title='bbox 345 930 398 973; x_wconf 81' lang='lat' dir='ltr'>sit</span> <span class='ocrx_word' id='word_1_90' title='bbox 420 940 547 992; x_wconf 70' lang='lat' dir='ltr'>atquc</span> <span class='ocrx_word' id='word_1_91' title='bbox 568 930 625 974; x_wconf 77' lang='lat' dir='ltr'>ait</span> <span class='ocrx_word' id='word_1_92' title='bbox 648 947 657 974; x_wconf 93' lang='lat'>:</span> <span class='ocrx_word' id='word_1_93' title='bbox 686 950 706 970; x_wconf 84' lang='lat'>«</span> <span class='ocrx_word' id='word_1_94' title='bbox 730 931 841 988; x_wconf 68' lang='lat' dir='ltr'>Ergo</span> <span class='ocrx_word' id='word_1_95' title='bbox 861 947 1008 975; x_wconf 73' lang='lat' dir='ltr'>omncs</span> <span class='ocrx_word' id='word_1_96' title='bbox 1032 931 1190 975; x_wconf 80' lang='lat' dir='ltr'>mortui</span> <span class='ocrx_word' id='word_1_97' title='bbox 1210 941 1336 985; x_wconf 84' lang='lat' dir='ltr'>sunt,</span> <span class='ocrx_word' id='word_1_98' title='bbox 1362 941 1403 975; x_wconf 85' lang='lat' dir='ltr'>ct</span> <span class='ocrx_word' id='word_1_99' title='bbox 1425 947 1506 994; x_wconf 84' lang='lat' dir='ltr'>pro</span> <span class='ocrx_word' id='word_1_100' title='bbox 1528 929 1733 975; x_wconf 82' lang='lat' dir='ltr'>omnibus</span> 
     </span>
     <span class='ocr_line' id='line_1_12' title="bbox 349 998 1734 1064; baseline 0.002 -23"><span class='ocrx_word' id='word_1_101' title='bbox 349 1011 585 1044; x_wconf 81' lang='lat' dir='ltr'>»mortuus</span> <span class='ocrx_word' id='word_1_102' title='bbox 606 1010 664 1044; x_wconf 65' lang='lat' dir='ltr'>est</span> <span class='ocrx_word' id='word_1_103' title='bbox 684 998 716 1046; x_wconf 64' lang='lat'>1,</span> <span class='ocrx_word' id='word_1_104' title='bbox 746 1021 765 1040; x_wconf 86' lang='grc'>»</span> <span class='ocrx_word' id='word_1_105' title='bbox 791 999 913 1044; x_wconf 58' lang='lat' dir='ltr'>Lndc</span> <span class='ocrx_word' id='word_1_106' title='bbox 933 1001 1006 1061; x_wconf 74' lang='lat' dir='ltr'>qui</span> <span class='ocrx_word' id='word_1_107' title='bbox 1026 1001 1084 1045; x_wconf 77' lang='lat' dir='ltr'>ita</span> <span class='ocrx_word' id='word_1_108' title='bbox 1106 1000 1301 1046; x_wconf 69' lang='lat' dir='ltr'>defendit</span> <span class='ocrx_word' id='word_1_109' title='bbox 1327 1001 1531 1064; x_wconf 71' lang='lat' dir='ltr'>parvulos</span> <span class='ocrx_word' id='word_1_110' title='bbox 1549 1038 1558 1055; x_wconf 79' lang='lat'><strong><em>‚</em></strong></span> <span class='ocrx_word' id='word_1_111' title='bbox 1589 1010 1636 1044; x_wconf 89' lang='lat' dir='ltr'>ut</span> <span class='ocrx_word' id='word_1_112' title='bbox 1656 1017 1734 1044; x_wconf 75' lang='lat' dir='ltr'>nc-</span> 
     </span>
     <span class='ocr_line' id='line_1_13' title="bbox 348 1071 1735 1129; baseline 0.001 -16"><span class='ocrx_word' id='word_1_113' title='bbox 348 1080 417 1129; x_wconf 83' lang='lat' dir='ltr'>get</span> <span class='ocrx_word' id='word_1_114' title='bbox 436 1080 653 1124; x_wconf 79' lang='lat' dir='ltr'>mortuos3</span> <span class='ocrx_word' id='word_1_115' title='bbox 691 1088 778 1115; x_wconf 85' lang='lat' dir='ltr'>non</span> <span class='ocrx_word' id='word_1_116' title='bbox 811 1088 881 1115; x_wconf 88' lang='lat' dir='ltr'>cos</span> <span class='ocrx_word' id='word_1_117' title='bbox 909 1089 930 1115; x_wconf 86' lang='lat' dir='ltr'>a</span> <span class='ocrx_word' id='word_1_118' title='bbox 961 1082 1097 1115; x_wconf 81' lang='lat' dir='ltr'>morte</span> <span class='ocrx_word' id='word_1_119' title='bbox 1130 1071 1350 1125; x_wconf 70' lang='lat' dir='ltr'>defendit‚</span> <span class='ocrx_word' id='word_1_120' title='bbox 1378 1071 1450 1116; x_wconf 82' lang='lat' dir='ltr'>sed</span> <span class='ocrx_word' id='word_1_121' title='bbox 1476 1071 1521 1116; x_wconf 92' lang='lat' dir='ltr'>in</span> <span class='ocrx_word' id='word_1_122' title='bbox 1551 1080 1735 1115; x_wconf 86' lang='lat' dir='ltr'>mortem</span> 
     </span>
     <span class='ocr_line' id='line_1_14' title="bbox 349 1139 1738 1204; baseline 0 -20"><span class='ocrx_word' id='word_1_123' title='bbox 349 1140 585 1186; x_wconf 79' lang='lat' dir='ltr'>secundam</span> <span class='ocrx_word' id='word_1_124' title='bbox 609 1141 790 1204; x_wconf 81' lang='lat' dir='ltr'>premit,</span> <span class='ocrx_word' id='word_1_125' title='bbox 817 1158 927 1204; x_wconf 83' lang='lat' dir='ltr'>quos</span> <span class='ocrx_word' id='word_1_126' title='bbox 953 1142 1008 1186; x_wconf 79' lang='lat' dir='ltr'>ab</span> <span class='ocrx_word' id='word_1_127' title='bbox 1029 1145 1120 1201; x_wconf 80' lang='lat' dir='ltr'>ejus</span> <span class='ocrx_word' id='word_1_128' title='bbox 1146 1142 1385 1196; x_wconf 81' lang='lat' dir='ltr'>beneficio,</span> <span class='ocrx_word' id='word_1_129' title='bbox 1423 1141 1500 1204; x_wconf 89' lang='lat' dir='ltr'>qui</span> <span class='ocrx_word' id='word_1_130' title='bbox 1532 1157 1620 1186; x_wconf 85' lang='lat' dir='ltr'>non</span> <span class='ocrx_word' id='word_1_131' title='bbox 1655 1139 1738 1185; x_wconf 84' lang='lat' dir='ltr'>nisi</span> 
     </span>
     <span class='ocr_line' id='line_1_15' title="bbox 349 1213 1391 1276; baseline 0.004 -21"><span class='ocrx_word' id='word_1_132' title='bbox 349 1229 430 1275; x_wconf 82' lang='lat' dir='ltr'>pro</span> <span class='ocrx_word' id='word_1_133' title='bbox 453 1214 634 1258; x_wconf 83' lang='lat' dir='ltr'>mortuis</span> <span class='ocrx_word' id='word_1_134' title='bbox 659 1223 857 1258; x_wconf 82' lang='lat' dir='ltr'>mortuus</span> <span class='ocrx_word' id='word_1_135' title='bbox 879 1213 1166 1276; x_wconf 75' lang='lat' dir='ltr'>piaedicatur,</span> <span class='ocrx_word' id='word_1_136' title='bbox 1187 1213 1391 1260; x_wconf 80' lang='lat' dir='ltr'>excludit.</span> 
     </span>
    </p>

    <p class='ocr_par' dir='ltr' id='par_1_3' title="bbox 354 1281 1752 2129">
     <span class='ocr_line' id='line_1_16' title="bbox 417 1281 1740 1341; baseline -0.001 -14"><span class='ocrx_word' id='word_1_137' title='bbox 417 1284 471 1329; x_wconf 68' lang='lat' dir='ltr'>X.</span> <span class='ocrx_word' id='word_1_138' title='bbox 514 1284 617 1330; x_wconf 69' lang='lat' dir='ltr'>JcL.</span> <span class='ocrx_word' id='word_1_139' title='bbox 656 1286 798 1329; x_wconf 81' lang='lat' dir='ltr'>«Post</span> <span class='ocrx_word' id='word_1_140' title='bbox 836 1285 958 1341; x_wconf 83' lang='lat' dir='ltr'>haec,</span> <span class='ocrx_word' id='word_1_141' title='bbox 1000 1302 1175 1330; x_wconf 81' lang='lat' dir='ltr'>omnem</span> <span class='ocrx_word' id='word_1_142' title='bbox 1217 1284 1344 1330; x_wconf 86' lang='lat' dir='ltr'>illum</span> <span class='ocrx_word' id='word_1_143' title='bbox 1389 1293 1637 1329; x_wconf 81' lang='lat' dir='ltr'>contextum</span> <span class='ocrx_word' id='word_1_144' title='bbox 1687 1281 1740 1327; x_wconf 89' lang='lat' dir='ltr'>de</span> 
     </span>
     <span class='ocr_line' id='line_1_17' title="bbox 354 1353 1742 1419; baseline -0.002 -19"><span class='ocrx_word' id='word_1_145' title='bbox 354 1354 578 1400; x_wconf 69' lang='lat' dir='ltr'>Abraham</span> <span class='ocrx_word' id='word_1_146' title='bbox 605 1366 647 1400; x_wconf 85' lang='lat' dir='ltr'>et</span> <span class='ocrx_word' id='word_1_147' title='bbox 671 1356 802 1413; x_wconf 77' lang='lat' dir='ltr'>Sara,</span> <span class='ocrx_word' id='word_1_148' title='bbox 838 1356 914 1419; x_wconf 88' lang='lat' dir='ltr'>qui</span> <span class='ocrx_word' id='word_1_149' title='bbox 948 1356 1157 1401; x_wconf 78' lang='lat' dir='ltr'>emortuis</span> <span class='ocrx_word' id='word_1_150' title='bbox 1186 1359 1277 1415; x_wconf 75' lang='lat' dir='ltr'>jani</span> <span class='ocrx_word' id='word_1_151' title='bbox 1314 1355 1576 1418; x_wconf 85' lang='lat' dir='ltr'>corporibus</span> <span class='ocrx_word' id='word_1_152' title='bbox 1599 1353 1742 1399; x_wconf 85' lang='lat' dir='ltr'>filium</span> 
     </span>
     <span class='ocr_line' id='line_1_18' title="bbox 354 1426 1743 1490; baseline 0 -22"><span class='ocrx_word' id='word_1_153' title='bbox 354 1442 435 1486; x_wconf 82' lang='lat' dir='ltr'>pro</span> <span class='ocrx_word' id='word_1_154' title='bbox 478 1442 656 1471; x_wconf 78' lang='lat' dir='ltr'>munere</span> <span class='ocrx_word' id='word_1_155' title='bbox 695 1437 984 1490; x_wconf 77' lang='lat' dir='ltr'>acceperunt,</span> <span class='ocrx_word' id='word_1_156' title='bbox 1023 1444 1214 1489; x_wconf 84' lang='lat' dir='ltr'>quorum</span> <span class='ocrx_word' id='word_1_157' title='bbox 1250 1426 1494 1489; x_wconf 79' lang='lat' dir='ltr'>exemplum</span> <span class='ocrx_word' id='word_1_158' title='bbox 1529 1434 1743 1487; x_wconf 72' lang='lat' dir='ltr'>quantum</span> 
     </span>
     <span class='ocr_line' id='line_1_19' title="bbox 355 1494 1743 1560; baseline -0.001 -20"><span class='ocrx_word' id='word_1_159' title='bbox 355 1496 525 1540; x_wconf 67' lang='lat' dir='ltr'>veritati</span> <span class='ocrx_word' id='word_1_160' title='bbox 549 1498 820 1557; x_wconf 74' lang='lat' dir='ltr'>suffragetur,</span> <span class='ocrx_word' id='word_1_161' title='bbox 845 1515 932 1542; x_wconf 88' lang='lat' dir='ltr'>non</span> <span class='ocrx_word' id='word_1_162' title='bbox 951 1497 1091 1543; x_wconf 87' lang='lat' dir='ltr'>solum</span> <span class='ocrx_word' id='word_1_163' title='bbox 1113 1497 1308 1560; x_wconf 77' lang='lat' dir='ltr'>sapiens,</span> <span class='ocrx_word' id='word_1_164' title='bbox 1331 1496 1403 1542; x_wconf 84' lang='lat' dir='ltr'>sed</span> <span class='ocrx_word' id='word_1_165' title='bbox 1423 1495 1552 1541; x_wconf 80' lang='lat' dir='ltr'>etiam</span> <span class='ocrx_word' id='word_1_166' title='bbox 1571 1494 1743 1540; x_wconf 85' lang='lat' dir='ltr'>medio-</span> 
     </span>
     <span class='ocr_line' id='line_1_20' title="bbox 357 1567 1745 1631; baseline -0.001 -20"><span class='ocrx_word' id='word_1_167' title='bbox 357 1567 439 1612; x_wconf 89' lang='lat' dir='ltr'>cris</span> <span class='ocrx_word' id='word_1_168' title='bbox 462 1567 599 1612; x_wconf 89' lang='lat' dir='ltr'>lector</span> <span class='ocrx_word' id='word_1_169' title='bbox 630 1568 856 1628; x_wconf 81' lang='lat' dir='ltr'>intelligit,</span> <span class='ocrx_word' id='word_1_170' title='bbox 899 1569 960 1615; x_wconf 87' lang='lat' dir='ltr'>sic</span> <span class='ocrx_word' id='word_1_171' title='bbox 992 1569 1231 1631; x_wconf 68' lang='lat' dir='ltr'>praeteriit,</span> <span class='ocrx_word' id='word_1_172' title='bbox 1263 1578 1313 1613; x_wconf 88' lang='lat' dir='ltr'>ut</span> <span class='ocrx_word' id='word_1_173' title='bbox 1342 1567 1505 1613; x_wconf 79' lang='lat' dir='ltr'>diceret</span> <span class='ocrx_word' id='word_1_174' title='bbox 1526 1576 1677 1611; x_wconf 84' lang='lat' dir='ltr'>contra</span> <span class='ocrx_word' id='word_1_175' title='bbox 1703 1582 1745 1610; x_wconf 87' lang='lat' dir='ltr'>se</span> 
     </span>
     <span class='ocr_line' id='line_1_21' title="bbox 355 1635 1746 1704; baseline -0.001 -21"><span class='ocrx_word' id='word_1_176' title='bbox 355 1655 443 1684; x_wconf 86' lang='lat' dir='ltr'>non</span> <span class='ocrx_word' id='word_1_177' title='bbox 467 1638 657 1685; x_wconf 81' lang='lat' dir='ltr'>inultum</span> <span class='ocrx_word' id='word_1_178' title='bbox 678 1639 832 1687; x_wconf 77' lang='lat' dir='ltr'>valere.</span> <span class='ocrx_word' id='word_1_179' title='bbox 865 1642 899 1686; x_wconf 96' lang='lat' dir='ltr'><strong>A</strong></span> <span class='ocrx_word' id='word_1_180' title='bbox 921 1658 1009 1704; x_wconf 82' lang='lat' dir='ltr'>qua</span> <span class='ocrx_word' id='word_1_181' title='bbox 1034 1640 1311 1704; x_wconf 79' lang='lat' dir='ltr'>impudentia</span> <span class='ocrx_word' id='word_1_182' title='bbox 1342 1639 1410 1686; x_wconf 80' lang='lat' dir='ltr'>vel</span> <span class='ocrx_word' id='word_1_183' title='bbox 1435 1638 1509 1684; x_wconf 80' lang='lat' dir='ltr'>illa</span> <span class='ocrx_word' id='word_1_184' title='bbox 1534 1653 1632 1683; x_wconf 88' lang='lat' dir='ltr'>eum</span> <span class='ocrx_word' id='word_1_185' title='bbox 1665 1635 1746 1682; x_wconf 85' lang='lat' dir='ltr'>de-</span> 
     </span>
     <span class='ocr_line' id='line_1_22' title="bbox 358 1708 1748 1774; baseline -0.001 -21"><span class='ocrx_word' id='word_1_186' title='bbox 358 1708 457 1754; x_wconf 84' lang='lat' dir='ltr'>buit</span> <span class='ocrx_word' id='word_1_187' title='bbox 474 1726 676 1755; x_wconf 82' lang='lat' dir='ltr'>revocare</span> <span class='ocrx_word' id='word_1_188' title='bbox 701 1711 909 1757; x_wconf 80' lang='lat' dir='ltr'>sententia</span> <span class='ocrx_word' id='word_1_189' title='bbox 929 1747 939 1767; x_wconf 82' lang='lat'>‚</span> <span class='ocrx_word' id='word_1_190' title='bbox 976 1729 1077 1774; x_wconf 82' lang='lat' dir='ltr'>quae</span> <span class='ocrx_word' id='word_1_191' title='bbox 1109 1712 1169 1757; x_wconf 83' lang='lat' dir='ltr'>ita</span> <span class='ocrx_word' id='word_1_192' title='bbox 1190 1720 1439 1756; x_wconf 83' lang='lat' dir='ltr'>constructa</span> <span class='ocrx_word' id='word_1_193' title='bbox 1461 1720 1521 1755; x_wconf 86' lang='lat' dir='ltr'>est</span> <span class='ocrx_word' id='word_1_194' title='bbox 1544 1726 1554 1753; x_wconf 92' lang='lat'>:</span> <span class='ocrx_word' id='word_1_195' title='bbox 1583 1729 1602 1749; x_wconf 87' lang='lat'>«</span> <span class='ocrx_word' id='word_1_196' title='bbox 1625 1708 1680 1752; x_wconf 88' lang='lat' dir='ltr'>Et</span> <span class='ocrx_word' id='word_1_197' title='bbox 1699 1717 1748 1752; x_wconf 89' lang='lat' dir='ltr'>ut</span> 
     </span>
     <span class='ocr_line' id='line_1_23' title="bbox 361 1777 1747 1845; baseline -0.002 -21"><span class='ocrx_word' id='word_1_198' title='bbox 361 1800 381 1820; x_wconf 77' lang='lat'>›&gt;</span> <span class='ocrx_word' id='word_1_199' title='bbox 402 1779 610 1836; x_wconf 75' lang='lat' dir='ltr'>breviter,</span> <span class='ocrx_word' id='word_1_200' title='bbox 631 1781 802 1844; x_wconf 86' lang='lat' dir='ltr'>inquio,</span> <span class='ocrx_word' id='word_1_201' title='bbox 827 1781 1136 1845; x_wconf 81' lang='lat' dir='ltr'>disputationis</span> <span class='ocrx_word' id='word_1_202' title='bbox 1153 1781 1287 1840; x_wconf 89' lang='lat' dir='ltr'>hujus</span> <span class='ocrx_word' id='word_1_203' title='bbox 1305 1797 1475 1825; x_wconf 79' lang='lat' dir='ltr'>summa</span> <span class='ocrx_word' id='word_1_204' title='bbox 1490 1777 1747 1832; x_wconf 74' lang='lat' dir='ltr'>claudatur3</span> 
     </span>
     <span class='ocr_line' id='line_1_24' title="bbox 360 1846 1749 1915; baseline -0.001 -23"><span class='ocrx_word' id='word_1_205' title='bbox 360 1871 380 1891; x_wconf 89' lang='lat'>))</span> <span class='ocrx_word' id='word_1_206' title='bbox 402 1849 436 1894; x_wconf 85' lang='lat' dir='ltr'>si</span> <span class='ocrx_word' id='word_1_207' title='bbox 460 1868 540 1913; x_wconf 80' lang='lat' dir='ltr'>per</span> <span class='ocrx_word' id='word_1_208' title='bbox 565 1853 965 1915; x_wconf 73' lang='lat' dir='ltr'>concupiscentiam</span> <span class='ocrx_word' id='word_1_209' title='bbox 984 1852 1180 1898; x_wconf 84' lang='lat' dir='ltr'>redditus</span> <span class='ocrx_word' id='word_1_210' title='bbox 1205 1862 1266 1897; x_wconf 91' lang='lat' dir='ltr'>est</span> <span class='ocrx_word' id='word_1_211' title='bbox 1286 1868 1415 1915; x_wconf 84' lang='lat' dir='ltr'>quem</span> <span class='ocrx_word' id='word_1_212' title='bbox 1443 1851 1558 1895; x_wconf 77' lang='lat' dir='ltr'>Deus</span> <span class='ocrx_word' id='word_1_213' title='bbox 1583 1846 1749 1912; x_wconf 81' lang='lat' dir='ltr'>promi-</span> 
     </span>
     <span class='ocr_line' id='line_1_25' title="bbox 361 1918 1751 1987; baseline -0.004 -21"><span class='ocrx_word' id='word_1_214' title='bbox 361 1942 381 1962; x_wconf 82' lang='lat'>»</span> <span class='ocrx_word' id='word_1_215' title='bbox 403 1920 481 1976; x_wconf 80' lang='lat' dir='ltr'>sit,</span> <span class='ocrx_word' id='word_1_216' title='bbox 516 1922 634 1967; x_wconf 79' lang='lat' dir='ltr'>bona</span> <span class='ocrx_word' id='word_1_217' title='bbox 671 1923 761 1969; x_wconf 85' lang='lat' dir='ltr'>sine</span> <span class='ocrx_word' id='word_1_218' title='bbox 797 1923 936 1969; x_wconf 84' lang='lat' dir='ltr'>dubio</span> <span class='ocrx_word' id='word_1_219' title='bbox 970 1941 1070 1987; x_wconf 81' lang='lat' dir='ltr'>quae</span> <span class='ocrx_word' id='word_1_220' title='bbox 1103 1922 1292 1968; x_wconf 80' lang='lat' dir='ltr'>absolvit</span> <span class='ocrx_word' id='word_1_221' title='bbox 1323 1921 1404 1966; x_wconf 74' lang='lat' dir='ltr'>Dei</span> <span class='ocrx_word' id='word_1_222' title='bbox 1425 1919 1556 1966; x_wconf 86' lang='lat' dir='ltr'>fidem</span> <span class='ocrx_word' id='word_1_223' title='bbox 1576 1939 1587 1972; x_wconf 78' lang='lat'><em>3</em></span> <span class='ocrx_word' id='word_1_224' title='bbox 1610 1918 1751 1963; x_wconf 81' lang='lat' dir='ltr'>sisine</span> 
     </span>
     <span class='ocr_line' id='line_1_26' title="bbox 362 1990 1752 2058; baseline -0.001 -24"><span class='ocrx_word' id='word_1_225' title='bbox 362 2014 382 2034; x_wconf 65' lang='grc' dir='ltr'>ι)</span> <span class='ocrx_word' id='word_1_226' title='bbox 404 1993 787 2056; x_wconf 80' lang='lat' dir='ltr'>concupiscentia,</span> <span class='ocrx_word' id='word_1_227' title='bbox 817 1995 941 2040; x_wconf 83' lang='lat' dir='ltr'>noxia</span> <span class='ocrx_word' id='word_1_228' title='bbox 974 2012 1062 2040; x_wconf 89' lang='lat' dir='ltr'>non</span> <span class='ocrx_word' id='word_1_229' title='bbox 1088 2005 1230 2058; x_wconf 83' lang='lat' dir='ltr'>potest</span> <span class='ocrx_word' id='word_1_230' title='bbox 1263 2010 1349 2039; x_wconf 84' lang='lat' dir='ltr'>esse</span> <span class='ocrx_word' id='word_1_231' title='bbox 1367 1990 1624 2055; x_wconf 81' lang='lat' dir='ltr'>progenit03</span> <span class='ocrx_word' id='word_1_232' title='bbox 1651 2004 1752 2051; x_wconf 81' lang='lat' dir='ltr'>quae</span> 
     </span>
     <span class='ocr_line' id='line_1_27' title="bbox 363 2059 1752 2129; baseline -0.002 -21"><span class='ocrx_word' id='word_1_233' title='bbox 363 2084 382 2105; x_wconf 72' lang='grc' dir='ltr'>ι)</span> <span class='ocrx_word' id='word_1_234' title='bbox 403 2081 481 2108; x_wconf 84' lang='lat' dir='ltr'>nec</span> <span class='ocrx_word' id='word_1_235' title='bbox 503 2081 603 2109; x_wconf 89' lang='lat' dir='ltr'>cum</span> <span class='ocrx_word' id='word_1_236' title='bbox 632 2066 968 2129; x_wconf 77' lang='lat' dir='ltr'>conciperetur,</span> <span class='ocrx_word' id='word_1_237' title='bbox 991 2083 1070 2111; x_wconf 83' lang='lat' dir='ltr'>nec</span> <span class='ocrx_word' id='word_1_238' title='bbox 1094 2083 1195 2111; x_wconf 89' lang='lat' dir='ltr'>cum</span> <span class='ocrx_word' id='word_1_239' title='bbox 1219 2075 1463 2128; x_wconf 80' lang='lat' dir='ltr'>pareretur,</span> <span class='ocrx_word' id='word_1_240' title='bbox 1492 2059 1703 2106; x_wconf 80' lang='lat' dir='ltr'>interfuit.</span> <span class='ocrx_word' id='word_1_241' title='bbox 1732 2080 1752 2099; x_wconf 71' lang='grc' dir='ltr'>υ</span> 
     </span>
    </p>

    <p class='ocr_par' dir='ltr' id='par_1_4' title="bbox 365 2131 1756 2555">
     <span class='ocr_line' id='line_1_28' title="bbox 431 2131 1753 2198; baseline -0.004 -19"><span class='ocrx_word' id='word_1_242' title='bbox 431 2135 548 2180; x_wconf 65' lang='lat' dir='ltr'>Auo.</span> <span class='ocrx_word' id='word_1_243' title='bbox 592 2135 693 2180; x_wconf 74' lang='lat' dir='ltr'>Sine</span> <span class='ocrx_word' id='word_1_244' title='bbox 729 2136 1084 2198; x_wconf 79' lang='lat' dir='ltr'>concupiscentia</span> <span class='ocrx_word' id='word_1_245' title='bbox 1119 2136 1260 2181; x_wconf 81' lang='lat' dir='ltr'>carnis</span> <span class='ocrx_word' id='word_1_246' title='bbox 1286 2134 1481 2180; x_wconf 79' lang='lat' dir='ltr'>Abrahae</span> <span class='ocrx_word' id='word_1_247' title='bbox 1512 2131 1653 2176; x_wconf 87' lang='lat' dir='ltr'>filium</span> <span class='ocrx_word' id='word_1_248' title='bbox 1684 2147 1753 2174; x_wconf 84' lang='lat' dir='ltr'>se-</span> 
     </span>
     <span class='ocr_line' id='line_1_29' title="bbox 365 2200 1754 2269; baseline -0.004 -19"><span class='ocrx_word' id='word_1_249' title='bbox 365 2204 580 2250; x_wconf 80' lang='lat' dir='ltr'>minatum</span> <span class='ocrx_word' id='word_1_250' title='bbox 605 2204 732 2250; x_wconf 82' lang='lat' dir='ltr'>fuisse</span> <span class='ocrx_word' id='word_1_251' title='bbox 750 2243 760 2262; x_wconf 84' lang='grc'>,</span> <span class='ocrx_word' id='word_1_252' title='bbox 785 2206 882 2269; x_wconf 85' lang='lat' dir='ltr'>quis</span> <span class='ocrx_word' id='word_1_253' title='bbox 900 2205 1050 2251; x_wconf 56' lang='lat' dir='ltr'>dicat?</span> <span class='ocrx_word' id='word_1_254' title='bbox 1073 2206 1224 2268; x_wconf 83' lang='lat' dir='ltr'>Neque</span> <span class='ocrx_word' id='word_1_255' title='bbox 1242 2204 1356 2251; x_wconf 87' lang='lat' dir='ltr'>enim</span> <span class='ocrx_word' id='word_1_256' title='bbox 1388 2204 1475 2248; x_wconf 87' lang='lat' dir='ltr'>hoc</span> <span class='ocrx_word' id='word_1_257' title='bbox 1503 2218 1612 2264; x_wconf 85' lang='lat' dir='ltr'>opus</span> <span class='ocrx_word' id='word_1_258' title='bbox 1632 2200 1754 2245; x_wconf 81' lang='lat' dir='ltr'>aliter</span> 
     </span>
     <span class='ocr_line' id='line_1_30' title="bbox 365 2270 1750 2339; baseline -0.004 -18"><span class='ocrx_word' id='word_1_259' title='bbox 365 2276 487 2321; x_wconf 84' lang='lat' dir='ltr'>fieret</span> <span class='ocrx_word' id='word_1_260' title='bbox 509 2275 555 2321; x_wconf 94' lang='lat' dir='ltr'>in</span> <span class='ocrx_word' id='word_1_261' title='bbox 576 2293 760 2339; x_wconf 82' lang='lat' dir='ltr'>corporo</span> <span class='ocrx_word' id='word_1_262' title='bbox 786 2277 935 2323; x_wconf 86' lang='lat' dir='ltr'>mortis</span> <span class='ocrx_word' id='word_1_263' title='bbox 960 2277 1096 2336; x_wconf 85' lang='lat' dir='ltr'>hujus</span> <span class='ocrx_word' id='word_1_264' title='bbox 1112 2314 1121 2331; x_wconf 82' lang='lat'><strong>‚</strong></span> <span class='ocrx_word' id='word_1_265' title='bbox 1145 2276 1198 2322; x_wconf 87' lang='lat' dir='ltr'>de</span> <span class='ocrx_word' id='word_1_266' title='bbox 1220 2293 1308 2339; x_wconf 89' lang='lat' dir='ltr'>quo</span> <span class='ocrx_word' id='word_1_267' title='bbox 1333 2274 1442 2320; x_wconf 84' lang='lat' dir='ltr'>dicit</span> <span class='ocrx_word' id='word_1_268' title='bbox 1482 2270 1716 2336; x_wconf 81' lang='lat' dir='ltr'>Apostolus</span> <span class='ocrx_word' id='word_1_269' title='bbox 1740 2287 1750 2315; x_wconf 88' lang='lat'>:</span> 
     </span>
     <span class='ocr_line' id='line_1_31' title="bbox 370 2341 1753 2412; baseline -0.004 -20"><span class='ocrx_word' id='word_1_270' title='bbox 370 2347 543 2408; x_wconf 84' lang='lat' dir='ltr'>Corpus</span> <span class='ocrx_word' id='word_1_271' title='bbox 575 2347 755 2411; x_wconf 85' lang='lat' dir='ltr'>quidem</span> <span class='ocrx_word' id='word_1_272' title='bbox 790 2359 1014 2393; x_wconf 86' lang='lat' dir='ltr'>mortuum</span> <span class='ocrx_word' id='word_1_273' title='bbox 1038 2358 1099 2393; x_wconf 89' lang='lat' dir='ltr'>est</span> <span class='ocrx_word' id='word_1_274' title='bbox 1120 2357 1303 2412; x_wconf 84' lang='lat' dir='ltr'>propter</span> <span class='ocrx_word' id='word_1_275' title='bbox 1342 2345 1614 2410; x_wconf 75' lang='lat' dir='ltr'>peccatuin2.</span> <span class='ocrx_word' id='word_1_276' title='bbox 1657 2341 1753 2386; x_wconf 86' lang='lat' dir='ltr'>Hoc</span> 
     </span>
     <span class='ocr_line' id='line_1_32' title="bbox 367 2415 1755 2472; baseline -0.004 -10"><span class='ocrx_word' id='word_1_277' title='bbox 367 2428 510 2463; x_wconf 82' lang='lat' dir='ltr'>autem</span> <span class='ocrx_word' id='word_1_278' title='bbox 534 2417 648 2463; x_wconf 82' lang='lat' dir='ltr'>malo</span> <span class='ocrx_word' id='word_1_279' title='bbox 667 2418 779 2465; x_wconf 87' lang='lat' dir='ltr'>bene</span> <span class='ocrx_word' id='word_1_280' title='bbox 797 2437 896 2466; x_wconf 84' lang='lat' dir='ltr'>usus</span> <span class='ocrx_word' id='word_1_281' title='bbox 919 2430 981 2465; x_wconf 85' lang='lat' dir='ltr'>est</span> <span class='ocrx_word' id='word_1_282' title='bbox 1007 2419 1233 2465; x_wconf 76' lang='lat' dir='ltr'>Abraham</span> <span class='ocrx_word' id='word_1_283' title='bbox 1255 2419 1301 2463; x_wconf 89' lang='lat' dir='ltr'>in</span> <span class='ocrx_word' id='word_1_284' title='bbox 1323 2415 1565 2464; x_wconf 83' lang='lat' dir='ltr'>concubitu</span> <span class='ocrx_word' id='word_1_285' title='bbox 1594 2415 1755 2472; x_wconf 87' lang='lat' dir='ltr'>conju-</span> 
     </span>
     <span class='ocr_line' id='line_1_33' title="bbox 365 2485 1756 2555; baseline -0.004 -19"><span class='ocrx_word' id='word_1_286' title='bbox 365 2488 448 2549; x_wconf 83' lang='lat' dir='ltr'>gali</span> <span class='ocrx_word' id='word_1_287' title='bbox 470 2506 481 2534; x_wconf 72' lang='grc' dir='ltr'>ι</span> <span class='ocrx_word' id='word_1_288' title='bbox 517 2489 638 2553; x_wconf 84' lang='lat' dir='ltr'>quod</span> <span class='ocrx_word' id='word_1_289' title='bbox 659 2490 822 2537; x_wconf 80' lang='lat' dir='ltr'>malum</span> <span class='ocrx_word' id='word_1_290' title='bbox 863 2509 950 2538; x_wconf 92' lang='lat' dir='ltr'>non</span> <span class='ocrx_word' id='word_1_291' title='bbox 989 2501 1080 2537; x_wconf 79' lang='lat' dir='ltr'>erat</span> <span class='ocrx_word' id='word_1_292' title='bbox 1100 2491 1142 2537; x_wconf 89' lang='lat' dir='ltr'>in</span> <span class='ocrx_word' id='word_1_293' title='bbox 1163 2508 1347 2555; x_wconf 84' lang='lat' dir='ltr'>corpore</span> <span class='ocrx_word' id='word_1_294' title='bbox 1367 2489 1470 2537; x_wconf 75' lang='lat' dir='ltr'>vitae</span> <span class='ocrx_word' id='word_1_295' title='bbox 1493 2485 1635 2542; x_wconf 84' lang='lat' dir='ltr'>illius,</span> <span class='ocrx_word' id='word_1_296' title='bbox 1658 2499 1756 2547; x_wconf 82' lang='lat' dir='ltr'>quae</span> 
     </span>
    </p>
   </div>
   <div class='ocr_carea' id='block_1_3' title="bbox 414 2574 1055 2616">
    <p class='ocr_par' dir='ltr' id='par_1_5' title="bbox 414 2574 1055 2616">
     <span class='ocr_line' id='line_1_34' title="bbox 414 2574 1055 2616; baseline 0.003 -12"><span class='ocrx_word' id='word_1_297' title='bbox 414 2574 423 2597; x_wconf 85' lang='lat'>¹</span> <span class='ocrx_word' id='word_1_298' title='bbox 450 2585 465 2604; x_wconf 89' lang='lat'><em>2</em></span> <span class='ocrx_word' id='word_1_299' title='bbox 488 2577 559 2608; x_wconf 80' lang='lat' dir='ltr'>Cor.</span> <span class='ocrx_word' id='word_1_300' title='bbox 587 2586 615 2614; x_wconf 77' lang='lat' dir='ltr'>v,</span> <span class='ocrx_word' id='word_1_301' title='bbox 641 2583 749 2614; x_wconf 61' lang='lat'>14.—</span> <span class='ocrx_word' id='word_1_302' title='bbox 767 2574 782 2598; x_wconf 77' lang='lat'><strong>2</strong></span> <span class='ocrx_word' id='word_1_303' title='bbox 799 2579 892 2609; x_wconf 76' lang='lat' dir='ltr'>Rom,</span> <span class='ocrx_word' id='word_1_304' title='bbox 915 2587 984 2616; x_wconf 70' lang='lat' dir='ltr'>xm,</span> <span class='ocrx_word' id='word_1_305' title='bbox 1008 2583 1055 2609; x_wconf 85' lang='grc' dir='ltr'>ιο.</span> 
     </span>
    </p>
   </div>
  </div>
 </body>
</html>
