1824 3236
341 279 434 329 386
763 291 798 322 s.
842 290 1085 322 AUGUSTINI
1120 288 1324 321 Erlscom

341 361 504 409 clusio!
535 357 609 406 sed
633 356 883 404 dissolvitur
908 375 929 404 a
956 353 1360 422 propugnatoribus
1379 351 1608 400 medicinae
1629 351 1717 400 hoe

343 434 474 481 modo
493 451 503 479 ε
530 433 639 479 Haec
659 446 742 485 ars,
762 430 983 494 inquiunt,
1004 429 1183 493 prodest
1200 444 1278 473 nec
1299 425 1479 472 victuris
1496 462 1507 482 ,
1532 442 1611 472 nec
1625 442 1718 472 mo-

344 506 491 552 rituris·
517 504 728 549 duntaxat
747 520 769 547 a
789 502 1043 557 necessario,
1073 499 1144 545 sed
1162 517 1183 546 a
1205 497 1402 563 possibili
1417 496 1463 543 id
1480 508 1718 562 utrumque

338 576 530 640 passuris
553 593 563 620 :
591 592 680 620 non
703 590 802 634 ergo
821 572 999 633 adjuvat
1018 571 1230 617 medicina
1248 587 1345 616 eum
1367 570 1442 633 qui
1466 569 1555 615 sine
1579 568 1717 614 dubio

342 647 577 693 moriturus
603 657 665 691 est
684 681 694 701 ‚
717 644 926 709 quoniam
952 643 1091 688 facere
1112 641 1400 687 immortalem
1428 657 1516 686 non
1540 649 1684 703 potest
1705 655 1717 695 3

339 719 409 764 sed
429 736 566 782 neque
586 718 620 762 ei
646 716 878 769 subvenit,
915 715 988 777 qui
1010 715 1098 759 sine
1119 712 1256 758 dubio
1282 712 1456 757 futurus
1484 710 1718 757 incolumis

336 801 397 835 est
419 809 428 835 ε
448 807 595 835 verum
620 788 698 845 illi,
719 787 795 850 qui
821 786 852 831 si
881 803 966 831 non
992 795 1195 837 curetur,
1224 783 1461 847 periclitari
1481 793 1647 847 potest3
1683 783 1718 828 si

338 873 532 916 curetur,
558 859 736 906 liberari
762 868 902 921 potest
923 874 932 901 :
955 857 1066 901 sicut
1085 874 1185 916 ergo
1214 873 1292 902 nec
1318 855 1489 902 victuro
1514 871 1593 900 nec
1618 872 1717 901 mo-

335 934 475 979 rituro
501 951 522 977 a
548 931 770 976 necessarii
795 929 1044 974 conditione
1070 928 1299 973 subvenire
1318 964 1328 983 ‚
1360 927 1419 972 ita
1439 938 1481 973 et
1505 926 1718 972 morituro

337 1004 567 1049 etvicturo
590 1039 599 1051 ,
633 1001 706 1046 scd
729 1017 750 1044 a
776 998 972 1062 possibili
996 1033 1005 1050 ,
1041 1015 1107 1044 ars
1135 1009 1277 1061 potest
1297 998 1466 1043 erudita
1493 997 1710 1061 prodesse.

336 1074 404 1119 llli
420 1091 518 1133 crgo
540 1073 701 1136 priores
721 1069 1019 1115 medicantum
1031 1068 1182 1114 studiis
1199 1068 1498 1132 obloquente53
1517 1068 1718 1131 proposi-

339 1147 495 1190 tionem
518 1162 538 1189 a
556 1141 753 1206 possibili
771 1141 1073 1190 inchoantem,
1093 1140 1314 1185 necessarii
1333 1140 1417 1185 fine
1434 1139 1713 1185 clauserunt:

330 1216 449 1281 quod
479 1213 786 1278 disputationis
812 1229 944 1272 genus
976 1212 1020 1256 in
1043 1211 1269 1256 innumera
1294 1210 1552 1258 extenditur.
1582 1210 1715 1256 Verbi

331 1288 466 1348 gratia
485 1325 494 1334 .
533 1286 743 1349 prohibet
773 1284 835 1329 lex
864 1283 1153 1328 homicidium
1188 1284 1279 1328 fieri
1302 1320 1312 1333 ,
1347 1283 1558 1346 prohibet
1584 1283 1714 1328 etiam

331 1359 602 1419 negligentiae
618 1374 696 1420 per
715 1373 848 1420 quam
865 1356 909 1400 in
924 1355 1121 1418 pericula
1146 1355 1289 1399 ruitur
1309 1354 1579 1400 occasionem
1596 1352 1710 1409 dari,

331 1442 378 1476 ut
403 1432 447 1476 in
474 1439 596 1473 tauro
622 1437 860 1489 cornupeta
878 1463 888 1476 ,
913 1437 1044 1487 atque
1068 1425 1113 1469 in
1139 1425 1370 1470 domorum
1393 1424 1565 1469 coronis
1583 1423 1617 1471 1.
1659 1426 1716 1470 At

329 1512 472 1566 potest
485 1500 573 1546 dici
593 1517 601 1545 :
621 1499 803 1544 Victuro
822 1497 1024 1542 subvenit
1039 1496 1119 1541 ista
1134 1495 1376 1556 diligentia,
1398 1514 1451 1541 an
1469 1496 1714 1542 morituro?

330 1575 377 1619 Si
402 1573 617 1618 morituro
635 1608 645 1624 ‚
670 1569 782 1615 nihil
804 1579 1032 1632 promovet
1057 1585 1068 1612 ;
1105 1567 1139 1612 si
1161 1568 1333 1613 victuro
1357 1605 1368 1624 ‚
1395 1585 1441 1613 ex
1468 1567 1713 1613 abundanti

329 1643 547 1696 consulit3
582 1642 615 1687 si
641 1651 878 1702 utrumque
908 1639 996 1684 hoc
1020 1638 1291 1684 contrarium
1313 1676 1324 1696 ‚
1352 1649 1393 1685 et
1416 1656 1495 1703 per
1518 1639 1712 1703 impedi-

331 1726 473 1761 menta
501 1725 543 1759 et
567 1714 654 1758 sine
678 1710 1002 1775 impedimentis
1027 1711 1263 1756 necessario
1289 1722 1622 1774 consequentur.
1657 1713 1711 1757 At

329 1787 416 1832 hoc
437 1785 593 1830 falsum
612 1794 673 1829 est
697 1801 706 1828 :
734 1782 903 1846 optimo
923 1781 1037 1826 enim
1063 1781 1319 1826 mortalibus
1333 1785 1432 1841 jure
1449 1782 1707 1837 consulitur,

332 1868 380 1903 ut
397 1856 515 1921 qnod
539 1865 740 1919 poterant
767 1854 859 1917 pati
882 1853 972 1898 sine
1005 1852 1228 1912 diligentia
1246 1889 1255 1907 ‚
1289 1852 1528 1912 diligentiae
1551 1853 1710 1917 opibus

333 1929 534 1975 evadant.
569 1925 694 1972 Aliud
721 1943 820 1985 crgo
847 1935 909 1971 est
929 1943 949 1970 a
970 1924 1187 1987 1mssibili,
1209 1923 1326 1968 aliud
1351 1941 1373 1968 a
1393 1926 1645 1972 necessario,

401 1998 694 2046 Ostendamus
715 2000 805 2057 jam
837 1995 943 2059 quid
972 1996 1041 2041 his
1063 1995 1320 2058 anteloquiis
1341 1994 1614 2055 adjuvemur.
1638 2001 1715 2043 Fe-

337 2071 398 2117 cit
418 2072 533 2115 Deus
556 2068 780 2114 hominem
804 2067 932 2112 liberi
954 2066 1139 2121 arbitrii,
1156 2066 1468 2112 naturaelionae
1489 2087 1500 2121 ;
1522 2067 1591 2113 sed
1617 2085 1716 2131 quae

337 2159 474 2205 capax
497 2150 603 2186 esset
624 2139 837 2185 virtutum
857 2175 868 2194 ‚
889 2155 997 2201 quas
1021 2138 1104 2183 sibi
1127 2155 1174 2183 ex
1211 2155 1253 2182 se
1281 2138 1534 2200 mancipato
1570 2139 1717 2185 animo

337 2220 630 2275 comparasset
651 2227 661 2254 ε
686 2209 805 2272 quod
819 2208 1007 2254 liberum
1029 2208 1260 2254 arbitrium
1281 2208 1404 2253 aliter
1419 2219 1614 2256 constare
1628 2228 1718 2257 non

338 2293 529 2348 poterat,
560 2298 692 2346 quam
716 2291 765 2326 ut
783 2280 966 2326 liaberet
982 2281 1107 2325 etiam
1127 2279 1341 2343 peccandi
1361 2280 1712 2342 possibilitatem.

339 2356 608 2401 Libertatem
633 2369 733 2412 ergo
762 2369 783 2397 a
809 2351 1046 2396 necessario
1079 2350 1215 2395 habet
1237 2388 1247 2406 ,
1274 2350 1545 2398 voluntatem
1573 2371 1595 2399 a
1619 2371 1718 2417 pos-

340 2426 472 2473 sibili.
506 2426 603 2470 Non
628 2433 771 2487 potest
791 2440 875 2469 non
898 2440 984 2468 esse
1006 2422 1117 2468 liber
1137 2443 1148 2476 3
1175 2422 1247 2468 sed
1271 2424 1315 2468 in
1342 2434 1540 2470 neutram
1560 2425 1720 2473 volun-

342 2508 472 2543 tatem
501 2496 592 2556 cogi
617 2505 778 2558 potest,
803 2494 1028 2558 factusque
1050 2494 1107 2539 rei
1134 2494 1384 2539 necessariae
1410 2495 1629 2557 possibilis
1652 2500 1718 2545 ef-

340 2568 492 2615 fectus.
519 2569 569 2613 In
594 2563 793 2631 possibili
813 2582 911 2624 ergo
928 2565 1099 2629 peccari
1124 2576 1283 2628 potest,
1310 2565 1355 2611 in
1373 2568 1608 2614 necessario
1628 2587 1715 2619 non

392 2661 400 2681 ¹
419 2657 520 2689 Exod.
547 2667 610 2694 xxc
631 2662 658 2687 et
680 2658 774 2686 Dent.
796 2666 861 2686 xxi.
