1824 3236
309 248 399 306 304
729 263 764 291 s.
809 259 1051 290 Aueus'rini
1087 258 1292 290 museorl

306 327 618 392 despicabilem
651 326 841 389 erumpit
866 326 1100 379 insaniam3
1125 336 1166 371 et
1194 343 1215 371 e
1244 324 1415 384 regione
1435 324 1687 371 examinatae

300 400 482 460 justitiae
515 398 623 457 leges
647 435 658 453 ,
704 397 784 442 nisi
828 396 1194 456 magnanimitatis
1235 412 1384 440 murus
1424 395 1646 441 incluserit
1673 432 1684 452 ‚

306 470 472 533 praedae
502 469 728 514 confestim
752 468 995 530 patebunt,
1027 485 1075 513 ac
1100 468 1303 513 servitum
1330 466 1587 511 criminibus
1606 467 1689 512 ab-

305 541 535 586 ducentur.
576 544 664 584 Has
697 556 795 599 ergo
832 539 982 597 bigas,
1011 539 1099 584 sine
1132 539 1294 602 quibus
1331 537 1597 600 triumphari
1637 537 1691 582 de

307 611 461 657 mundi
496 610 716 656 erroribus
753 609 956 672 nequitur
972 647 982 664 ,
1027 609 1205 655 diversis
1243 609 1446 654 aetatibus
1486 607 1692 654 rarissimi

306 685 469 748 quique
486 721 497 739 ‚
526 683 603 747 qui
629 682 819 729 colerent
842 693 882 727 et
901 686 1105 742 jugarent
1137 692 1266 744 atque
1290 692 1513 741 regerent,
1541 682 1692 727 extite-

307 767 409 801 runt
440 772 450 799 :
478 754 685 818 quoniam
721 765 763 799 et
798 753 987 799 scientiae
1028 751 1222 797 studium
1264 762 1351 796 tam
1392 752 1493 812 fuga
1529 752 1694 797 laboris

308 844 441 891 quam
477 825 751 871 saecularium
779 841 981 870 curarum
1017 822 1240 869 diversitas
1270 822 1483 885 impedit,
1510 833 1553 867 et
1584 840 1694 868 con-

311 897 513 942 stantiam
551 912 844 941 aerumnarum
878 932 889 951 ,
932 911 1032 958 quae
1066 894 1121 938 ab
1155 893 1369 956 improbis
1419 893 1691 949 excitantur,

310 966 499 1013 formido
542 966 750 1028 percellit.
789 966 900 1022 Quae
925 963 1305 1028 oppugnationum
1339 981 1490 1022 genera
1514 964 1697 1010 vincunt

311 1037 488 1101 quidem
514 1035 660 1081 fideles
687 1035 822 1081 animi
842 1045 884 1079 et
907 1036 1120 1098 sapientes
1145 1051 1156 1079 ι
1179 1051 1329 1080 verum
1350 1044 1437 1079 tam
1459 1034 1545 1080 rari
1565 1044 1666 1080 sunt
1682 1070 1694 1090 ,

314 1120 362 1154 ut
385 1109 496 1153 inter
520 1107 773 1153 insanorum
807 1106 996 1170 populos
1012 1142 1025 1163 ‚
1050 1106 1154 1170 quia
1185 1122 1273 1151 non
1293 1104 1488 1163 furiunt,
1511 1105 1699 1151 insanire

312 1179 560 1227 videantur.
589 1200 608 1219 ›>

381 1256 684 1297 Auens-nnus.
714 1251 868 1295 Nonne
883 1260 925 1295 te
945 1248 1150 1295 admonet
1173 1248 1324 1294 raritas
1346 1249 1425 1294 ista
1446 1248 1696 1305 hominum,

313 1339 446 1387 quam
469 1332 516 1366 tu
532 1321 623 1384 ipse
641 1337 958 1366 commemoras
977 1358 988 1376 ‚
1014 1321 1058 1366 in
1083 1321 1245 1384 quibus
1264 1331 1304 1365 et
1324 1320 1502 1366 scientia
1520 1330 1560 1365 et
1578 1319 1701 1365 forti-

315 1392 422 1437 tudo
446 1402 529 1446 est,
565 1390 673 1454 quid
707 1390 760 1436 de
794 1391 991 1437 humano
1019 1408 1170 1450 genere
1194 1391 1347 1436 sentire
1372 1390 1529 1436 debeas
1545 1428 1556 1446 ,
1584 1401 1625 1436 et
1648 1389 1702 1435 de

317 1463 609 1509 universaista
627 1479 760 1506 massa
781 1462 1109 1507 rationabilium
1132 1461 1470 1525 mortaliumque
1500 1462 1703 1507 animan-

318 1534 456 1579 tium?
481 1534 573 1578 Cur
589 1532 701 1577 enim
724 1549 811 1577 non
838 1549 970 1592 genus
992 1532 1239 1577 mortalium
1261 1531 1317 1576 ad
1340 1532 1535 1577 studium
1561 1532 1703 1577 scien-

320 1605 391 1649 tiae
419 1604 637 1665 roburque
657 1602 948 1651 fortitudinis,
974 1603 1158 1648 naturali
1187 1603 1386 1666 appetitu
1404 1640 1415 1659 ,
1439 1602 1506 1649 vel
1527 1603 1704 1648 univer-

319 1692 411 1721 sum
431 1712 441 1731 ‚
470 1673 538 1719 vel
570 1684 683 1719 certe
711 1691 758 1719 ex
783 1673 964 1719 maxima
990 1684 1111 1736 parte
1130 1674 1379 1734 consurgit,
1401 1684 1449 1718 ut
1468 1673 1705 1719 rarissimos

317 1762 513 1810 quosque
537 1745 685 1808 potius
704 1745 929 1801 miremur,
953 1745 1009 1790 ab
1031 1763 1079 1791 eo
1104 1744 1224 1808 quod
1248 1745 1416 1808 appetit
1440 1755 1608 1790 naturae
1633 1745 1705 1789 in-

320 1818 486 1863 stitutio
514 1816 686 1862 deviare
710 1827 839 1879 atque
870 1816 1138 1862 desciscere?
1169 1820 1260 1862 Cur
1290 1816 1334 1861 in
1366 1814 1586 1880 profunda
1617 1815 1705 1861 im-

322 1889 491 1953 peritiae
524 1906 573 1934 ac
599 1887 918 1933 mollitudinem
950 1887 1135 1947 ignaviae
1154 1925 1164 1942 ‚
1196 1887 1320 1951 quasi
1355 1904 1432 1950 per
1459 1886 1673 1950 proclivia
1691 1923 1703 1943 ‚

321 1960 464 2006 nescio
490 1977 578 2023 quo
597 1959 716 2006 velut
737 1976 864 2004 onere
888 1970 1067 2018 urgente
1092 1959 1342 2005 delabitur?
1360 1961 1522 2018 Fugam
1545 1957 1708 2003 laboris

321 2043 436 2078 certe
460 2032 569 2077 dicis
591 2048 677 2076 esse
697 2048 870 2076 causam
885 2068 895 2084 ‚
924 2048 1010 2093 qua
1031 2031 1078 2076 fit
1097 2042 1144 2076 ut
1166 2031 1358 2076 nesciant
1382 2029 1580 2074 homines
1606 2046 1707 2092 quae

321 2104 429 2149 scire
454 2102 702 2147 debuerunt
725 2119 736 2146 :
764 2101 837 2148 sed
861 2101 1017 2147 vellem
1041 2102 1203 2147 diceres
1222 2138 1231 2154 ‚
1259 2099 1367 2163 quid
1393 2116 1532 2145 causae
1550 2100 1630 2155 sit,
1659 2109 1708 2145 ut

322 2173 492 2219 homini
513 2182 600 2217 tam
620 2172 730 2216 bene
749 2171 1006 2216 naturaliter
1022 2171 1224 2216 instituto
1244 2170 1366 2215 utilia
1387 2180 1556 2215 naturae
1577 2180 1708 2233 atque

322 2244 512 2289 salubria
545 2243 599 2288 sit
633 2241 1020 2287 laboriosissimum
1043 2241 1231 2295 discere,
1260 2251 1390 2303 atque
1424 2240 1483 2285 ita
1509 2240 1706 2286 laborem

319 2314 487 2375 fugiens
506 2351 516 2370 ‚
550 2313 596 2359 in
627 2313 815 2358 tenebris
844 2312 1101 2372 ignorantiae
1131 2311 1389 2357 familiarius
1412 2309 1706 2374 libentiusque

323 2387 592 2448 requiescat?
617 2384 782 2446 Nempe
803 2393 923 2428 tanta
956 2383 1108 2428 raritas
1132 2382 1452 2442 ingeniosorum
1476 2393 1517 2426 et
1537 2381 1707 2426 studio-

320 2475 381 2502 soi
395 2473 464 2502 um
487 2493 496 2509 ,
515 2472 593 2518 per
606 2472 707 2518 quae
723 2455 812 2500 duo
828 2453 880 2499 ad
899 2454 1192 2499 humanarum
1210 2453 1545 2514 divinarumque
1563 2468 1707 2496 rerum

319 2527 543 2575 scientiam
568 2525 837 2590 pervenitur,
862 2535 904 2570 et
925 2534 1043 2569 tanta
1070 2523 1310 2570 multitudo
1332 2522 1552 2569 tardorum
1569 2533 1611 2568 et
1628 2521 1708 2568 de-

320 2599 582 2649 sidiosorum
602 2633 613 2655 ‚
639 2596 740 2645 satis
766 2595 936 2644 indicat
959 2595 1003 2642 in
1024 2613 1158 2659 quam
1186 2606 1354 2660 partem
1390 2611 1467 2642 suo
1499 2604 1707 2658 tanquam
