1863 3262
189 255 345 286 OPERIS
384 253 643 286 {MPERFECTI
682 252 858 282 CONTRA
898 252 1144 294 JL'LlANUM,
1186 253 1271 283 ΗΒ.
1319 253 1375 283 ΙΨ,
1425 252 1516 302 ‘277

143 332 293 367 teresse
325 322 436 366 inter
470 318 725 383 nuptiarum
765 326 1057 362 accusatorem
1099 328 1142 362 et
1180 315 1449 363 laudatorem
1478 317 1512 365 ¹.

145 393 255 437 Nam
275 392 308 437 si
329 391 382 437 de
394 390 581 450 legitima
606 398 647 433 et
669 405 690 432 a
718 388 806 432 Deo
831 387 1030 432 instituta
1055 404 1292 450 corporum
1313 392 1522 448 conjunc-

143 463 260 508 tione
276 471 499 522 generatos
514 497 524 516 ‚
550 469 835 523 posteaquam
867 474 993 503 usum
1016 467 1248 521 coeperunt
1267 458 1431 505 habere
1450 477 1523 505 ra-

144 531 274 577 tionis
311 540 465 594 sponte
510 528 691 593 propria
725 527 970 590 proborum
990 527 1008 555 2
1042 526 1284 573 imitatione
1322 529 1526 574 mentitos

145 601 252 648 dixit
269 599 552 652 Ambrosius;
576 615 666 644 non
690 608 833 644 tamen
862 596 978 643 hanc
1002 599 1373 657 conjunctionem,
1401 615 1526 644 men-

147 671 260 717 dacii
270 670 410 717 voluit
422 669 717 716 necessitatem
731 667 886 718 videri,
903 667 976 713 sed
992 667 1281 715 universitatis
1294 668 1523 717 indicium.

147 741 253 787 Tale
270 752 332 788 est
353 741 468 787 enim
493 739 613 804 quod
633 739 790 794 dixit,›>
813 737 914 784 Nati
946 754 993 783 ex
1016 738 1274 802 parentibus
1307 740 1531 786 mentiun-

147 823 274 859 turz«
290 812 418 876 quale
443 812 476 857 si
494 811 681 864 dixisset,
712 809 867 856 Omnis
885 809 1038 864 homo,
1066 808 1278 854 duntaxat
1310 810 1373 855 sui
1391 821 1534 856 rector

150 883 331 939 arbitrii,
357 880 594 946 aliquando
614 881 818 926 mentitus
835 890 897 925 est
920 897 931 924 ι
949 879 1112 925 sciebat
1133 880 1301 943 quippe
1317 880 1534 926 neminem

150 956 239 1001 sine
262 953 567 1000 commixtione
588 963 819 1015 parentum
836 988 846 1007 ‚
878 960 1038 1014 praeter
1063 950 1288 997 Christum
1330 950 1528 998 extitisse.

152 1025 292 1085 Igitur
309 1041 438 1088 opere
461 1023 680 1083 conJ‘ugali
694 1040 781 1068 non
802 1022 1096 1085 iniquitatem,
1118 1021 1192 1067 sed
1214 1021 1536 1082 generalitatem

150 1096 218 1143 vir
234 1095 427 1159 prudens
450 1094 590 1141 voluit
625 1093 826 1140 indicari.
863 1093 1091 1139 Christum
1110 1110 1212 1139 vero
1232 1094 1539 1157 pronuntiavit

153 1183 281 1213 omne
302 1166 462 1212 cavisse
473 1163 770 1219 mendacium,
796 1180 924 1227 quem
944 1162 1153 1209 miraculo
1164 1163 1372 1227 parientis
1392 1173 1540 1209 osten-

154 1237 221 1283 dit
244 1255 254 1282 :
278 1235 397 1300 quod
427 1234 604 1298 quidem
625 1234 901 1280 vehementer
926 1243 1080 1280 eontra
1105 1234 1444 1297 Hieronymum,
1464 1250 1541 1279 cu-

150 1312 222 1369 jus
264 1317 310 1352 tu
334 1306 494 1352 assecla
536 1322 596 1360 es,
636 1303 807 1357 fremit3
848 1303 924 1367 qui
960 1303 1237 1349 mendacium
1262 1303 1543 1363 signatissime

158 1377 336 1424 Christo
368 1387 430 1422 est
455 1386 637 1422 conatus
662 1374 844 1435 affigere.
882 1375 979 1420 Non
1016 1391 1116 1434 ergo
1142 1377 1243 1435 jure
1272 1385 1451 1421 vocatus
1480 1385 1543 1420 est

159 1447 432 1495 Manichacus
457 1446 523 1510 (si
547 1456 692 1491 tamen
711 1445 936 1506 vocatus),
958 1445 1035 1508 qui
1058 1456 1210 1491 contra
1233 1462 1421 1492 errorem
1444 1462 1543 1492 ves-

159 1530 276 1565 trum
294 1515 891 1580 frequentavitlaudationem
915 1526 1227 1563 creaturarum.
1255 1537 1277 1557 »

227 1591 342 1635 Auo.
361 1586 677 1633 Laudationem
695 1596 995 1633 creaturarum
1015 1584 1341 1650 frequentamus
1366 1596 1408 1632 et
1432 1603 1510 1632 nos
1528 1605 1540 1632 t

162 1658 268 1723 quid
279 1667 340 1704 est
352 1675 452 1718 ergo
468 1657 588 1722 quod
598 1657 707 1704 dicis
719 1657 807 1703 hoc
819 1656 960 1703 facere
974 1657 1254 1703 Ambrosium
1269 1668 1420 1704 contra
1431 1675 1547 1704 erro-

163 1747 252 1776 rem
272 1739 469 1775 nostrum
488 1749 499 1783 ;
521 1746 622 1774 cum
642 1728 732 1774 hoc
755 1728 889 1774 faciat
905 1727 1146 1774 secundum
1171 1727 1302 1773 fidem
1321 1732 1543 1775 nostram?

165 1800 400 1858 Quomodo
419 1811 560 1846 autem
577 1800 650 1846 illa
662 1800 795 1845 verba
810 1800 1019 1864 posuerit,
1039 1816 1139 1862 quae
1159 1817 1179 1844 a
1196 1816 1263 1844 me
1280 1799 1360 1844 tibi
1373 1800 1548 1859 objecta

165 1884 214 1919 tu
225 1888 563 1918 commemorare
581 1871 777 1928 timuisti,
800 1888 854 1917 ne
872 1871 1064 1917 tenebrae
1084 1881 1174 1916 tuae
1197 1870 1432 1917 clarissima
1450 1870 1548 1918 luce

167 1943 342 1989 illorum
365 1942 757 2001 redarguerentur,
786 1941 879 1986 aliis
916 1941 1043 1986 etiam
1071 1941 1339 2003 scriptorum
1368 1957 1549 1986 suorum

168 2013 274 2059 locis
301 2013 362 2060 sic
381 2012 570 2058 ostendit
588 2012 844 2058 Ambrosius
863 2022 910 2057 ut
925 2028 1013 2057 non
1032 2011 1070 2056 ei
1102 2011 1214 2057 sicut
1234 2010 1548 2071 negligentiori,

170 2083 391 2148 quomodo
411 2083 620 2146 loqueriS‚
643 2093 684 2128 et
707 2082 937 2129 incautiori
963 2082 1172 2128 sententia
1195 2082 1275 2127 ista
1299 2082 1427 2128 semel
1450 2085 1550 2132 sub-

171 2154 349 2218 repsisse
365 2191 376 2209 ,
404 2153 629 2207 videatur;
661 2152 735 2199 sed
760 2153 813 2199 de
833 2162 1015 2216 peccato
1037 2152 1236 2212 originali
1254 2151 1411 2212 dogma
1433 2159 1549 2215 ejus,

172 2224 378 2289 quoniam
399 2223 558 2284 dogma
585 2223 856 2270 catholicum
881 2233 959 2281 est,
977 2224 1078 2269 satis
1108 2221 1276 2286 liquida
1308 2224 1552 2273 manifesta-

175 2296 294 2342 tione
306 2294 508 2342 declaret.
530 2297 619 2341 Cur
639 2312 740 2355 ergo
762 2305 804 2341 et
814 2312 899 2359 qua
920 2294 1087 2340 ratione
1101 2292 1256 2339 dixerit
1280 2313 1299 2334 c<
1324 2292 1554 2344 Servatum

177 2376 270 2412 »est
283 2365 543 2426 igitur,utex
558 2365 650 2412 viro
662 2377 704 2411 et
725 2365 920 2419 muliere,
934 2364 981 2411 id
994 2375 1073 2420 est,
1090 2363 1297 2428 perillam
1317 2381 1554 2429 corporum

181 2460 201 2481 n
221 2436 571 2483 commixtionem
596 2453 723 2482 nemo
755 2436 952 2483 videatur
976 2452 1124 2499 expers
1151 2452 1237 2481 esse
1273 2434 1447 2493 delicti,
1478 2439 1555 2503 qui

182 2518 360 2554 »autem
372 2523 520 2570 expers
530 2506 695 2564 delicti,
710 2524 856 2571 expers
879 2507 1008 2553 etiam
1024 2504 1279 2566 hujusmodi
1297 2522 1465 2574 concep
1473 2511 1558 2556 tio-

230 2590 241 2614 Ι
257 2593 351 2623 Forte
368 2589 515 2623 addend.
532 2588 781 2632 virginitatis.—
798 2588 814 2612 ²
831 2592 924 2622 Forte
942 2599 1112 2634 pravorum
1128 2588 1177 2620 vel
1193 2598 1396 2633 proavorum.
