<?xml version="1.0" encoding="UTF-8"?>
<!DOCTYPE html PUBLIC "-//W3C//DTD XHTML 1.0 Transitional//EN"
    "http://www.w3.org/TR/xhtml1/DTD/xhtml1-transitional.dtd">
<html xmlns="http://www.w3.org/1999/xhtml" xml:lang="en" lang="en">
 <head>
  <title>
</title>
<meta http-equiv="Content-Type" content="text/html;charset=utf-8" />
  <meta name='ocr-system' content='tesseract 3.04.00' />
  <meta name='ocr-capabilities' content='ocr_page ocr_carea ocr_par ocr_line ocrx_word'/>
</head>
<body>
  <div class='ocr_page' id='page_1' title='image "./operaomniaaccura37auguuoft/operaomniaaccura37auguuoft_0465.png"; bbox 0 0 1824 3236; ppageno 0'>
   <div class='ocr_carea' id='block_1_1' title="bbox 195 241 1527 297">
    <p class='ocr_par' dir='ltr' id='par_1_1' title="bbox 195 241 1527 297">
     <span class='ocr_line' id='line_1_1' title="bbox 195 241 1527 297; baseline -0.001 -10"><span class='ocrx_word' id='word_1_1' title='bbox 195 257 353 287; x_wconf 58' lang='lat' dir='ltr'>ominis</span> <span class='ocrx_word' id='word_1_2' title='bbox 389 255 655 286; x_wconf 74' lang='lat' dir='ltr'>lMPERrEcri</span> <span class='ocrx_word' id='word_1_3' title='bbox 693 255 871 285; x_wconf 78' lang='lat' dir='ltr'>CONTRA</span> <span class='ocrx_word' id='word_1_4' title='bbox 905 255 1150 297; x_wconf 50' lang='lat' dir='ltr'>aurificii,</span> <span class='ocrx_word' id='word_1_5' title='bbox 1190 257 1278 286; x_wconf 74' lang='lat' dir='ltr'>mn.</span> <span class='ocrx_word' id='word_1_6' title='bbox 1322 257 1381 286; x_wconf 78' lang='lat' dir='ltr'>vi.</span> <span class='ocrx_word' id='word_1_7' title='bbox 1434 241 1527 297; x_wconf 58' lang='lat'>3155</span> 
     </span>
    </p>
   </div>
   <div class='ocr_carea' id='block_1_2' title="bbox 137 321 1532 2577">
    <p class='ocr_par' dir='ltr' id='par_1_2' title="bbox 141 321 1531 1006">
     <span class='ocr_line' id='line_1_2' title="bbox 146 321 1531 377; baseline 0 -9"><span class='ocrx_word' id='word_1_8' title='bbox 146 321 374 368; x_wconf 85' lang='lat' dir='ltr'><strong>Christum</strong></span> <span class='ocrx_word' id='word_1_9' title='bbox 401 321 641 366; x_wconf 87' lang='lat' dir='ltr'>Dominum</span> <span class='ocrx_word' id='word_1_10' title='bbox 670 323 900 365; x_wconf 63' lang='lat' dir='ltr'>nostrum?</span> <span class='ocrx_word' id='word_1_11' title='bbox 930 321 1017 366; x_wconf 77' lang='lat' dir='ltr'>sive</span> <span class='ocrx_word' id='word_1_12' title='bbox 1043 339 1141 367; x_wconf 90' lang='lat' dir='ltr'>cum</span> <span class='ocrx_word' id='word_1_13' title='bbox 1166 321 1253 368; x_wconf 87' lang='lat' dir='ltr'>hoc</span> <span class='ocrx_word' id='word_1_14' title='bbox 1280 332 1430 377; x_wconf 79' lang='lat' dir='ltr'>exuta,</span> <span class='ocrx_word' id='word_1_15' title='bbox 1460 339 1531 368; x_wconf 90' lang='lat' dir='ltr'>re-</span> 
     </span>
     <span class='ocr_line' id='line_1_3' title="bbox 144 391 1529 457; baseline 0 -18"><span class='ocrx_word' id='word_1_16' title='bbox 144 392 322 457; x_wconf 90' lang='lat' dir='ltr'>dempta</span> <span class='ocrx_word' id='word_1_17' title='bbox 359 391 524 438; x_wconf 83' lang='lat' dir='ltr'>Christi</span> <span class='ocrx_word' id='word_1_18' title='bbox 569 392 777 450; x_wconf 88' lang='lat' dir='ltr'>sanguine</span> <span class='ocrx_word' id='word_1_19' title='bbox 818 391 961 437; x_wconf 84' lang='lat' dir='ltr'>anima</span> <span class='ocrx_word' id='word_1_20' title='bbox 1000 393 1230 457; x_wconf 77' lang='lat' dir='ltr'>requiescit</span> <span class='ocrx_word' id='word_1_21' title='bbox 1250 431 1261 449; x_wconf 90' lang='lat'>,</span> <span class='ocrx_word' id='word_1_22' title='bbox 1299 393 1388 438; x_wconf 81' lang='lat' dir='ltr'>sive</span> <span class='ocrx_word' id='word_1_23' title='bbox 1428 410 1529 439; x_wconf 89' lang='lat' dir='ltr'>cum</span> 
     </span>
     <span class='ocr_line' id='line_1_4' title="bbox 144 461 1531 527; baseline 0 -18"><span class='ocrx_word' id='word_1_24' title='bbox 144 462 433 527; x_wconf 83' lang='lat' dir='ltr'>corruptibile</span> <span class='ocrx_word' id='word_1_25' title='bbox 451 462 538 508; x_wconf 91' lang='lat' dir='ltr'>hoc</span> <span class='ocrx_word' id='word_1_26' title='bbox 560 461 714 507; x_wconf 86' lang='lat' dir='ltr'>induet</span> <span class='ocrx_word' id='word_1_27' title='bbox 733 462 1110 525; x_wconf 78' lang='lat' dir='ltr'>incorruptionem</span> <span class='ocrx_word' id='word_1_28' title='bbox 1129 463 1166 513; x_wconf 74' lang='lat'>1,</span> <span class='ocrx_word' id='word_1_29' title='bbox 1186 474 1227 508; x_wconf 91' lang='lat' dir='ltr'>et</span> <span class='ocrx_word' id='word_1_30' title='bbox 1253 474 1351 527; x_wconf 77' lang='lat' dir='ltr'>post</span> <span class='ocrx_word' id='word_1_31' title='bbox 1373 480 1531 510; x_wconf 85' lang='lat' dir='ltr'>aerum·</span> 
     </span>
     <span class='ocr_line' id='line_1_5' title="bbox 143 532 1526 598; baseline -0.001 -18"><span class='ocrx_word' id='word_1_32' title='bbox 143 551 220 580; x_wconf 83' lang='lat' dir='ltr'>nas</span> <span class='ocrx_word' id='word_1_33' title='bbox 239 534 435 598; x_wconf 89' lang='lat' dir='ltr'>corporis</span> <span class='ocrx_word' id='word_1_34' title='bbox 462 532 625 578; x_wconf 90' lang='lat' dir='ltr'>mortui</span> <span class='ocrx_word' id='word_1_35' title='bbox 651 543 834 596; x_wconf 87' lang='lat' dir='ltr'>propter</span> <span class='ocrx_word' id='word_1_36' title='bbox 855 544 1090 595; x_wconf 79' lang='lat' dir='ltr'>peccatum</span> <span class='ocrx_word' id='word_1_37' title='bbox 1117 534 1461 580; x_wconf 79' lang='lat' dir='ltr'>vivificabuntur</span> <span class='ocrx_word' id='word_1_38' title='bbox 1484 545 1526 579; x_wconf 91' lang='lat' dir='ltr'>et</span> 
     </span>
     <span class='ocr_line' id='line_1_6' title="bbox 144 602 1527 668; baseline 0 -18"><span class='ocrx_word' id='word_1_39' title='bbox 144 621 329 668; x_wconf 85' lang='lat' dir='ltr'>corpora</span> <span class='ocrx_word' id='word_1_40' title='bbox 353 602 552 650; x_wconf 85' lang='lat' dir='ltr'>mortalia</span> <span class='ocrx_word' id='word_1_41' title='bbox 569 613 716 648; x_wconf 87' lang='lat' dir='ltr'>nostra</span> <span class='ocrx_word' id='word_1_42' title='bbox 743 619 818 666; x_wconf 90' lang='lat' dir='ltr'>per</span> <span class='ocrx_word' id='word_1_43' title='bbox 845 602 1170 650; x_wconf 84' lang='lat' dir='ltr'>inhabitantem</span> <span class='ocrx_word' id='word_1_44' title='bbox 1188 604 1353 649; x_wconf 77' lang='lat' dir='ltr'>Christi</span> <span class='ocrx_word' id='word_1_45' title='bbox 1381 604 1527 667; x_wconf 81' lang='lat' dir='ltr'>Spiri-</span> 
     </span>
     <span class='ocr_line' id='line_1_7' title="bbox 144 674 1529 733; baseline 0 -12"><span class='ocrx_word' id='word_1_46' title='bbox 144 685 236 721; x_wconf 89' lang='lat' dir='ltr'>tum</span> <span class='ocrx_word' id='word_1_47' title='bbox 265 674 312 722; x_wconf 88' lang='lat' dir='ltr'>in</span> <span class='ocrx_word' id='word_1_48' title='bbox 346 674 486 721; x_wconf 80' lang='lat' dir='ltr'>nobiS.</span> <span class='ocrx_word' id='word_1_49' title='bbox 525 678 688 720; x_wconf 86' lang='lat' dir='ltr'>Contra</span> <span class='ocrx_word' id='word_1_50' title='bbox 724 677 850 733; x_wconf 86' lang='lat' dir='ltr'>cujus</span> <span class='ocrx_word' id='word_1_51' title='bbox 885 674 1096 733; x_wconf 75' lang='lat' dir='ltr'>gratiam,</span> <span class='ocrx_word' id='word_1_52' title='bbox 1122 674 1272 720; x_wconf 80' lang='lat' dir='ltr'>liberae</span> <span class='ocrx_word' id='word_1_53' title='bbox 1293 674 1529 721; x_wconf 68' lang='lat' dir='ltr'>voluntatis</span> 
     </span>
     <span class='ocr_line' id='line_1_8' title="bbox 142 743 1529 808; baseline 0.001 -17"><span class='ocrx_word' id='word_1_54' title='bbox 142 745 402 802; x_wconf 76' lang='lat' dir='ltr'>arbitrium,</span> <span class='ocrx_word' id='word_1_55' title='bbox 431 744 604 808; x_wconf 88' lang='lat' dir='ltr'>peccati</span> <span class='ocrx_word' id='word_1_56' title='bbox 631 743 833 789; x_wconf 83' lang='lat' dir='ltr'>ancillam</span> <span class='ocrx_word' id='word_1_57' title='bbox 866 743 1137 790; x_wconf 86' lang='lat' dir='ltr'>voluntatem</span> <span class='ocrx_word' id='word_1_58' title='bbox 1164 744 1408 792; x_wconf 76' lang='lat' dir='ltr'>defenditis.</span> <span class='ocrx_word' id='word_1_59' title='bbox 1442 746 1529 792; x_wconf 82' lang='lat' dir='ltr'>Nos</span> 
     </span>
     <span class='ocr_line' id='line_1_9' title="bbox 143 814 1528 878; baseline -0.001 -16"><span class='ocrx_word' id='word_1_60' title='bbox 143 826 287 863; x_wconf 89' lang='lat' dir='ltr'>autem</span> <span class='ocrx_word' id='word_1_61' title='bbox 312 833 337 861; x_wconf 91' lang='lat' dir='ltr'>a</span> <span class='ocrx_word' id='word_1_62' title='bbox 364 814 614 862; x_wconf 85' lang='lat' dir='ltr'>Manichaeo</span> <span class='ocrx_word' id='word_1_63' title='bbox 638 814 765 875; x_wconf 84' lang='lat' dir='ltr'>longe</span> <span class='ocrx_word' id='word_1_64' title='bbox 788 831 959 871; x_wconf 88' lang='lat' dir='ltr'>sumus,</span> <span class='ocrx_word' id='word_1_65' title='bbox 992 816 1067 878; x_wconf 87' lang='lat' dir='ltr'>qui</span> <span class='ocrx_word' id='word_1_66' title='bbox 1092 825 1264 861; x_wconf 84' lang='lat' dir='ltr'>naturae</span> <span class='ocrx_word' id='word_1_67' title='bbox 1288 816 1416 861; x_wconf 84' lang='lat' dir='ltr'>bonae</span> <span class='ocrx_word' id='word_1_68' title='bbox 1441 816 1528 861; x_wconf 86' lang='lat' dir='ltr'>sive</span> 
     </span>
     <span class='ocr_line' id='line_1_10' title="bbox 141 885 1530 950; baseline -0.001 -17"><span class='ocrx_word' id='word_1_69' title='bbox 141 887 188 934; x_wconf 88' lang='lat' dir='ltr'>in</span> <span class='ocrx_word' id='word_1_70' title='bbox 222 886 466 947; x_wconf 86' lang='lat' dir='ltr'>grandibus</span> <span class='ocrx_word' id='word_1_71' title='bbox 483 923 495 943; x_wconf 91' lang='lat'>,</span> <span class='ocrx_word' id='word_1_72' title='bbox 528 885 616 932; x_wconf 90' lang='lat' dir='ltr'>sive</span> <span class='ocrx_word' id='word_1_73' title='bbox 639 885 685 932; x_wconf 90' lang='lat' dir='ltr'>in</span> <span class='ocrx_word' id='word_1_74' title='bbox 709 885 902 950; x_wconf 84' lang='lat' dir='ltr'>parvulis</span> <span class='ocrx_word' id='word_1_75' title='bbox 919 923 929 942; x_wconf 84' lang='lat'>,</span> <span class='ocrx_word' id='word_1_76' title='bbox 953 897 995 932; x_wconf 90' lang='lat' dir='ltr'>et</span> <span class='ocrx_word' id='word_1_77' title='bbox 1021 886 1176 933; x_wconf 90' lang='lat' dir='ltr'>vitium</span> <span class='ocrx_word' id='word_1_78' title='bbox 1202 887 1465 933; x_wconf 85' lang='lat' dir='ltr'>confitemur</span> <span class='ocrx_word' id='word_1_79' title='bbox 1488 897 1530 932; x_wconf 92' lang='lat' dir='ltr'>et</span> 
     </span>
     <span class='ocr_line' id='line_1_11' title="bbox 143 959 384 1006; baseline 0.004 -1"><span class='ocrx_word' id='word_1_80' title='bbox 143 959 384 1006; x_wconf 88' lang='lat' dir='ltr'>medicum.</span> 
     </span>
    </p>

    <p class='ocr_par' dir='ltr' id='par_1_3' title="bbox 137 1027 1532 2577">
     <span class='ocr_line' id='line_1_12' title="bbox 206 1027 1532 1092; baseline 0.001 -18"><span class='ocrx_word' id='word_1_81' title='bbox 206 1028 326 1076; x_wconf 85' lang='lat' dir='ltr'><strong>XIV.</strong></span> <span class='ocrx_word' id='word_1_82' title='bbox 360 1028 464 1075; x_wconf 75' lang='lat' dir='ltr'>Jm..</span> <span class='ocrx_word' id='word_1_83' title='bbox 504 1028 617 1074; x_wconf 82' lang='lat' dir='ltr'>«Sic</span> <span class='ocrx_word' id='word_1_84' title='bbox 643 1027 864 1092; x_wconf 82' lang='lat' dir='ltr'>disputavi</span> <span class='ocrx_word' id='word_1_85' title='bbox 898 1028 1133 1085; x_wconf 82' lang='lat' dir='ltr'>hactenus,</span> <span class='ocrx_word' id='word_1_86' title='bbox 1158 1038 1205 1074; x_wconf 95' lang='lat' dir='ltr'>ut</span> <span class='ocrx_word' id='word_1_87' title='bbox 1242 1045 1332 1074; x_wconf 90' lang='lat' dir='ltr'>mos</span> <span class='ocrx_word' id='word_1_88' title='bbox 1369 1039 1532 1075; x_wconf 84' lang='lat' dir='ltr'>nostrae</span> 
     </span>
     <span class='ocr_line' id='line_1_13' title="bbox 140 1098 1520 1163; baseline -0.001 -18"><span class='ocrx_word' id='word_1_89' title='bbox 140 1099 243 1146; x_wconf 87' lang='lat' dir='ltr'>fidei</span> <span class='ocrx_word' id='word_1_90' title='bbox 260 1098 513 1163; x_wconf 87' lang='lat' dir='ltr'>postulabat</span> <span class='ocrx_word' id='word_1_91' title='bbox 535 1116 546 1144; x_wconf 90' lang='lat'>:</span> <span class='ocrx_word' id='word_1_92' title='bbox 570 1116 722 1146; x_wconf 85' lang='lat' dir='ltr'>verum</span> <span class='ocrx_word' id='word_1_93' title='bbox 740 1116 828 1144; x_wconf 91' lang='lat' dir='ltr'>non</span> <span class='ocrx_word' id='word_1_94' title='bbox 851 1098 936 1144; x_wconf 90' lang='lat' dir='ltr'>hac</span> <span class='ocrx_word' id='word_1_95' title='bbox 958 1099 1100 1145; x_wconf 91' lang='lat' dir='ltr'>solum</span> <span class='ocrx_word' id='word_1_96' title='bbox 1124 1109 1247 1162; x_wconf 87' lang='lat' dir='ltr'>parte</span> <span class='ocrx_word' id='word_1_97' title='bbox 1272 1109 1520 1154; x_wconf 84' lang='lat' dir='ltr'>contentus,</span> 
     </span>
     <span class='ocr_line' id='line_1_14' title="bbox 140 1169 1530 1232; baseline -0.001 -16"><span class='ocrx_word' id='word_1_98' title='bbox 140 1187 265 1231; x_wconf 89' lang='lat' dir='ltr'>agam</span> <span class='ocrx_word' id='word_1_99' title='bbox 303 1180 449 1216; x_wconf 87' lang='lat' dir='ltr'>tecum</span> <span class='ocrx_word' id='word_1_100' title='bbox 476 1169 688 1229; x_wconf 90' lang='lat' dir='ltr'>benigne,</span> <span class='ocrx_word' id='word_1_101' title='bbox 716 1180 758 1215; x_wconf 89' lang='lat' dir='ltr'>et</span> <span class='ocrx_word' id='word_1_102' title='bbox 798 1169 996 1215; x_wconf 87' lang='lat' dir='ltr'>consulto</span> <span class='ocrx_word' id='word_1_103' title='bbox 1026 1186 1118 1215; x_wconf 88' lang='lat' dir='ltr'>eam</span> <span class='ocrx_word' id='word_1_104' title='bbox 1155 1169 1265 1215; x_wconf 86' lang='lat' dir='ltr'>mihi</span> <span class='ocrx_word' id='word_1_105' title='bbox 1301 1186 1530 1232; x_wconf 85' lang='lat' dir='ltr'>personam</span> 
     </span>
     <span class='ocr_line' id='line_1_15' title="bbox 137 1239 1520 1307; baseline -0.001 -19"><span class='ocrx_word' id='word_1_106' title='bbox 137 1241 346 1299; x_wconf 87' lang='lat' dir='ltr'>induam,</span> <span class='ocrx_word' id='word_1_107' title='bbox 363 1258 464 1307; x_wconf 87' lang='lat' dir='ltr'>quae</span> <span class='ocrx_word' id='word_1_108' title='bbox 481 1241 768 1305; x_wconf 88' lang='lat' dir='ltr'>praeceptoris</span> <span class='ocrx_word' id='word_1_109' title='bbox 797 1241 863 1286; x_wconf 85' lang='lat' dir='ltr'>tui</span> <span class='ocrx_word' id='word_1_110' title='bbox 885 1241 1109 1286; x_wconf 75' lang='lat' dir='ltr'>sententiae</span> <span class='ocrx_word' id='word_1_111' title='bbox 1134 1240 1277 1287; x_wconf 84' lang='lat' dir='ltr'>favere</span> <span class='ocrx_word' id='word_1_112' title='bbox 1309 1239 1520 1287; x_wconf 83' lang='lat' dir='ltr'>videatur.</span> 
     </span>
     <span class='ocr_line' id='line_1_16' title="bbox 139 1311 1526 1372; baseline -0.001 -14"><span class='ocrx_word' id='word_1_113' title='bbox 139 1312 237 1359; x_wconf 93' lang='lat' dir='ltr'>Hoc</span> <span class='ocrx_word' id='word_1_114' title='bbox 264 1323 410 1360; x_wconf 90' lang='lat' dir='ltr'>autem</span> <span class='ocrx_word' id='word_1_115' title='bbox 440 1330 491 1358; x_wconf 87' lang='lat' dir='ltr'>ea</span> <span class='ocrx_word' id='word_1_116' title='bbox 527 1312 666 1372; x_wconf 86' lang='lat' dir='ltr'>gratia</span> <span class='ocrx_word' id='word_1_117' title='bbox 696 1313 771 1358; x_wconf 88' lang='lat' dir='ltr'>fiet</span> <span class='ocrx_word' id='word_1_118' title='bbox 790 1349 800 1367; x_wconf 93' lang='lat'><strong>‚</strong></span> <span class='ocrx_word' id='word_1_119' title='bbox 863 1322 877 1357; x_wconf 93' lang='lat' dir='ltr'>t</span> <span class='ocrx_word' id='word_1_120' title='bbox 901 1322 949 1357; x_wconf 87' lang='lat' dir='ltr'>tu</span> <span class='ocrx_word' id='word_1_121' title='bbox 975 1312 1020 1357; x_wconf 90' lang='lat' dir='ltr'>in</span> <span class='ocrx_word' id='word_1_122' title='bbox 1047 1311 1346 1357; x_wconf 82' lang='lat' dir='ltr'>Manichaeum</span> <span class='ocrx_word' id='word_1_123' title='bbox 1366 1348 1378 1367; x_wconf 93' lang='lat'>,</span> <span class='ocrx_word' id='word_1_124' title='bbox 1408 1312 1443 1356; x_wconf 86' lang='lat' dir='ltr'>si</span> <span class='ocrx_word' id='word_1_125' title='bbox 1470 1311 1526 1357; x_wconf 90' lang='lat' dir='ltr'>ab</span> 
     </span>
     <span class='ocr_line' id='line_1_17' title="bbox 139 1382 1524 1448; baseline -0.001 -19"><span class='ocrx_word' id='word_1_126' title='bbox 139 1400 190 1429; x_wconf 90' lang='lat' dir='ltr'>eo</span> <span class='ocrx_word' id='word_1_127' title='bbox 209 1382 388 1430; x_wconf 79' lang='lat' dir='ltr'>dissides</span> <span class='ocrx_word' id='word_1_128' title='bbox 402 1420 414 1440; x_wconf 86' lang='lat'>,</span> <span class='ocrx_word' id='word_1_129' title='bbox 436 1400 695 1448; x_wconf 84' lang='lat' dir='ltr'>oppugnare</span> <span class='ocrx_word' id='word_1_130' title='bbox 714 1382 892 1443; x_wconf 85' lang='lat' dir='ltr'>cogaris.</span> <span class='ocrx_word' id='word_1_131' title='bbox 920 1382 1157 1428; x_wconf 82' lang='lat' dir='ltr'>Assertioni</span> <span class='ocrx_word' id='word_1_132' title='bbox 1176 1382 1344 1446; x_wconf 89' lang='lat' dir='ltr'>quippe</span> <span class='ocrx_word' id='word_1_133' title='bbox 1365 1392 1524 1428; x_wconf 76' lang='lat' dir='ltr'>nostrae</span> 
     </span>
     <span class='ocr_line' id='line_1_18' title="bbox 139 1451 1525 1516; baseline -0.001 -17"><span class='ocrx_word' id='word_1_134' title='bbox 139 1454 252 1500; x_wconf 86' lang='lat' dir='ltr'>nihil</span> <span class='ocrx_word' id='word_1_135' title='bbox 275 1455 446 1501; x_wconf 86' lang='lat' dir='ltr'>astutiae</span> <span class='ocrx_word' id='word_1_136' title='bbox 469 1456 604 1502; x_wconf 84' lang='lat' dir='ltr'>inesse</span> <span class='ocrx_word' id='word_1_137' title='bbox 636 1454 723 1499; x_wconf 91' lang='lat' dir='ltr'>hoc</span> <span class='ocrx_word' id='word_1_138' title='bbox 749 1453 844 1516; x_wconf 85' lang='lat' dir='ltr'>ipso</span> <span class='ocrx_word' id='word_1_139' title='bbox 869 1452 1128 1507; x_wconf 82' lang='lat' dir='ltr'>docebitur,</span> <span class='ocrx_word' id='word_1_140' title='bbox 1150 1469 1252 1497; x_wconf 84' lang='lat' dir='ltr'>cum</span> <span class='ocrx_word' id='word_1_141' title='bbox 1278 1451 1525 1498; x_wconf 84' lang='lat' dir='ltr'>Traducia-</span> 
     </span>
     <span class='ocr_line' id='line_1_19' title="bbox 139 1522 1526 1589; baseline -0.001 -19"><span class='ocrx_word' id='word_1_142' title='bbox 139 1541 220 1571; x_wconf 89' lang='lat' dir='ltr'>nus</span> <span class='ocrx_word' id='word_1_143' title='bbox 243 1542 332 1571; x_wconf 88' lang='lat' dir='ltr'>non</span> <span class='ocrx_word' id='word_1_144' title='bbox 359 1525 550 1580; x_wconf 87' lang='lat' dir='ltr'>invenit,</span> <span class='ocrx_word' id='word_1_145' title='bbox 577 1541 666 1589; x_wconf 92' lang='lat' dir='ltr'>quo</span> <span class='ocrx_word' id='word_1_146' title='bbox 690 1523 938 1569; x_wconf 76' lang='lat' dir='ltr'>Manichaeo</span> <span class='ocrx_word' id='word_1_147' title='bbox 970 1522 1107 1586; x_wconf 81' lang='lat' dir='ltr'>possit</span> <span class='ocrx_word' id='word_1_148' title='bbox 1132 1522 1351 1568; x_wconf 84' lang='lat' dir='ltr'>obsistere.</span> <span class='ocrx_word' id='word_1_149' title='bbox 1373 1522 1526 1585; x_wconf 88' lang='lat' dir='ltr'>Itaque</span> 
     </span>
     <span class='ocr_line' id='line_1_20' title="bbox 141 1593 1524 1661; baseline -0.003 -19"><span class='ocrx_word' id='word_1_150' title='bbox 141 1596 374 1659; x_wconf 84' lang='lat' dir='ltr'>apparebit</span> <span class='ocrx_word' id='word_1_151' title='bbox 401 1607 568 1661; x_wconf 87' lang='lat' dir='ltr'>quanta</span> <span class='ocrx_word' id='word_1_152' title='bbox 599 1596 711 1641; x_wconf 90' lang='lat' dir='ltr'>inter</span> <span class='ocrx_word' id='word_1_153' title='bbox 738 1612 812 1640; x_wconf 82' lang='lat' dir='ltr'>vos</span> <span class='ocrx_word' id='word_1_154' title='bbox 830 1594 1075 1652; x_wconf 84' lang='lat' dir='ltr'>conjuratio</span> <span class='ocrx_word' id='word_1_155' title='bbox 1099 1593 1180 1648; x_wconf 92' lang='lat' dir='ltr'>sit,</span> <span class='ocrx_word' id='word_1_156' title='bbox 1201 1609 1335 1656; x_wconf 87' lang='lat' dir='ltr'>quam</span> <span class='ocrx_word' id='word_1_157' title='bbox 1361 1610 1524 1655; x_wconf 90' lang='lat' dir='ltr'>procu-</span> 
     </span>
     <span class='ocr_line' id='line_1_21' title="bbox 139 1663 1529 1728; baseline -0.002 -17"><span class='ocrx_word' id='word_1_158' title='bbox 139 1667 241 1712; x_wconf 88' lang='lat' dir='ltr'>retis</span> <span class='ocrx_word' id='word_1_159' title='bbox 258 1668 420 1713; x_wconf 88' lang='lat' dir='ltr'>mutuis</span> <span class='ocrx_word' id='word_1_160' title='bbox 434 1678 596 1713; x_wconf 88' lang='lat' dir='ltr'>cuncta</span> <span class='ocrx_word' id='word_1_161' title='bbox 614 1663 903 1728; x_wconf 85' lang='lat' dir='ltr'>compendiis,</span> <span class='ocrx_word' id='word_1_162' title='bbox 918 1663 1097 1727; x_wconf 86' lang='lat' dir='ltr'>quando</span> <span class='ocrx_word' id='word_1_163' title='bbox 1115 1663 1227 1710; x_wconf 89' lang='lat' dir='ltr'>inter</span> <span class='ocrx_word' id='word_1_164' title='bbox 1244 1680 1318 1708; x_wconf 81' lang='lat' dir='ltr'>vos</span> <span class='ocrx_word' id='word_1_165' title='bbox 1329 1665 1529 1724; x_wconf 85' lang='lat' dir='ltr'>jurgium</span> 
     </span>
     <span class='ocr_line' id='line_1_22' title="bbox 138 1734 1528 1801; baseline -0.001 -18"><span class='ocrx_word' id='word_1_166' title='bbox 138 1738 315 1783; x_wconf 78' lang='lat' dir='ltr'>excitari</span> <span class='ocrx_word' id='word_1_167' title='bbox 346 1755 436 1784; x_wconf 90' lang='lat' dir='ltr'>non</span> <span class='ocrx_word' id='word_1_168' title='bbox 460 1738 621 1801; x_wconf 83' lang='lat' dir='ltr'>potuit.</span> <span class='ocrx_word' id='word_1_169' title='bbox 647 1736 748 1793; x_wconf 83' lang='lat' dir='ltr'>Quo</span> <span class='ocrx_word' id='word_1_170' title='bbox 770 1736 906 1796; x_wconf 86' lang='lat' dir='ltr'>igitur</span> <span class='ocrx_word' id='word_1_171' title='bbox 932 1734 977 1780; x_wconf 92' lang='lat' dir='ltr'>id</span> <span class='ocrx_word' id='word_1_172' title='bbox 1002 1752 1070 1780; x_wconf 90' lang='lat' dir='ltr'>me</span> <span class='ocrx_word' id='word_1_173' title='bbox 1090 1734 1270 1781; x_wconf 85' lang='lat' dir='ltr'>consilio</span> <span class='ocrx_word' id='word_1_174' title='bbox 1295 1735 1528 1798; x_wconf 85' lang='lat' dir='ltr'>arripuisse</span> 
     </span>
     <span class='ocr_line' id='line_1_23' title="bbox 137 1805 1519 1868; baseline 0 -16"><span class='ocrx_word' id='word_1_175' title='bbox 137 1807 399 1854; x_wconf 85' lang='lat' dir='ltr'>ostenderim</span> <span class='ocrx_word' id='word_1_176' title='bbox 414 1845 426 1864; x_wconf 93' lang='lat'><strong>‚</strong></span> <span class='ocrx_word' id='word_1_177' title='bbox 454 1809 600 1854; x_wconf 89' lang='lat' dir='ltr'>animo</span> <span class='ocrx_word' id='word_1_178' title='bbox 624 1807 796 1853; x_wconf 71' lang='lat' dir='ltr'>lectoris</span> <span class='ocrx_word' id='word_1_179' title='bbox 816 1805 977 1852; x_wconf 83' lang='lat' dir='ltr'>insidat</span> <span class='ocrx_word' id='word_1_180' title='bbox 998 1823 1010 1851; x_wconf 87' lang='lat'><strong>:</strong></span> <span class='ocrx_word' id='word_1_181' title='bbox 1032 1822 1149 1851; x_wconf 90' lang='lat' dir='ltr'>nunc</span> <span class='ocrx_word' id='word_1_182' title='bbox 1170 1808 1261 1865; x_wconf 79' lang='lat' dir='ltr'>jam</span> <span class='ocrx_word' id='word_1_183' title='bbox 1296 1822 1490 1868; x_wconf 80' lang='lat' dir='ltr'>personae</span> <span class='ocrx_word' id='word_1_184' title='bbox 1509 1842 1519 1861; x_wconf 91' lang='lat'>,</span> 
     </span>
     <span class='ocr_line' id='line_1_24' title="bbox 138 1877 1520 1942; baseline -0.001 -17"><span class='ocrx_word' id='word_1_185' title='bbox 138 1895 270 1942; x_wconf 87' lang='lat' dir='ltr'>quam</span> <span class='ocrx_word' id='word_1_186' title='bbox 300 1879 588 1934; x_wconf 85' lang='lat' dir='ltr'>assumimus,</span> <span class='ocrx_word' id='word_1_187' title='bbox 627 1878 821 1923; x_wconf 80' lang='lat' dir='ltr'>oratione</span> <span class='ocrx_word' id='word_1_188' title='bbox 856 1877 1106 1937; x_wconf 84' lang='lat' dir='ltr'>fungamur.</span> <span class='ocrx_word' id='word_1_189' title='bbox 1146 1877 1306 1922; x_wconf 84' lang='lat' dir='ltr'>Errant</span> <span class='ocrx_word' id='word_1_190' title='bbox 1339 1877 1520 1924; x_wconf 86' lang='lat' dir='ltr'>omnino</span> 
     </span>
     <span class='ocr_line' id='line_1_25' title="bbox 139 1945 1526 2013; baseline -0.001 -18"><span class='ocrx_word' id='word_1_191' title='bbox 139 1950 216 2013; x_wconf 92' lang='lat' dir='ltr'>qui</span> <span class='ocrx_word' id='word_1_192' title='bbox 234 1959 396 2012; x_wconf 89' lang='lat' dir='ltr'>putant</span> <span class='ocrx_word' id='word_1_193' title='bbox 422 1948 542 1995; x_wconf 88' lang='lat' dir='ltr'>hanc</span> <span class='ocrx_word' id='word_1_194' title='bbox 561 1947 884 1994; x_wconf 87' lang='lat' dir='ltr'>concretionem</span> <span class='ocrx_word' id='word_1_195' title='bbox 902 1947 1099 2010; x_wconf 89' lang='lat' dir='ltr'>corporis</span> <span class='ocrx_word' id='word_1_196' title='bbox 1119 1945 1314 1992; x_wconf 79' lang='lat' dir='ltr'>habilem</span> <span class='ocrx_word' id='word_1_197' title='bbox 1334 1963 1421 1992; x_wconf 88' lang='lat' dir='ltr'>esse</span> <span class='ocrx_word' id='word_1_198' title='bbox 1432 1950 1526 2007; x_wconf 86' lang='lat' dir='ltr'>jus-</span> 
     </span>
     <span class='ocr_line' id='line_1_26' title="bbox 140 2016 1524 2081; baseline -0.001 -16"><span class='ocrx_word' id='word_1_199' title='bbox 140 2019 247 2065; x_wconf 88' lang='lat' dir='ltr'>titiae</span> <span class='ocrx_word' id='word_1_200' title='bbox 262 2036 273 2065; x_wconf 70' lang='grc' dir='ltr'>ε</span> <span class='ocrx_word' id='word_1_201' title='bbox 291 2019 498 2066; x_wconf 88' lang='lat' dir='ltr'>omnibus</span> <span class='ocrx_word' id='word_1_202' title='bbox 521 2019 650 2064; x_wconf 86' lang='lat' dir='ltr'>bonis</span> <span class='ocrx_word' id='word_1_203' title='bbox 668 2018 824 2064; x_wconf 89' lang='lat' dir='ltr'>studiis</span> <span class='ocrx_word' id='word_1_204' title='bbox 843 2027 1060 2081; x_wconf 86' lang='lat' dir='ltr'>repugnat</span> <span class='ocrx_word' id='word_1_205' title='bbox 1082 2016 1180 2062; x_wconf 75' lang='lat' dir='ltr'>vilis</span> <span class='ocrx_word' id='word_1_206' title='bbox 1203 2026 1357 2063; x_wconf 85' lang='lat' dir='ltr'>natura</span> <span class='ocrx_word' id='word_1_207' title='bbox 1381 2018 1524 2063; x_wconf 83' lang='lat' dir='ltr'>carnis</span> 
     </span>
     <span class='ocr_line' id='line_1_27' title="bbox 138 2087 1525 2153; baseline -0.001 -17"><span class='ocrx_word' id='word_1_208' title='bbox 138 2101 181 2136; x_wconf 88' lang='lat' dir='ltr'>et</span> <span class='ocrx_word' id='word_1_209' title='bbox 202 2089 437 2151; x_wconf 87' lang='lat' dir='ltr'>sanguinis.</span> <span class='ocrx_word' id='word_1_210' title='bbox 459 2089 692 2153; x_wconf 86' lang='lat' dir='ltr'>Quidquid</span> <span class='ocrx_word' id='word_1_211' title='bbox 714 2089 1087 2136; x_wconf 83' lang='lat' dir='ltr'>irritamentorum</span> <span class='ocrx_word' id='word_1_212' title='bbox 1114 2098 1176 2133; x_wconf 91' lang='lat' dir='ltr'>est</span> <span class='ocrx_word' id='word_1_213' title='bbox 1194 2087 1409 2133; x_wconf 86' lang='lat' dir='ltr'>lenocinio</span> <span class='ocrx_word' id='word_1_214' title='bbox 1425 2105 1525 2135; x_wconf 87' lang='lat' dir='ltr'>sen-</span> 
     </span>
     <span class='ocr_line' id='line_1_28' title="bbox 138 2158 1526 2225; baseline -0.002 -17"><span class='ocrx_word' id='word_1_215' title='bbox 138 2178 264 2208; x_wconf 88' lang='lat' dir='ltr'>suum</span> <span class='ocrx_word' id='word_1_216' title='bbox 280 2198 294 2219; x_wconf 88' lang='lat'>,</span> <span class='ocrx_word' id='word_1_217' title='bbox 316 2160 370 2208; x_wconf 85' lang='lat' dir='ltr'>ad</span> <span class='ocrx_word' id='word_1_218' title='bbox 396 2160 772 2225; x_wconf 82' lang='lat' dir='ltr'>perturbationem</span> <span class='ocrx_word' id='word_1_219' title='bbox 789 2197 801 2217; x_wconf 94' lang='lat'>‚</span> <span class='ocrx_word' id='word_1_220' title='bbox 827 2160 914 2205; x_wconf 89' lang='lat' dir='ltr'>imo</span> <span class='ocrx_word' id='word_1_221' title='bbox 946 2159 1210 2204; x_wconf 76' lang='lat' dir='ltr'>eversionem</span> <span class='ocrx_word' id='word_1_222' title='bbox 1254 2159 1407 2204; x_wconf 89' lang='lat' dir='ltr'>mentis</span> <span class='ocrx_word' id='word_1_223' title='bbox 1440 2158 1526 2205; x_wconf 86' lang='lat' dir='ltr'>ela-</span> 
     </span>
     <span class='ocr_line' id='line_1_29' title="bbox 137 2229 1517 2296; baseline -0.001 -18"><span class='ocrx_word' id='word_1_224' title='bbox 137 2232 259 2279; x_wconf 87' lang='lat' dir='ltr'>bitur</span> <span class='ocrx_word' id='word_1_225' title='bbox 271 2269 284 2289; x_wconf 90' lang='lat'>,</span> <span class='ocrx_word' id='word_1_226' title='bbox 303 2249 406 2296; x_wconf 82' lang='lat' dir='ltr'>quae</span> <span class='ocrx_word' id='word_1_227' title='bbox 425 2232 473 2278; x_wconf 85' lang='lat' dir='ltr'>in</span> <span class='ocrx_word' id='word_1_228' title='bbox 490 2231 580 2278; x_wconf 88' lang='lat' dir='ltr'>hoc</span> <span class='ocrx_word' id='word_1_229' title='bbox 596 2247 776 2278; x_wconf 82' lang='lat' dir='ltr'>coenum</span> <span class='ocrx_word' id='word_1_230' title='bbox 800 2230 944 2276; x_wconf 89' lang='lat' dir='ltr'>nescio</span> <span class='ocrx_word' id='word_1_231' title='bbox 963 2247 1048 2293; x_wconf 87' lang='lat' dir='ltr'>qua</span> <span class='ocrx_word' id='word_1_232' title='bbox 1065 2229 1317 2275; x_wconf 87' lang='lat' dir='ltr'>infelicitate</span> <span class='ocrx_word' id='word_1_233' title='bbox 1334 2229 1517 2291; x_wconf 65' lang='lat' dir='ltr'>deiecta,</span> 
     </span>
     <span class='ocr_line' id='line_1_30' title="bbox 138 2301 1525 2366; baseline -0.001 -17"><span class='ocrx_word' id='word_1_234' title='bbox 138 2304 367 2364; x_wconf 86' lang='lat' dir='ltr'>generosos</span> <span class='ocrx_word' id='word_1_235' title='bbox 403 2303 590 2352; x_wconf 80' lang='lat' dir='ltr'>micatus</span> <span class='ocrx_word' id='word_1_236' title='bbox 622 2302 741 2349; x_wconf 86' lang='lat' dir='ltr'>luteo</span> <span class='ocrx_word' id='word_1_237' title='bbox 771 2302 920 2366; x_wconf 86' lang='lat' dir='ltr'>perdit</span> <span class='ocrx_word' id='word_1_238' title='bbox 953 2301 1161 2348; x_wconf 79' lang='lat' dir='ltr'>admixtu.</span> <span class='ocrx_word' id='word_1_239' title='bbox 1188 2301 1288 2364; x_wconf 90' lang='lat' dir='ltr'>Ipsa</span> <span class='ocrx_word' id='word_1_240' title='bbox 1309 2311 1525 2364; x_wconf 87' lang='lat' dir='ltr'>quantum</span> 
     </span>
     <span class='ocr_line' id='line_1_31' title="bbox 138 2371 1519 2435; baseline -0.002 -14"><span class='ocrx_word' id='word_1_241' title='bbox 138 2375 185 2421; x_wconf 91' lang='lat' dir='ltr'>in</span> <span class='ocrx_word' id='word_1_242' title='bbox 207 2391 251 2421; x_wconf 86' lang='lat' dir='ltr'>se</span> <span class='ocrx_word' id='word_1_243' title='bbox 270 2385 336 2421; x_wconf 87' lang='lat' dir='ltr'>est</span> <span class='ocrx_word' id='word_1_244' title='bbox 354 2373 410 2420; x_wconf 87' lang='lat' dir='ltr'>ad</span> <span class='ocrx_word' id='word_1_245' title='bbox 434 2373 583 2420; x_wconf 93' lang='lat' dir='ltr'>locum</span> <span class='ocrx_word' id='word_1_246' title='bbox 613 2390 739 2425; x_wconf 90' lang='lat' dir='ltr'>suum</span> <span class='ocrx_word' id='word_1_247' title='bbox 759 2411 770 2430; x_wconf 87' lang='lat'>,</span> <span class='ocrx_word' id='word_1_248' title='bbox 792 2373 837 2419; x_wconf 90' lang='lat' dir='ltr'>id</span> <span class='ocrx_word' id='word_1_249' title='bbox 859 2384 946 2429; x_wconf 87' lang='lat' dir='ltr'>est,</span> <span class='ocrx_word' id='word_1_250' title='bbox 976 2373 1030 2418; x_wconf 82' lang='lat' dir='ltr'>ad</span> <span class='ocrx_word' id='word_1_251' title='bbox 1052 2371 1275 2435; x_wconf 89' lang='lat' dir='ltr'>superiora</span> <span class='ocrx_word' id='word_1_252' title='bbox 1306 2382 1490 2418; x_wconf 88' lang='lat' dir='ltr'>conatur</span> <span class='ocrx_word' id='word_1_253' title='bbox 1508 2390 1519 2418; x_wconf 69' lang='grc' dir='ltr'><strong><em>ε</em></strong></span> 
     </span>
     <span class='ocr_line' id='line_1_32' title="bbox 139 2441 1522 2506; baseline -0.001 -15"><span class='ocrx_word' id='word_1_254' title='bbox 139 2444 214 2491; x_wconf 88' lang='lat' dir='ltr'>sed</span> <span class='ocrx_word' id='word_1_255' title='bbox 237 2455 407 2491; x_wconf 82' lang='lat' dir='ltr'>terreno</span> <span class='ocrx_word' id='word_1_256' title='bbox 430 2443 667 2490; x_wconf 86' lang='lat' dir='ltr'>afflictatur</span> <span class='ocrx_word' id='word_1_257' title='bbox 690 2443 919 2504; x_wconf 85' lang='lat' dir='ltr'>ergastulo.</span> <span class='ocrx_word' id='word_1_258' title='bbox 952 2442 1148 2505; x_wconf 84' lang='lat' dir='ltr'>Denique</span> <span class='ocrx_word' id='word_1_259' title='bbox 1172 2459 1273 2487; x_wconf 87' lang='lat' dir='ltr'>cum</span> <span class='ocrx_word' id='word_1_260' title='bbox 1302 2441 1359 2487; x_wconf 85' lang='lat' dir='ltr'>ad</span> <span class='ocrx_word' id='word_1_261' title='bbox 1383 2442 1522 2506; x_wconf 86' lang='lat' dir='ltr'>pudi-</span> 
     </span>
     <span class='ocr_line' id='line_1_33' title="bbox 138 2511 1523 2577; baseline -0.001 -16"><span class='ocrx_word' id='word_1_262' title='bbox 138 2514 290 2561; x_wconf 82' lang='lat' dir='ltr'>citiam</span> <span class='ocrx_word' id='word_1_263' title='bbox 319 2513 506 2561; x_wconf 79' lang='lat' dir='ltr'>voluerit</span> <span class='ocrx_word' id='word_1_264' title='bbox 532 2512 763 2560; x_wconf 88' lang='lat' dir='ltr'>subvolare</span> <span class='ocrx_word' id='word_1_265' title='bbox 780 2550 792 2570; x_wconf 88' lang='lat'>,</span> <span class='ocrx_word' id='word_1_266' title='bbox 829 2513 979 2574; x_wconf 86' lang='lat' dir='ltr'>gluten</span> <span class='ocrx_word' id='word_1_267' title='bbox 1015 2524 1056 2558; x_wconf 89' lang='lat' dir='ltr'>et</span> <span class='ocrx_word' id='word_1_268' title='bbox 1079 2513 1246 2558; x_wconf 76' lang='lat' dir='ltr'>viscum</span> <span class='ocrx_word' id='word_1_269' title='bbox 1284 2511 1523 2577; x_wconf 86' lang='lat' dir='ltr'>voluptatis</span> 
     </span>
    </p>
   </div>
   <div class='ocr_carea' id='block_1_3' title="bbox 189 2597 478 2635">
    <p class='ocr_par' dir='ltr' id='par_1_4' title="bbox 189 2597 478 2635">
     <span class='ocr_line' id='line_1_34' title="bbox 189 2597 478 2635; baseline 0 -5"><span class='ocrx_word' id='word_1_270' title='bbox 189 2599 199 2621; x_wconf 86' lang='lat'><strong>¹</strong></span> <span class='ocrx_word' id='word_1_271' title='bbox 223 2610 236 2630; x_wconf 84' lang='lat'>1</span> <span class='ocrx_word' id='word_1_272' title='bbox 255 2600 332 2630; x_wconf 86' lang='lat' dir='ltr'>Cor.</span> <span class='ocrx_word' id='word_1_273' title='bbox 347 2608 404 2635; x_wconf 83' lang='lat' dir='ltr'>xv,</span> <span class='ocrx_word' id='word_1_274' title='bbox 421 2597 478 2630; x_wconf 84' lang='lat'>53.</span> 
     </span>
    </p>
   </div>
  </div>
 </body>
</html>
