1824 3236
327 269 423 315 320
762 282 797 311 S.
841 278 1085 311 AUGUSTINI
1124 279 1326 311 EPISCOPI

325 365 419 394 sum
442 363 509 392 me
532 347 796 392 scilicetesse
810 347 1076 407 significans,
1101 346 1204 410 quia
1224 344 1462 404 intelligere
1485 360 1573 389 non
1592 360 1683 407 pou
1704 344 1719 389 i

325 419 590 465 locutionem
613 428 731 463 tuam
751 418 797 463 in
817 417 948 462 rebus
963 434 1052 462 non
1072 417 1261 462 multum
1284 432 1426 462 causae
1445 415 1712 471 necessariis,

326 500 374 536 ut
397 489 556 536 fateris.
587 490 678 549 Ego
701 499 844 534 autem
870 488 1044 551 requiro
1080 506 1101 533 a
1138 498 1175 533 te
1193 525 1203 544 ‚
1241 487 1358 533 unde
1393 486 1591 532 homines
1613 503 1716 531 nas-

327 572 489 608 cuntur
527 560 735 605 obtunsi:
762 576 902 623 neque
942 560 1057 605 enim
1088 559 1148 605 sic
1184 559 1276 622 ipse
1310 558 1523 604 obtunsus
1554 574 1622 614 es,
1667 568 1715 602 ut

325 633 540 696 pertinere
579 631 633 677 ad
667 641 867 677 naturam
904 648 1028 691 neges
1064 631 1133 678 vel
1172 631 1361 676 obtunsa
1401 629 1571 689 ingenia
1588 665 1599 683 ‚
1649 628 1715 675 vel

327 715 454 750 acuta
477 721 488 748 ε
515 703 715 766 quamvis
740 713 781 748 et
807 713 933 748 acuta
954 702 1047 765 ipsa
1063 738 1073 756 ‚
1095 702 1207 746 sicut
1231 704 1323 760 jam
1350 701 1395 746 in
1416 699 1714 764 superioribus

325 775 535 829 diximus,
562 784 745 837 propter
768 774 856 819 hoc
894 771 1183 835 corruptibile
1210 788 1372 834 corpus
1404 771 1524 834 quod
1560 788 1713 830 aggra—

323 856 399 894 vat
439 845 627 890 animam
643 844 681 901 4,
718 845 751 890 si
782 844 915 908 primi
952 844 1144 889 hominis
1174 843 1347 903 ingenio
1380 853 1710 906 comparentur,

326 919 514 963 obtunsa
543 917 650 972 sint;
686 917 763 980 qui
796 917 947 980 utique
974 934 1063 962 non
1088 915 1170 962 tale
1193 932 1353 980 corpus
1388 924 1640 978 acceperat,
1666 924 1714 960 ut

322 988 396 1033 illo
422 992 513 1047 ejus
531 987 676 1032 anima
699 997 966 1045 gravaretur.
994 991 1058 1033 Ac
1079 988 1140 1033 sic
1166 997 1206 1032 et
1226 1004 1302 1047 ego
1328 987 1641 1046 distinguerem
1666 986 1711 1030 in

322 1069 479 1104 natura
495 1058 687 1103 hominis
705 1057 848 1121 qualis
866 1075 983 1103 nunc
1009 1068 1097 1115 est,
1130 1057 1239 1121 quid
1263 1057 1391 1104 distet
1415 1059 1526 1103 inter
1549 1057 1712 1117 ingenii

322 1130 482 1176 vitium
503 1140 544 1176 et
562 1128 672 1175 tanti
692 1129 872 1175 artificis
895 1130 1120 1193 opificium
1145 1151 1155 1184 ;
1184 1130 1254 1175 cui
1281 1129 1438 1193 procul
1459 1129 1598 1174 dubio
1623 1145 1710 1173 non

322 1213 437 1248 recte
460 1201 567 1248 vitia
590 1201 849 1246 tribuuntur
875 1211 1232 1264 quantacumque
1271 1201 1380 1256 sint,
1412 1201 1709 1245 humanorum

321 1272 595 1333 ingeniorum
626 1291 635 1317 :
662 1281 710 1317 ut
726 1288 805 1334 per
824 1271 942 1317 hanc
962 1272 1155 1332 regulam
1180 1272 1319 1318 discas
1343 1272 1400 1318 ab
1423 1274 1511 1331 ejus
1531 1270 1710 1316 institu-

320 1345 437 1391 tione
461 1345 703 1391 discernere
722 1380 731 1395 ,
762 1344 962 1406 quamvis
981 1344 1257 1404 congenitum
1279 1343 1449 1389 homini
1464 1380 1474 1397 ‚
1501 1341 1709 1401 originale

320 1426 582 1478 peccatum3
610 1431 688 1459 nec
712 1413 810 1459 idco
832 1431 956 1474 neges
977 1432 1063 1460 esse
1079 1452 1090 1471 ,
1111 1415 1213 1478 quia
1239 1416 1352 1460 Deus
1369 1413 1569 1458 homines
1583 1412 1704 1468 facit,

318 1486 397 1549 qui
416 1496 647 1549 peccatum
673 1501 762 1529 non
789 1484 918 1537 facit;
945 1485 1058 1530 sicut
1080 1502 1169 1530 non
1187 1485 1285 1530 idco
1311 1483 1505 1543 neganda
1527 1493 1625 1528 sunt
1641 1482 1707 1527 in-

320 1557 454 1616 geniis
476 1556 707 1603 hominum
740 1556 968 1615 congenita
991 1555 1096 1602 vitia
1114 1593 1125 1612 ,
1158 1557 1260 1619 quia
1284 1557 1399 1601 Deus
1421 1554 1618 1599 homines
1638 1553 1707 1598 fa-

319 1626 406 1683 cit,
441 1645 463 1672 a
485 1631 613 1687 cujus
646 1635 735 1671 arte
767 1625 916 1670 divina
941 1626 1149 1672 vitiositas
1186 1637 1248 1671 est
1277 1626 1418 1670 omnis
1450 1625 1601 1670 aliena.
1633 1623 1705 1669 Sic

320 1709 464 1744 autem
498 1698 621 1744 novit
657 1698 771 1743 Deus
809 1696 920 1742 bene
951 1697 1123 1760 operari
1156 1697 1354 1742 homines
1381 1696 1434 1741 de
1463 1695 1704 1741 substantia

314 1781 497 1833 peccato
520 1769 698 1823 vitiata,
734 1768 1107 1830 quemadmodum
1136 1769 1260 1814 novit
1293 1768 1404 1813 bene
1443 1767 1612 1829 operari
1650 1765 1704 1810 de

315 1840 421 1903 ipsis
445 1840 635 1904 peccatis
660 1838 893 1883 hominum
910 1876 920 1894 ‚
959 1856 1147 1901 quorum
1174 1850 1274 1884 sunt
1301 1838 1406 1884 vitia
1436 1836 1695 1883 voluntaria.

315 1910 523 1957 Videmus
548 1909 664 1955 enim
696 1919 859 1972 quanta
885 1909 1001 1954 bona
1027 1920 1231 1972 operatus
1253 1909 1305 1954 sit
1329 1908 1381 1954 de
1405 1918 1586 1971 peccato
1608 1908 1701 1953 fra-

315 1992 430 2028 trum
449 1983 485 2038 2,
508 1981 584 2044 qui
605 1979 779 2026 fratrem
802 1995 880 2042 per
905 1980 1191 2026 invidentiam
1215 1979 1531 2034 vendiderunt3
1557 1989 1598 2025 et
1620 1979 1700 2024 alia

312 2053 449 2099 multa
468 2053 631 2117 quibus
652 2068 786 2096 sacrae
805 2051 981 2097 Litterae
1005 2052 1148 2115 piente
1167 2063 1281 2099 sunt.

375 2126 479 2171 XII.
507 2128 602 2169 JUL.
626 2144 646 2164 <c
670 2123 831 2168 Verum
846 2123 1037 2168 demiror
1056 2125 1220 2187 ubique
1234 2123 1518 2169 constantiam
1539 2122 1696 2185 dispu-

310 2196 439 2242 tantis
457 2215 468 2249 3
489 2193 564 2258 qui
586 2194 846 2256 pronuntiat
867 2215 887 2235 >³
912 2195 1072 2239 semina
1097 2212 1119 2238 a
1152 2196 1238 2238 Deo
1263 2211 1364 2239 vero
1387 2193 1561 2239 condita
1580 2211 1665 2239 esse
1681 2231 1691 2251 ,

308 2286 331 2313 a
356 2283 444 2330 quo
461 2267 715 2311 conduntur
731 2275 771 2309 et
785 2280 989 2327 corpora,
1015 2264 1116 2310 licet
1133 2281 1231 2310 cum
1255 2264 1482 2327 voluptate
1497 2265 1695 2310 emittan-

306 2350 391 2386 tur,
422 2358 442 2378 «
469 2336 641 2382 Semina
662 2352 762 2394 ergo
783 2352 805 2380 a
837 2335 923 2380 Deo
954 2335 1047 2380 fieri
1072 2336 1322 2390 confitetur,
1356 2336 1401 2380 in
1427 2335 1588 2397 quibus
1608 2353 1694 2381 esse

303 2409 412 2455 dicit
428 2406 699 2453 diabolicum
723 2404 917 2459 malum3
942 2416 984 2450 et
1007 2423 1096 2450 non
1118 2406 1336 2451 erubescit
1364 2406 1538 2451 credere
1559 2425 1580 2451 a
1599 2410 1691 2451 Deo

300 2481 392 2526 fieri
416 2479 601 2533 malum,
629 2475 747 2539 quod
777 2475 1085 2521 innocentibus
1105 2476 1362 2539 imputetur.

362 2554 475 2598 Aue.
503 2550 540 2596 A
560 2549 651 2595 Deo
669 2564 757 2592 non
777 2548 827 2593 fit
840 2546 1020 2604 malum,
1045 2546 1224 2611 quando
1239 2548 1289 2594 fit
1303 2546 1356 2593 de
1372 2545 1485 2593 malo
1499 2546 1682 2594 bonum.

344 2637 354 2660 1
374 2640 515 2680 Sap.1x,
541 2634 592 2666 15.
611 2649 656 2656 —
675 2629 691 2653 ²
710 2632 794 2668 Gen.
817 2642 848 2667 r..
