1863 3262
145 244 300 276 OPERIS
337 243 598 276 IMPERFECTI
635 242 812 273 CONTRA
847 242 1093 284 JULIANUM,
1133 244 1219 276 LIB.
1262 245 1331 277 111.
1380 229 1467 277 115

95 312 156 358 ita
172 322 315 357 tamen
337 321 385 357 ut
401 327 480 356 nec
504 310 663 365 virtus,
688 325 767 355 nec
785 319 1017 372 peccatum
1033 347 1043 367 ,
1070 311 1159 357 siue
1175 312 1354 376 propria
1378 313 1470 359 cui-

95 399 225 446 quam
243 382 465 428 voluntate
483 380 712 427 tribuatur.
737 401 758 422 »

161 455 279 500 Auo.
323 453 420 498 Non
439 451 649 496 tribuitur
669 451 873 514 cuiquam
910 450 1048 496 virtus
1076 452 1165 497 sine
1190 455 1367 519 propria
1387 471 1470 502 vo-

94 523 262 570 luntate
280 541 290 569 :
311 522 384 569 sed
406 533 682 587 praeparatur
698 523 900 569 voluntas
921 541 944 568 a
969 523 1206 581 Domino1,
1229 526 1340 572 sicut
1358 527 1467 588 regis

93 594 209 641 illius
223 632 232 649 ‚
246 604 425 659 propter
447 593 566 657 quod
581 594 720 639 oravit
736 594 892 639 Esther
908 594 942 640 2.
1086 592 1090 596 ”

161 665 356 712 CLXIV.
387 665 490 711 JUL.
521 685 542 706 «
563 664 772 721 Quamvis
788 665 834 710 in
850 664 935 710 hoc
951 680 1124 728 quoque
1140 664 1368 712 clementia
1387 668 1470 714 Dei

93 735 270 782 uberior
306 736 604 800 approbetur,
638 735 844 800 quoniam
875 736 1117 781 sanctificat
1138 736 1344 800 parvulos
1380 755 1471 784 nes-

93 806 283 853 cientes:
311 806 367 852 ad
392 806 565 855 laudem
594 808 762 871 quippe
794 805 1103 852 misericordiae
1134 807 1342 870 respicit:
1368 825 1471 854 cum

93 894 163 924 eos
186 878 420 924 nescientes
448 878 578 942 culpa
604 895 694 924 non
712 877 911 942 inquinet
929 897 940 932 3
959 877 1012 924 ad
1036 877 1146 938 leges
1166 878 1281 924 enim
1307 878 1352 925 id
1373 897 1470 943 per-

92 948 201 994 tinet
223 948 452 1012 aequitatis.
482 971 503 991 ))

157 1021 275 1066 AUG.
317 1019 364 1065 Si
401 1036 471 1066 eos
508 1019 626 1066 nulla
654 1019 785 1083 culpa
821 1019 1048 1082 inquinat,
1085 1035 1164 1065 cur
1200 1036 1288 1065 non
1323 1036 1471 1066 ornnes

92 1091 452 1137 sanctificantur?
489 1102 531 1137 et
565 1109 643 1137 cur
672 1108 820 1137 omnes
850 1092 924 1154 qui
956 1090 1300 1148 sanctificantur,
1337 1090 1472 1137 exsuf-

89 1161 284 1208 flantur?
751 1170 755 1173 “

156 1232 332 1280 CLXV.
362 1233 466 1280 JUL.
509 1254 529 1276 ι(
560 1232 642 1279 Sed
666 1232 718 1278 de
737 1233 820 1278 illis
844 1250 921 1292 ego
949 1231 1187 1277 virtutibus
1211 1231 1311 1277 dico
1327 1269 1338 1289 ‚
1363 1249 1470 1296 quas

91 1306 272 1363 usujam
291 1304 497 1367 perfectae
513 1305 690 1349 rationis
708 1303 994 1365 adipiscimur
1015 1320 1025 1347 :
1049 1320 1098 1348 ac
1118 1320 1196 1366 per
1223 1302 1314 1348 hoc
1330 1341 1342 1359 ‚
1367 1304 1471 1367 quia

88 1372 136 1419 id
159 1373 289 1419 etiam
324 1373 423 1431 hic,
453 1374 567 1420 sicut
590 1374 853 1437 frequenter,
882 1372 1094 1418 inculcari
1126 1372 1252 1418 nobis
1284 1372 1371 1418 fuit
1396 1390 1469 1420 ne-

89 1461 228 1504 cesse,
252 1444 306 1491 ad
329 1463 378 1491 ea
408 1462 508 1509 quae
530 1444 755 1491 inferimus
777 1453 826 1489 ut
851 1443 904 1488 sit
931 1453 1120 1489 attentus
1143 1442 1295 1499 lector,
1320 1444 1468 1490 admo-

88 1532 184 1562 neo.
210 1515 388 1563 Videbit
403 1517 517 1563 enim
537 1517 597 1562 ita
621 1517 665 1562 in
683 1515 804 1561 nullo
824 1516 858 1559 T
864 1514 1122 1560 raducianos
1140 1514 1311 1560 differre
1327 1533 1350 1561 a
1367 1517 1467 1562 Ma-

88 1585 294 1643 nichaeiS‚
315 1599 363 1634 ut
386 1605 473 1639 non
489 1587 571 1633 alia
590 1587 717 1632 nobis
736 1585 955 1646 objiciant
975 1594 1331 1644 argumentorum
1349 1586 1461 1643 vice,

88 1672 218 1719 quam
230 1674 330 1720 quae
343 1659 389 1704 in
408 1675 556 1705 eorum
576 1657 700 1703 libris
719 1666 933 1702 tenentur.
960 1656 1061 1701 Feci
1081 1655 1127 1701 id
1140 1655 1318 1719 quidem
1335 1657 1464 1703 etiam

86 1727 132 1775 in
154 1730 288 1793 primi
308 1730 450 1794 operis
470 1729 555 1775 mei
571 1729 687 1774 libro
707 1737 879 1791 quarto.
906 1749 925 1769 »

152 1801 272 1848 Ano.
315 1802 371 1846 Et
392 1799 599 1864 respondi
616 1799 699 1844 tibi
715 1799 830 1844 libro
850 1814 946 1844 meo
971 1807 1100 1844 sexto.

151 1872 346 1920 CLXVI.
375 1872 398 1916 J
406 1889 477 1918 DL.
502 1892 522 1913 (ι
537 1870 621 1916 Sed
635 1870 737 1934 quia
752 1879 849 1933 post
864 1868 1096 1914 editionem
1114 1866 1290 1913 illorum
1307 1905 1318 1924 ‚
1337 1879 1463 1915 oratu

88 1953 164 1988 tuo
179 1979 191 1995 ‚
211 1943 465 1988 beatissime
507 1951 631 2004 pater
670 1940 794 1985 Flore
811 1977 822 1995 ,
874 1938 994 2001 apud
1035 1938 1465 2001 Constantinopolim

89 2012 329 2059 Manichaei
346 2012 526 2076 epistola
551 2012 725 2057 inventa
743 2020 832 2065 est,
862 2020 990 2071 atque
1015 2007 1069 2053 ad
1090 2007 1166 2052 has
1187 2006 1350 2053 directa
1365 2024 1464 2072 par-

87 2093 172 2140 tes;
195 2099 327 2146 opera
350 2092 413 2128 est
430 2082 575 2144 aliqua
603 2085 693 2141 ejus
716 2080 897 2126 inserere
913 2115 924 2131 ‚
949 2088 994 2123 ut
1029 2076 1272 2136 intelligant
1291 2094 1460 2135 omnes,

85 2153 200 2200 unde
221 2154 320 2200 haec
339 2170 421 2217 pro
443 2152 623 2198 traduce
644 2160 895 2211 argumenta
914 2147 1192 2194 descendant.
1216 2169 1237 2190 »

152 2226 270 2272 Aue.
328 2223 562 2281 Quomodo
612 2226 872 2286 cujusquam
912 2230 1040 2265 oratu
1086 2219 1306 2264 inventam
1355 2218 1465 2265 dicis

87 2294 327 2358 Epistolam
348 2306 478 2359 atque
503 2295 714 2341 directam
729 2331 739 2350 ‚
761 2293 796 2338 si
823 2293 939 2337 Deus
965 2307 1052 2335 non
1078 2301 1283 2353 operatur
1305 2289 1349 2335 in
1371 2306 1466 2336 cor-

86 2364 216 2411 dibus
238 2365 468 2411 hominum
508 2365 782 2411 voluntates?
812 2362 972 2424 Utique
1005 2361 1139 2405 homo
1165 2361 1240 2424 qui
1264 2360 1459 2416 invenit,

83 2435 325 2499 Epistolam
344 2435 567 2482 voluntate
584 2434 787 2499 quaesivit
802 2470 814 2490 ,
831 2442 906 2478 aut
921 2431 1144 2476 voluntate
1162 2430 1329 2495 aliquid
1343 2447 1463 2494 quae-

84 2506 209 2552 rebat
225 2523 276 2553 eo
291 2505 412 2565 1060,
433 2506 513 2553 ubi
529 2523 624 2552 eam
639 2505 786 2570 potuit
804 2502 995 2551 invenire
1011 2522 1022 2557 ;
1050 2513 1126 2548 aut
1138 2518 1241 2549 cum
1258 2501 1312 2548 de
1332 2502 1462 2548 rebus

135 2587 147 2611 ¹
163 2585 257 2621 Prov.
281 2589 459 2631 v1u,juxta
479 2601 555 2624 Lxx.
573 2608 618 2614 -
637 2587 652 2611 2
665 2587 787 2621 Esther.
802 2598 853 2620 xv,

1281 2638 1325 2686 8.
