1824 3236
199 256 355 290 opssms
390 257 652 290 IMPERFECTt
688 256 865 289 coNTnA
899 258 1144 301 summunt,
1185 259 1272 289 mn.
1316 260 1356 289 v.
1430 243 1524 306 359

148 324 300 371 merito
325 324 491 371 malum
518 335 724 380 vocatur,
760 324 805 370 id
841 336 932 381 est,
957 336 1203 388 peccatum.
1238 326 1520 388 Respoudeo,

145 396 345 459 imperite
362 395 491 443 nimis
516 395 658 454 rogari
684 395 893 455 originem
922 397 1007 451 rei,
1046 396 1099 442 de
1125 400 1250 455 cujus
1274 396 1425 443 adhuc
1449 397 1522 442 de-

145 466 342 513 finitione
363 482 451 512 non
486 465 695 512 constitit.
727 465 961 513 Videamus
985 483 1085 525 ergo
1119 467 1242 529 prius
1263 477 1410 512 utrum
1432 468 1518 523 sit,

143 546 249 582 tunc
281 535 390 600 quid
414 535 496 591 sit,
524 535 727 582 ultimum
755 535 871 582 unde
910 536 977 582 sit.
1026 536 1124 581 Feci
1159 536 1245 581 hoc
1267 536 1445 599 quidem
1475 538 1522 583 in

141 607 286 670 primo
316 606 540 670 praesentis
564 607 704 669 operis
734 606 911 660 libello;
948 605 1020 652 sed
1056 606 1118 652 ibi
1151 623 1197 652 cx
1228 606 1374 669 aliqua
1398 617 1522 669 parte

140 693 346 723 securus:
379 676 628 737 ambigatur
648 694 748 738 ergo
776 687 922 723 utrum
947 676 1001 723 sit
1027 676 1206 723 malum.
1239 697 1259 718 »

204 748 322 795 Aac.
358 747 404 793 Si
427 757 476 795 tu
492 764 577 794 esse
595 738 766 795 ¹malum
787 747 950 793 diceres
968 783 979 803 ,
1015 763 1093 806 ego
1128 757 1272 792 autem
1293 763 1519 806 negarem3

139 831 245 867 tunc
267 821 380 867 inter
405 838 484 867 nos
507 821 690 885 quaestio
719 831 956 868 verteretur
974 856 985 875 ,
1014 830 1160 865 utrum
1194 830 1299 865 esset
1325 819 1487 864 malum
1506 857 1516 875 ‚

136 892 181 937 in
200 908 288 955 qua
312 891 552 954 quaestione
584 892 820 956 susciperes
847 890 1069 937 ostendere
1096 889 1261 935 malum
1285 907 1394 945 esse,
1417 891 1521 953 quia

135 960 180 1008 id
202 980 224 1008 a
244 979 312 1008 me
335 972 539 1022 negatum
557 974 688 1008 esset:
716 979 818 1009 cum
841 979 943 1009 vero
969 961 1014 1007 id
1041 971 1194 1007 neuter
1218 971 1415 1006 nostrum
1434 966 1520 1007 'ne-

135 1042 228 1094 get,
263 1043 416 1090 neuter
451 1033 559 1078 hinc
594 1032 816 1093 ambigat3
852 1032 960 1095 quid
1009 1031 1152 1095 poscis
1190 1041 1236 1076 ut
1271 1031 1520 1091 ambigatur

134 1102 250 1150 'unde
271 1121 362 1150 non
386 1104 648 1164 ambigitur,
669 1104 750 1150 nisi
767 1103 975 1168 loquendi
997 1101 1209 1155 libidine3
1240 1112 1393 1147 utnon
1418 1120 1518 1149 ver-

132 1176 291 1233 borum
316 1191 513 1221 meorum
542 1175 836 1231 convictione,
868 1174 942 1220 sed
961 1174 1177 1219 librorum
1203 1183 1381 1218 tuorum
1406 1173 1518 1219 mul-

133 1245 320 1298 titudine
348 1245 574 1306 glorieris?

194 1315 404 1362 XXVIII.
441 1316 540 1362 JUL.
571 1335 592 1357 «
611 1316 666 1361 At
692 1315 739 1361 id
761 1332 847 1361 esse
867 1325 1082 1360 testantur
1104 1314 1379 1377 frequentata
1406 1313 1514 1359 vitia

129 1397 172 1432 et
201 1403 343 1432 severa
365 1384 563 1446 J'udicia:
602 1386 799 1431 constitit
820 1403 919 1445 ergo
945 1403 1032 1431 esse
1052 1395 1300 1448 peccatum.
1333 1383 1511 1441 Quaeri-

129 1474 223 1502 mus
244 1456 353 1520 quid
375 1456 458 1510 sit3
486 1467 634 1506 utrum
659 1473 818 1520 corpus
841 1456 1018 1519 aliquod
1039 1456 1121 1512 sit,
1150 1455 1270 1519 quod
1297 1473 1344 1501 ex
1365 1454 1511 1500 multis

131 1528 431 1590 compositum
465 1527 694 1580 videatur3
743 1545 797 1573 au
834 1526 1049 1586 singulare
1095 1526 1308 1590 quiddam
1333 1563 1343 1581 ‚
1397 1525 1511 1571 sicut

127 1614 264 1644 uuum
286 1597 466 1662 aliquod
495 1597 752 1646 elementum
775 1634 785 1653 ‚
818 1597 884 1643 vel
909 1614 988 1660 per
1015 1596 1321 1656 cogitationem
1352 1613 1375 1640 a
1404 1594 1509 1640 reli-

125 1685 316 1732 quorum
334 1668 641 1715 communione
661 1679 912 1732 purgatum.
951 1671 1086 1714 Porro
1113 1666 1224 1713 nihil
1247 1667 1407 1712 horum
1426 1677 1501 1712 cst.

127 1739 248 1796 Quid
277 1750 339 1785 est
363 1743 494 1799 ergo?
520 1743 755 1803 Appetitus
779 1739 931 1785 liberae
954 1737 1212 1790 voluntatis,
1240 1753 1370 1801 quem
1399 1753 1506 1799 pro-

124 1810 250 1856 hibet
267 1810 434 1872 J'ustitia
452 1828 463 1856 :
482 1809 550 1855 vel
570 1821 617 1855 ut
637 1810 891 1856 definitione
917 1819 1095 1854 utamur
1113 1808 1276 1871 priore,
1296 1806 1506 1853 Voluntas

122 1880 443 1944 faciendiquod
461 1880 630 1940 Justitia
648 1890 780 1934 vetat,
801 1890 844 1925 et
858 1879 973 1925 unde
986 1879 1174 1924 liberum
1190 1888 1251 1922 est
1269 1877 1498 1923 abstinere.

123 1951 360 1997 Considera
378 1968 497 2011 ergo,
519 1961 668 1997 utrum
688 1961 803 1999 extra
837 1949 1043 1996 terminos
1066 1948 1332 2013 definitionis
1369 1947 1503 2006 hujus

119 2032 351 2086 peccatum
370 2032 554 2085 nequeat
576 2021 762 2085 inveniri
784 2058 795 2075 ,
827 2038 880 2067 ne
904 2020 1009 2066 alibi
1035 2030 1242 2079 vagetur,
1276 2017 1397 2080 quod
1427 2034 1504 2063 nos

121 2093 490 2156 comprehensum
508 2102 727 2155 putamus.
754 2091 1043 2138 Consulamus
1073 2107 1173 2149 ergo
1191 2089 1405 2149 justitiam
1424 2089 1504 2149 J'u-

121 2162 325 2219 dicantis,
345 2173 396 2217 ut
417 2173 458 2208 et
474 2162 590 2208 illius
607 2162 853 2217 testimonio
868 2161 1029 2208 clareat
1046 2198 1056 2216 ‚
1080 2171 1226 2206 utrum
1246 2160 1356 2205 bene
1381 2158 1506 2204 cinc-

120 2243 215 2278 tum
244 2233 299 2279 sit
333 2233 403 2278 his
426 2232 642 2279 limitibus
668 2249 801 2292 genus
835 2249 963 2278 omne
988 2231 1173 2294 peccati.
1221 2230 1505 2308 Imputat-ne

120 2309 240 2351 Deus
253 2304 373 2368 quod
395 2304 477 2349 scit
496 2321 583 2350 non
612 2321 759 2382 posse.
754 2303 914 2350 vitari?
943 2305 998 2348 At
1017 2302 1136 2348 nulla
1157 2301 1326 2362 justitia
1351 2310 1436 2355 est,
1463 2309 1504 2344 et

118 2392 289 2422 summa
305 2373 592 2436 deformatis:
613 2374 701 2420 imo
715 2373 749 2419 si
772 2374 859 2420 hoc
883 2374 985 2428 fiat,
1014 2390 1102 2418 non
1125 2372 1373 2436 puniuntur
1393 2386 1503 2433 pec-

119 2457 234 2502 cata,
255 2444 328 2491 sed
350 2454 563 2490 crescunt.
592 2445 628 2490 A
644 2447 762 2504 J'usto
787 2445 903 2490 enim
931 2443 1082 2504 J'udice
1098 2443 1235 2506 culpa
1259 2441 1405 2506 puniri
1426 2458 1502 2486 so-

118 2516 200 2562 let:
228 2532 276 2561 ea
299 2514 393 2561 siin
416 2514 563 2577 ipsum
586 2514 817 2560 arbitrium
838 2515 1020 2574 J'ustitiae
1039 2513 1322 2578 corruptione
1341 2527 1491 2576 perva-

118 2584 446 2642 dat,vindicata
464 2594 528 2630 est
546 2583 782 2646 dejudice,
815 2602 901 2630 non
920 2585 1090 2648 punita.
1114 2585 1211 2629 Non
1231 2600 1330 2643 ergo
1348 2583 1500 2644 impu-
