1863 3262
198 242 355 274 OPERIS
392 242 660 274 IMPERFECTI
698 216 872 271 cosi'rRA
907 242 1150 281 JULlANUM,
1192 244 1259 272 ΗΒ
1323 244 1381 273 iv.
1443 244 1525 289 loq

150 307 410 367 generandi:
437 318 479 352 et
499 317 640 352 tamen
662 308 753 364 ojus
772 322 945 350 carnem
977 324 1200 369 nunquam
1224 319 1373 354 contra
1394 309 1525 371 spiri-

150 387 244 422 tum
263 377 532 440 concilpisse.
562 375 693 431 Quod
721 375 753 419 si
783 386 1014 438 propterea
1037 394 1242 436 magnum
1263 379 1426 424 bonum
1446 389 1525 433 est,

150 458 199 492 ut
217 459 345 511 putas
361 484 372 503 ‚
404 446 619 493 abstinere
647 463 669 490 a
693 445 886 500 delictis,
909 447 1011 509 quia
1037 464 1123 492 non
1153 447 1309 493 desunt
1328 450 1529 494 libidines

150 534 250 580 quae
276 517 529 572 vincantur,
556 532 645 560 non
673 526 814 561 autem
834 533 1036 575 magnum
1057 528 1185 573 esset,
1215 519 1246 563 si
1267 518 1528 564 defuissent:

152 596 272 632 tanto
290 586 472 649 quisque
494 586 574 631 erit
606 585 651 630 in
684 585 845 631 virtute
877 585 1162 642 laudabilior,
1205 599 1369 651 quanto
1403 589 1534 635 fuerit

150 657 197 702 in
220 673 349 702 carne
376 655 665 702 libidinosior.
712 657 774 701 Ac
807 673 886 719 per
920 656 1007 702 hoc
1036 657 1266 714 Christus,
1294 659 1532 704 secundum

151 727 278 774 istam
308 737 495 774 vestram
530 726 788 772 horribilem
828 737 869 772 et
904 727 1203 774 detestabilem
1240 730 1497 792 pravitatem
1521 767 1532 786 ,

153 797 265 843 sicut
285 797 330 843 in
355 798 518 844 virtute
543 797 739 843 omnium
774 797 1003 844 hominum
1030 799 1241 844 maximus
1259 835 1270 853 ‚
1294 800 1353 844 ita
1378 816 1463 845 esse
1493 800 1535 844 in

154 885 282 914 carne
306 867 686 913 libidinosissimus
704 866 872 915 debuit.
896 868 1029 924 Quod
1047 879 1209 932 quanta
1231 870 1440 915 sentiatur
1457 870 1538 915 im-

153 938 332 1001 pietate,
350 938 384 983 si
402 938 548 993 sentis,
562 939 815 983 sententiam
828 948 994 984 mutare
1009 956 1061 984 ne
1076 939 1266 993 differas;
1284 939 1538 985 etlibidines

155 1008 396 1054 discernere
422 1025 445 1053 a
464 1008 684 1064 sensibus,
712 1025 813 1071 quae
833 1010 1078 1054 sentiuntur
1102 1009 1249 1072 potius
1277 1010 1321 1054 in
1346 1009 1535 1073 quibus-

153 1096 264 1143 que,
291 1095 426 1142 quam
462 1078 686 1124 sentiunt:
725 1095 779 1123 ne
818 1089 936 1124 tanto
974 1078 1158 1142 quisque
1189 1078 1389 1125 videatur
1417 1095 1539 1124 sensu

155 1166 243 1196 esse
259 1149 468 1204 vivacior,
495 1160 660 1213 quanto
686 1147 817 1194 fuerit
850 1149 1033 1194 libidine
1062 1148 1311 1203 ardentior}
1347 1159 1389 1194 et
1420 1160 1540 1195 tanto

157 1221 358 1267 Christus
382 1220 529 1266 arsisse
550 1220 756 1267 credatur
783 1219 1048 1266 libidinibus
1081 1221 1348 1278 acrioribus,
1374 1231 1540 1284 quanto

157 1290 296 1350 viguit
313 1290 566 1353 purioribus
592 1290 803 1335 sensibus.

227 1362 273 1407 L.
315 1364 412 1406 JUL.
452 1381 474 1403 (ι
495 1361 607 1416 Quae
632 1372 852 1423 postremo
877 1360 1021 1423 palma
1043 1360 1311 1416 tolerantiae,
1346 1361 1380 1406 si
1415 1360 1541 1406 dolor

157 1431 387 1479 vulnerum
412 1442 454 1477 et
472 1432 702 1477 verberum
720 1469 731 1487 ‚
756 1431 998 1494 intercepto
1017 1431 1169 1477 itinere
1190 1448 1393 1477 sensuum
1409 1469 1421 1487 ,
1445 1449 1543 1496 pera

157 1503 321 1562 tingere
345 1501 396 1549 ad
414 1505 607 1547 animum
627 1519 714 1547 non
737 1502 939 1548 valebat?
961 1503 1060 1560 Quo
1077 1520 1177 1562 ergo
1198 1503 1384 1566 profecit
1406 1503 1543 1566 Apol-

159 1572 309 1619 linaris
346 1572 567 1618 adulatio?
606 1572 823 1627 Videlicet
856 1583 904 1617 ut
939 1573 1079 1618 omnis
1106 1573 1317 1619 virtutum
1340 1572 1545 1636 pulchri-

160 1643 269 1689 tudo
289 1676 299 1699 ,
324 1661 457 1706 quam
481 1644 528 1689 in
553 1661 595 1688 se
615 1643 817 1689 Christus
843 1654 1128 1708 expresserat,
1150 1643 1359 1689 indebitis
1376 1655 1545 1690 naturae

161 1719 252 1775 ejus
282 1714 492 1760 laudibus
527 1725 711 1760 vacuata
742 1715 1038 1770 flaccesceret,
1083 1726 1331 1779 cunctoque
1356 1715 1548 1761 veritatis

162 1802 250 1830 suae
286 1784 518 1847 splendore
552 1785 719 1830 nudata
758 1802 929 1830 smmum
966 1785 1260 1845 magisterium
1297 1784 1548 1831 Mediatoris

163 1856 360 1901 offerret
348 1872 385 1900 1}
390 1873 507 1902 risui
534 1855 635 1901 Huc
662 1856 902 1901 accedebat
925 1856 1133 1918 quoniam
1157 1873 1245 1902 non
1275 1855 1413 1901 solum
1437 1869 1546 1919 ope-

163 1928 260 1971 rum
283 1938 461 1972 suorum
494 1926 742 1988 perdebat
732 1926 941 1985 insignia,
975 1926 1228 1981 nativitate5
1262 1944 1350 1971 non
1389 1928 1548 1972 viltute

163 1995 358 2050 felicior3
379 1995 452 2041 sed
469 1995 598 2041 etiam
620 1994 789 2041 fraudis
808 1996 1066 2042 criminibus
1089 1997 1345 2056 urgebatur,
1372 1997 1405 2042 si
1428 1997 1549 2042 indi-

165 2077 280 2113 ceret
310 2066 595 2121 mortalibus,
633 2066 927 2112 Extendimini
970 2066 1022 2112 ad
1064 2067 1318 2130 patientiam
1360 2067 1551 2113 hominis

165 2137 280 2183 nihil
310 2138 529 2183 sentientis
550 2173 561 2192 ‚
598 2147 640 2182 et
675 2138 816 2184 venite
841 2155 920 2201 per
944 2154 1065 2185 veras
1100 2155 1249 2184 cruces
1281 2138 1335 2184 ad
1369 2140 1551 2185 virtutes

167 2208 366 2271 corporis
383 2207 483 2254 falsi
516 2207 625 2253 nihil
650 2208 834 2254 dolentis
851 2246 861 2265 ‚
888 2209 980 2264 vel,
1016 2209 1253 2255 Imitamini
1284 2211 1546 2267 castitatem,

168 2289 286 2324 certa
317 2288 485 2324 naturae
515 2288 669 2325 vestrae
703 2280 972 2325 irritamenta
1004 2281 1253 2335 vincentes
1280 2279 1394 2326 illius
1421 2294 1548 2344 quem

169 2348 375 2394 debilitas
403 2347 507 2393 fecit
539 2348 753 2411 pudicum
792 2349 945 2396 videri.
989 2354 1115 2394 (erte
1151 2349 1264 2395 nihil
1298 2351 1546 2413 profanius,

169 2410 282 2465 nihil
312 2417 528 2463 scelestius
562 2418 722 2465 talibus
759 2420 991 2480 excogitari-
1015 2421 1270 2466 comme-ntis
1300 2432 1457 2483 potest.
1496 2425 1552 2469 Et

172 2487 437 2552 Apollinaris
459 2488 606 2534 omnia
624 2489 707 2536 ista
724 2507 812 2536 non
830 2490 1025 2536 dixerat:
1048 2500 1126 2553 per
1145 2490 1256 2537 illud
1274 2507 1412 2537 uuum
1430 2495 1550 2557 quod

170 2559 482 2623 pronuntiarat
497 2596 509 2616 ,
535 2559 707 2607 homini
732 2560 914 2609 Christo
938 2560 1125 2608 defuisse
1149 2579 1220 2608 eos
1241 2578 1415 2620 sensus,
1438 2566 1513 2627 <fui
1532 2585 1554 2611 a
