1863 3262
358 235 421 298 98
780 243 813 272 s.
858 238 1100 271 Auousrmr
1135 237 1339 268 EPISCOPI

360 317 534 362 obtecta
558 322 599 357 et
623 309 809 355 obscura
846 307 905 353 ita
935 306 1069 351 lector
1088 303 1388 358 obliviscatur,
1420 311 1468 347 ut
1494 312 1532 347 te
1553 318 1736 365 respon-

360 387 459 432 dere
482 381 595 429 nihil
621 379 833 427 valentem
853 377 996 422 dicere
1018 373 1185 437 aliquid
1222 373 1471 418 arbitretur.

425 452 596 500 CXLV.
626 452 723 496 JUL.
755 470 774 490 «
797 448 921 493 Hanc
941 462 1040 505 ergo
1056 455 1227 508 partem
1254 443 1478 489 sententiae
1494 460 1581 488 non
1600 442 1739 488 solum

359 546 382 574 a
407 536 555 572 nostra
588 520 839 569 definitione
863 516 1082 564 removisti
1103 536 1113 571 3
1142 515 1214 560 sed
1238 533 1318 578 pro
1346 515 1432 560 hac
1458 514 1588 560 etiarn
1618 513 1741 560 intu-

356 597 445 644 listi
466 608 586 642 tuam
611 612 622 639 :
650 609 750 656 quae
785 590 928 654 prima
967 587 1109 633 fronte
1143 586 1310 649 aliquid
1336 586 1519 631 haberet
1543 584 1739 640 invidiae,

356 667 431 715 sed
448 678 589 712 tamen
610 663 801 709 discussa
827 668 1088 706 vanesceret.
1121 657 1302 702 Posuisti
1328 656 1441 702 enim
1462 678 1482 697 »
1501 673 1577 702 nos
1601 654 1745 701 dicere

359 740 522 786 bonam
540 754 562 781 a
578 736 670 780 Deo
688 733 806 778 bono
823 728 1044 776 conditam
1061 737 1281 782 naturam,
1303 726 1375 772 sed
1395 727 1453 772 ita
1475 744 1559 772 esse
1576 744 1741 783 sanam,

364 820 413 856 ut
428 804 711 854 necessariam
737 819 825 847 non
849 799 1014 845 habeat
1036 797 1202 842 Christi
1222 796 1498 844 medicinam.
1529 818 1548 838 «
1571 798 1747 843 Intuere

361 895 464 940 ergo
483 885 646 941 quanta
667 871 851 936 penuria
870 868 1061 916 veritatis
1086 867 1277 924 labores,
1299 867 1375 930 qui
1398 878 1439 913 et
1462 867 1507 912 in
1524 867 1628 931 ipsis
1646 885 1749 915 ver-

361 950 429 997 bis
444 964 543 1013 quae
563 945 772 992 dicuntur
790 940 996 996 ἀντιδετα,
1011 939 1179 985 furtum
1196 949 1285 984 tam
1302 938 1591 1002 perspicuum
1608 938 1749 985 facere

361 1038 451 1068 non
481 1017 652 1066 vereris
691 1014 804 1059 Nam
831 1030 932 1058 cum
958 1029 1089 1075 supra
1120 1010 1417 1074 proposuisses
1441 1010 1603 1056 bonam
1626 1020 1750 1055 natu-

364 1109 478 1147 ram,
492 1085 726 1135 subdidisti
743 1085 801 1130 ita
815 1100 900 1128 esse
919 1100 1079 1128 sanam.
1102 1103 1122 1122 ›>
1143 1080 1369 1144 Numquid
1394 1080 1622 1135 άντιδετον,
1645 1080 1752 1127 boni

362 1177 514 1209 sanum
536 1159 627 1204 est?
650 1156 776 1200 Certe
810 1170 908 1199 cum
934 1152 1121 1197 dicimus
1139 1152 1326 1208 bonum,
1354 1150 1467 1196 nihil
1486 1163 1637 1196 contra
1667 1151 1753 1196 hoc

361 1227 756 1298 proprieponimus
779 1224 859 1269 nisi
885 1223 1049 1268 malum
1076 1240 1086 1267 :
1111 1222 1145 1267 si
1171 1232 1313 1267 autem
1326 1238 1452 1267 causa
1465 1221 1606 1284 poscit
1625 1232 1754 1267 utsa-

361 1321 469 1351 num
492 1301 707 1351 dicamus,
730 1313 775 1341 ex
796 1294 972 1340 adverso
986 1293 1128 1338 debile
1141 1293 1209 1339 vel
1226 1310 1389 1353 aegrum
1412 1292 1631 1347 locamus3
1656 1304 1703 1338 ut
1722 1293 1756 1338 si

364 1390 517 1421 sanum
535 1380 613 1425 est,
635 1385 723 1413 non
739 1365 888 1428 utique
906 1363 1048 1409 debile
1067 1383 1077 1417 ;
1099 1364 1131 1409 si
1149 1363 1307 1419 debile,
1324 1379 1475 1408 sanum
1490 1380 1575 1408 non
1588 1365 1748 1409 essedi-

369 1455 494 1492 catur
515 1459 526 1486 2
555 1456 657 1486 cum
675 1447 816 1483 autem
841 1435 1046 1488 dicimus,
1073 1434 1246 1478 Bonum
1275 1443 1337 1478 est
1359 1432 1473 1486 hoc;
1511 1434 1757 1479 econtrario

375 1519 485 1576 eJus,
506 1526 594 1558 non
614 1508 892 1561 saninomen,
915 1504 987 1550 scd
1010 1504 1114 1549 mali
1129 1503 1394 1549 vocabulum
1422 1503 1624 1550 sistimus.
1656 1504 1758 1550 Tibi

374 1602 476 1647 ergo
510 1578 745 1629 dicendum
765 1577 865 1633 fuit,
902 1576 1005 1640 quia
1031 1575 1309 1621 definiremus
1341 1591 1418 1620 nos
1442 1575 1601 1620 bonam
1625 1593 1646 1620 a
1668 1577 1759 1621 Deo

372 1655 599 1704 conditam
625 1660 825 1697 naturam
845 1647 1095 1702 hominum,
1123 1645 1195 1691 sed
1221 1646 1281 1691 ita
1306 1645 1438 1691 essein
1464 1645 1657 1708 parvulis
1674 1646 1761 1692 bo-

371 1745 495 1783 nam,
512 1719 859 1770 utinstitutionis
878 1735 965 1763 suae
984 1717 1153 1763 nullum
1178 1716 1723 1779 quaereretemendatorem
1746 1735 1756 1762 :

379 1810 456 1847 aut
473 1798 507 1844 si
524 1814 571 1842 ea
586 1810 685 1858 quae
702 1793 820 1838 bona
837 1800 975 1846 erant,
1003 1789 1140 1835 alieno
1160 1787 1446 1844 vocabulo,id
1471 1799 1549 1845 est,
1568 1789 1763 1834 sanitatis

377 1870 572 1919 indicare
591 1864 809 1916 malebas3
834 1860 1091 1907 consonanti
1111 1870 1249 1905 totum
1275 1859 1518 1905 elocutione
1539 1860 1756 1920 signasses.

383 1940 515 1988 Nunc
539 1947 681 1984 autem
696 1933 820 1998 quasi
840 1930 1068 1977 murenula
1086 1931 1198 1976 inter
1219 1929 1524 1976 definitionum
1542 1949 1637 1977 saxa
1656 1948 1764 1995 pro-

386 2009 561 2060 laberis.
595 2007 709 2053 Cum
727 2003 842 2049 enim
862 2013 901 2048 te
918 2002 1075 2049 veritas
1101 2000 1395 2064 compulisset,
1418 2011 1467 2046 ut
1483 2018 1559 2046 nos
1580 2002 1765 2047 confite-

384 2084 490 2132 reris
504 2082 667 2127 bonam
681 2075 913 2121 hominum
935 2073 1077 2118 dicere
1097 2082 1300 2118 naturam
1320 2089 1342 2116 a
1359 2072 1449 2117 Deo
1473 2072 1592 2117 bono
1617 2072 1766 2118 condi-

388 2165 497 2209 tam,
523 2160 650 2213 atque
667 2146 713 2192 in
743 2162 787 2190 ea
803 2154 924 2208 parte
943 2144 1164 2188 sentcntiae
1181 2153 1227 2187 ut
1245 2141 1426 2187 multam
1451 2142 1680 2199 rationem,
1706 2143 1766 2189 ita

387 2222 599 2274 invidiam
612 2217 778 2265 nullam
794 2214 959 2261 videres
976 2232 986 2271 3
1008 2213 1061 2259 ad
1077 2213 1159 2259 alia
1180 2214 1389 2259 continuo
1403 2214 1538 2260 verba
1554 2214 1764 2273 migrasti,

388 2292 639 2355 subjiciens,
657 2287 803 2333 sedita
818 2303 894 2330 nos
906 2302 997 2330 eam
1015 2301 1163 2329 sanam
1183 2283 1428 2338 defendere,
1449 2284 1768 2330 utinedicinam

388 2363 555 2414 Christi
573 2361 610 2406 ei
632 2357 910 2405 necessariam
936 2371 1024 2400 non
1041 2372 1126 2400 esse
1151 2354 1392 2401 credamus.
1416 2354 1545 2410 Quod
1568 2354 1600 2399 si
1631 2365 1769 2401 totum

392 2449 439 2484 tu
462 2451 539 2500 per
580 2427 844 2493 imperitiam
872 2425 1062 2471 incurris
1082 2462 1092 2480 ,
1120 2424 1433 2479 bardissimus3
1457 2424 1521 2470 sin
1556 2435 1697 2471 autem
1725 2425 1770 2471 id

387 2518 483 2556 astu
507 2502 638 2558 faciS,
672 2497 928 2546 vaferrimus
953 2495 1171 2542 inveniris.
1199 2517 1218 2536 υ

456 2579 569 2626 Aue.
602 2568 793 2629 Quando
812 2567 891 2615 ista
917 2566 1095 2623 diceres,
1119 2567 1200 2613 nisi
1223 2585 1311 2613 non
1338 2566 1545 2613 habendo
1564 2567 1683 2632 quod
1701 2568 1772 2615 di-
