1824 3236
200 251 355 283 OPERIS
391 247 656 281 IMPERFECTI
692 245 869 278 CONTRA
905 248 1148 289 JULIANUM,
1188 250 1275 281 LlB.
1317 249 1360 281 V.
1436 235 1522 280 311

149 316 258 363 dicit
277 315 569 362 essebonum:
592 314 679 360 hoc
697 312 863 358 malum
888 330 934 358 ex
957 313 1094 358 aliena
1109 314 1211 360 mali
1230 325 1387 360 natura
1404 315 1533 361 nobis

149 403 235 433 esse
263 386 545 433 commixtum
579 384 687 430 dicit
711 383 819 429 alius
842 384 1076 429 haereticus
1100 386 1374 432 Manichaeus
1402 403 1412 430 ε
1446 386 1532 432 hoc

148 459 315 506 malum
338 475 418 522 per
445 456 851 521 praevaricationem
881 455 1014 519 primi
1041 455 1234 503 hominis
1265 457 1309 503 in
1342 468 1533 503 nostram

149 528 296 576 dicens
325 528 499 577 vertisse
521 537 724 574 naturam
748 563 759 583 ,
798 525 1042 573 catholicus
1082 528 1234 574 ambos
1258 528 1395 575 vincit
1419 534 1533 575 Am.-

147 599 336 647 brosiuS.

211 670 287 718 VI.
317 673 343 716 J
347 685 414 717 un.
448 689 469 710 α
491 668 623 727 Quod
648 668 859 732 quoniam
881 685 904 714 a
929 668 1057 714 nobis
1078 685 1124 714 ea
1152 668 1376 725 facultate,
1397 685 1533 731 quam

145 741 300 788 veritas
314 739 615 805 suppeditavit
637 775 648 796 ,
675 750 894 785 ostensum
918 749 1001 795 est,
1026 738 1221 803 prudens
1244 739 1378 784 lector
1403 755 1534 801 super

145 811 232 858 hoc
270 811 450 858 ulterius
485 810 691 860 dubitare
728 828 817 856 non
851 809 1007 864 debet3
1050 809 1322 872 ubicumque
1356 809 1444 854 hoc
1485 809 1533 853 in

147 882 413 929 Traduciani
447 881 622 945 scriptis
661 881 926 937 occurrerit,
972 883 988 943 ζ
1001 881 1091 926 sine
1120 897 1208 944 quo
1240 891 1385 925 tamen
1410 879 1533 925 hiare

144 970 232 999 non
257 963 398 1018 potest
411 953 454 1016 ,)
474 952 587 999 nihil
608 964 779 1000 moveat
798 952 1018 998 audientes
1031 990 1041 1008 ‚
1065 951 1137 997 sed
1158 952 1203 998 in
1223 950 1534 999 verecundiam

142 1035 408 1089 protestetur
426 1024 615 1072 auctoris
639 1042 649 1070 ς
676 1041 755 1070 nos
780 1034 921 1070 autem
944 1023 990 1069 id
1013 1023 1218 1087 deinceps
1234 1060 1244 1079 ,
1272 1023 1305 1068 51
1329 1039 1394 1068 res
1411 1039 1531 1067 com-

142 1095 324 1159 pulerit,
347 1096 585 1142 necessaria
610 1096 822 1143 brevitate
852 1106 1088 1154 tangemus,
1111 1095 1267 1154 Arg-uit
1284 1111 1384 1153 ergo
1409 1091 1532 1156 quod

143 1166 231 1212 dixi
252 1184 264 1212 z
288 1171 377 1214 Ista
401 1180 639 1231 corporum
660 1166 910 1213 commixtio
931 1203 941 1222 ,
969 1183 1072 1211 cum
1095 1165 1239 1211 calore
1256 1164 1274 1194 t
1292 1202 1302 1221 ,
1337 1181 1438 1210 cum
1457 1180 1531 1209 vo-

142 1237 313 1301 luptate
329 1267 342 1294 5
370 1250 473 1284 cum
506 1238 667 1284 semine
693 1257 717 1284 a
748 1242 842 1283 Deo
867 1237 1005 1294 facta,
1025 1247 1067 1282 et
1086 1254 1167 1299 pro
1187 1253 1263 1281 suo
1282 1234 1415 1280 modo
1435 1233 1529 1279 lau-

143 1307 304 1355 dabilis
334 1308 625 1373 approbatur.
665 1308 748 1354 Sed
776 1307 990 1371 praeteriit
1021 1306 1131 1352 illud
1165 1306 1287 1370 quod
1313 1304 1524 1351 subdidi:

142 1381 210 1425 De
237 1396 284 1425 re
314 1389 461 1426 autem
484 1416 496 1437 ,
533 1395 634 1444 quae
656 1379 855 1425 instituta
880 1377 1140 1423 naturaliter
1161 1414 1172 1433 ‚
1201 1378 1252 1422 fit
1292 1373 1528 1440 aliquando

142 1452 270 1498 etiam
305 1451 505 1516 amplum
539 1468 701 1497 munus
735 1451 911 1515 piorum
932 1487 944 1508 ‚
987 1448 1188 1495 diabolus
1221 1448 1304 1494 sibi
1344 1464 1424 1493 nec
1454 1456 1529 1492 tua

140 1520 284 1568 fronte
309 1522 441 1568 audet
460 1521 628 1586 aliquid
654 1521 929 1569 vindicare.»

208 1593 324 1640 Aue.
354 1592 435 1638 Ille
452 1592 541 1638 hoc
559 1593 866 1657 praetermisit,
890 1592 968 1656 qui
986 1608 1079 1637 eam
1096 1590 1169 1637 cui
1185 1589 1523 1653 respondebam,

141 1663 393 1710 chartulam
416 1663 560 1718 misit3
601 1663 780 1710 fortasse
807 1663 1052 1723 intelligens
1075 1661 1196 1725 quod
1220 1671 1268 1707 tu
1288 1679 1375 1707 non
1401 1659 1528 1706 iutel-

141 1737 259 1798 lig-is,
302 1737 381 1802 qui
421 1747 506 1783 tam
542 1737 716 1784 incaute
759 1737 931 1784 locutus
962 1754 1005 1783 es
1025 1774 1037 1794 ,
1076 1747 1124 1783 ut
1152 1736 1335 1792 diceres,
1360 1736 1464 1780 «De
1484 1751 1529 1779 re

139 1809 338 1856 instituta
363 1809 621 1856 naturaliter
641 1847 654 1867 ,
684 1826 784 1873 quae
816 1811 868 1856 fit
903 1808 1141 1872 aliquando
1173 1807 1304 1853 etiam
1329 1805 1528 1870 amplum

141 1898 301 1927 munus
321 1881 495 1945 piorum
515 1918 526 1938 ‚
550 1897 639 1926 non
673 1881 829 1926 audere
853 1879 1085 1926 diabolum
1123 1878 1290 1942 aliquid
1317 1878 1401 1923 sibi
1436 1878 1531 1922 vin-

141 1950 353 1996 dicaret»
389 1967 492 1996 cum
515 1950 741 1997 videamus
776 1950 896 2013 quod
934 1950 1051 2013 ipsos
1092 1949 1292 1995 homines
1328 1947 1530 1993 diabolus

141 2020 227 2066 sibi
247 2019 443 2068 vindicet
464 2059 475 2078 ,
516 2021 595 2086 qui
619 2022 772 2086 utique
807 2020 1064 2066 naturaliter
1093 2018 1279 2065 instituti
1315 2028 1428 2064 sunt.
1461 2018 1530 2063 An

138 2090 249 2138 forte
268 2091 467 2137 homines
485 2109 576 2138 non
596 2103 696 2138 sunt
713 2129 725 2149 ,
753 2092 830 2155 qui
858 2101 1071 2137 eruuntur
1092 2090 1146 2135 de
1168 2099 1380 2153 potestate
1408 2098 1531 2133 tene-

139 2161 320 2208 brarum
339 2199 352 2220 ,
368 2179 559 2227 quarum
583 2173 701 2209 tenet
726 2161 931 2209 diabolus
957 2162 1293 2225 principatum?
1324 2163 1410 2206 Aut
1430 2176 1529 2206 vero

138 2235 201 2280 ita
225 2233 415 2298 decipis,
442 2244 490 2280 ut
509 2234 693 2281 affirmes
718 2252 788 2281 eos
810 2234 894 2280 sibi
921 2233 1149 2279 diabolum
1174 2250 1258 2279 non
1284 2231 1525 2286 vindicare,

139 2321 251 2370 quos
284 2305 502 2369 possidet,
541 2316 584 2352 et
607 2323 697 2353 suae
721 2305 927 2370 potestati
963 2303 1162 2350 subditos
1188 2305 1335 2349 tenet?
1367 2301 1453 2348 Sed
1483 2311 1533 2346 ut

140 2386 306 2422 taceam
332 2375 387 2422 de
410 2376 482 2422 his
501 2414 512 2431 ,
537 2394 646 2441 quos
682 2378 862 2442 porestis
898 2375 1042 2422 dicere
1061 2413 1070 2429 ,
1112 2391 1190 2438 per
1223 2391 1343 2420 suam
1368 2371 1529 2418 malam

138 2447 409 2494 voluntatem
430 2446 646 2493 adiabolo
669 2448 884 2512 possideri
907 2465 918 2493 :
940 2445 1049 2510 quid
1074 2445 1273 2491 dicturus
1292 2461 1334 2490 es
1359 2442 1412 2489 de
1431 2441 1524 2498 illo,

139 2517 196 2565 de
217 2534 307 2584 quo
330 2529 455 2583 pater
480 2519 617 2583 ipsius
636 2556 648 2576 ,
681 2520 871 2567 Domino
906 2518 1202 2579 interrogante
1220 2553 1232 2573 ‚
1263 2513 1489 2579 respondit
1513 2550 1525 2570 ,

191 2602 290 2638 ¹Lib.
310 2616 337 2636 ι.
363 2602 403 2635 de
419 2602 551 2647 Nuptiis
570 2608 602 2635 et
616 2605 719 2637 Cone.
739 2614 767 2637 c.
791 2614 843 2637 m.
