1863 3262
236 252 392 282 OPERIS
430 253 690 284 lMPEnFEcrr
727 255 901 286 CONTRA
938 256 1185 298 mummi,
1225 259 1312 290 Lm.
1359 261 1416 291 1v.
1478 245 1563 291 183

186 333 280 363 cere
311 317 564 384 nequivisti,
586 317 645 364 ita
670 318 943 382 spopondisti
980 319 1088 366 illud
1122 322 1459 379 absolutissime,
1488 323 1564 370 de-

186 403 300 431 mere
321 386 589 432 tealibidine
603 388 907 433 verecundiam
924 427 933 445 ,
949 390 981 434 si
993 406 1104 452 opus
1126 390 1201 435 Dei
1216 409 1302 437 esse
1320 393 1528 438 doceatur
1545 414 1557 448 ;

184 455 305 520 quod
323 457 366 502 in
388 457 531 521 primo
552 475 680 521 opere
699 459 759 504 ita
781 460 1047 522 approbavi,
1070 471 1118 505 ut
1136 477 1214 506 nec
1235 471 1273 507 te
1296 463 1393 508 inde
1415 474 1562 526 putem

183 525 490 572 dubitaturum
530 545 640 585 esse,
682 546 784 575 cuni
816 529 966 590 legeris
996 547 1005 574 ε
1044 540 1190 575 tamen
1231 533 1435 595 quoniam
1478 535 1562 580 hoc

181 608 477 643 commentum
513 608 640 644 tuum
675 599 892 660 significat
915 638 926 657 ,
965 601 1153 646 necdum
1192 601 1245 646 ad
1282 619 1437 648 manus
1470 614 1566 650 tuas

181 667 278 726 illos
295 668 455 728 venisse
474 668 610 715 libros
626 707 637 729 ,
663 670 852 734 idipsum
870 671 915 718 in
928 672 1130 734 praesenti
1149 687 1323 736 quoque
1340 674 1564 721 ostendere

179 753 268 782 non
290 738 473 801 pigebit.
505 739 829 788 lrrationabiles
851 741 985 801 igitur
1010 742 1246 788 animantes
1262 780 1272 799 ‚
1296 762 1317 788 a
1336 759 1425 806 quo
1457 761 1561 790 con-

181 806 292 853 ditas
311 820 464 872 putas,
495 827 595 874 quae
620 811 745 857 certis
769 813 1040 876 temporibus
1060 811 1356 859 ardentissima
1380 813 1564 860 libidine

181 890 530 937 commoventur,
563 880 624 926 ita
647 891 697 926 ut
719 881 849 928 etiam
872 881 1059 928 feritates
1081 893 1208 928 acuat
1231 882 1530 943 singularum?

441 1019 503 1031 .....
528 1000 621 1030 'runc
638 1008 739 1033 saevus
758 1009 848 1041 aper,
869 1004 945 1035 tunc
964 999 1096 1042 pessima
1116 999 1202 1041 tigris
1219 1001 1228 1021 ¹

444 1075 502 1084 .....
528 1055 613 1085 Ante
633 1064 743 1085 omnes
762 1053 851 1085 furor
868 1061 912 1085 est
932 1054 1060 1095 insignis
1077 1065 1233 1096 equarum
1246 1054 1274 1086 2.

178 1153 289 1202 Vere
321 1166 493 1202 tument
529 1155 716 1202 herbae:
745 1157 854 1203 Vere
890 1157 1160 1203 abundantia
1195 1159 1327 1204 teneri
1362 1159 1564 1209 humoris

179 1226 399 1273 exuberat.
450 1227 504 1272 Et
544 1232 712 1273 co'i'tum
755 1226 882 1272 certis
916 1238 1121 1291 repetunt
1158 1239 1350 1275 armenta
1389 1228 1558 1278 diebus.

177 1299 380 1359 Longum
411 1307 473 1343 est
508 1297 570 1342 ire
606 1315 685 1360 per
711 1296 914 1356 singulat
943 1299 1090 1343 omnia
1127 1314 1307 1358 genera,
1334 1315 1436 1362 quae
1469 1317 1564 1345 sus·-

177 1365 332 1435 pendit
349 1367 542 1423 volatus,
562 1384 663 1432 quae
679 1366 883 1412 demersit
903 1378 1078 1413 natatus
1097 1404 1108 1424 ,
1136 1384 1238 1432 quae
1256 1370 1415 1432 sparsit
1431 1386 1561 1429 vaga-

179 1449 270 1495 tUS‚
305 1455 385 1503 per
416 1444 540 1494 aera,
579 1455 658 1502 per
688 1438 796 1484 freta
816 1476 826 1494 ,
858 1455 938 1501 per
972 1455 1179 1495 nemora,
1207 1455 1287 1484 nec
1318 1449 1461 1485 tamen
1488 1451 1566 1486 aut

179 1506 432 1555 sublimavit
464 1508 604 1568 ratio,
635 1519 708 1554 aut
729 1508 860 1571 culpa
881 1508 1091 1572 depressit
1110 1546 1120 1565 ,
1145 1519 1245 1555 nota
1268 1509 1561 1555 commiscen-

179 1578 336 1624 dorum
383 1595 617 1643 corporum
663 1573 889 1642 voluptate
933 1574 1229 1640 flammantur.
1284 1578 1415 1624 lllum
1462 1595 1562 1639 ergo

177 1666 351 1706 sexuum
372 1653 500 1715 quem
533 1649 766 1713 patiuntur
786 1647 983 1694 ardorem
1001 1686 1011 1700 ,
1042 1647 1120 1694 Dei
1146 1666 1200 1694 an
1231 1648 1398 1694 diaboli
1429 1665 1559 1712 opere

177 1723 490 1785 susceperunt?
514 1715 734 1765 Clamabis
751 1720 840 1765 sine
858 1719 995 1765 dubio
1009 1757 1019 1776 ,
1044 1720 1138 1767 Dei.
1163 1721 1278 1765 Deus
1296 1735 1396 1778 ergo
1415 1735 1560 1764 sexum

176 1786 366 1850 naturali
390 1790 615 1859 voluptate
650 1790 898 1847 succendit3
933 1790 1053 1853 quod
1087 1800 1201 1836 certe
1227 1789 1562 1853 consequentius

177 1877 309 1924 quam
334 1871 384 1910 tu
402 1897 414 1917 ,
451 1859 722 1906 Manichaeus
747 1871 887 1920 negat.
906 1859 984 1905 llle
1006 1860 1118 1906 enim
1137 1897 1148 1915 ,
1176 1877 1197 1905 a
1222 1876 1309 1922 quo
1330 1859 1561 1922 concupis-

174 1930 361 1976 centiam
397 1930 538 1976 carnis
561 1929 768 1975 damnare
797 1929 1020 1988 didicisti,
1049 1929 1160 1992 quid
1196 1929 1281 1974 sibi
1313 1928 1555 1979 dicendum

178 2010 286 2046 esset
317 1998 561 2065 expendens
579 2036 589 2056 ,
620 2016 711 2045 rem
731 2016 863 2063 quam
890 1999 1155 2055 diabolicam
1184 1998 1472 2054 definiverat,
1494 2006 1564 2043 at-

175 2087 261 2134 que
285 2088 308 2116 a
330 2071 413 2135 Dei
436 2070 642 2134 operibus
662 2079 903 2115 removerat
923 2106 933 2124 ,
960 2085 1134 2133 quaqua
1163 2084 1333 2115 versum
1354 2084 1452 2113 eam
1477 2084 1566 2130 po-

176 2141 260 2207 tuit
275 2141 468 2202 invenire
486 2139 760 2205 persequitur
780 2157 793 2186 ε
814 2151 856 2186 et
874 2139 972 2185 ideo
993 2150 1040 2185 ut
1061 2157 1140 2203 per
1159 2139 1566 2202 concupiscentiam

177 2229 364 2277 corpora
400 2212 658 2269 hominum,
691 2212 752 2258 ita
784 2228 865 2291 per
895 2211 1120 2269 homines,
1155 2228 1303 2257 omnes
1328 2209 1566 2255 animantes

177 2281 355 2342 diabolo
376 2281 605 2347 deputavit
631 2293 813 2330 auctorl.
838 2283 911 2339 Tu
939 2292 1080 2340 autem
1100 2319 1110 2332 .
1134 2299 1237 2327 cum
1260 2281 1306 2326 in
1328 2279 1566 2326 Manichaei

177 2353 328 2399 castris
347 2353 559 2413 hactenus
580 2369 756 2402 manens
769 2390 783 2408 ,,
806 2352 1042 2398 maximum
1062 2355 1154 2412 ejus
1173 2351 1282 2396 feras
1305 2350 1560 2405 draconem,

159 2423 231 2480 „de
255 2440 342 2494 quo
367 2422 614 2469 infelicibus
639 2423 858 2468 mentibus
884 2438 964 2486 per
994 2421 1191 2483 naturale
1212 2419 1376 2466 malum
1399 2429 1440 2465 et
1467 2419 1562 2464 cri-

176 2493 295 2556 mina
313 2492 571 2558 nuptiarum
592 2492 754 2539 lethale
764 2493 951 2556 inspiras
971 2508 1211 2552 venenum,
1230 2507 1319 2536 non
1336 2490 1401 2535 -vis
1416 2499 1562 2535 tamen

226 2583 237 2606 Ι
260 2583 416 2626 Virgilius
432 2606 440 2622 ,
459 2584 580 2625 Georg.
603 2593 656 2620 ιιι,
677 2582 757 2618 248.
777 2597 821 2605 —
835 2577 856 2603 2
875 2580 924 2613 Id.
944 2582 1025 2613 266.
