1863 3262
190 302 347 333 OPERts
385 303 642 333 HIPERFEC'H
681 303 856 331 (zoxTnA
891 302 1138 341 summu,
1181 302 1265 332 [ΑΒ.
1310 303 1369 333 lv,
1418 302 1512 348 2⁸29

139 369 266 415 etiam
287 405 299 425 ,
331 390 348 412 <1
367 368 496 414 Claro
519 368 761 413 testimonio
791 367 1042 431 perdoceri,
1072 368 1191 430 quod
1216 369 1401 432 suscepti
1426 368 1513 413 ho-

141 440 269 485 minis
288 439 454 499 justitia
473 437 580 484 Filio
607 439 681 484 Dei
699 456 785 484 non
808 439 861 484 dc
885 450 1054 484 naturae
1076 438 1320 485 diversitate
1335 477 1344 489 ,
1369 439 1442 484 scd
1463 438 1517 483 de

143 510 388 557 voluntaria
413 509 581 554 actione
606 509 860 556 substiterit.
878 533 895 551 υ
925 511 1067 554 lta-ne
1093 525 1219 566 vem,
1243 527 1295 554 ne
1315 511 1402 555 hoc
1424 510 1520 573 qui-

144 581 240 627 dem
278 579 478 625 Christus
508 578 727 625 diversum
752 579 912 625 habuit
946 579 990 624 in
1023 589 1206 635 natura,
1236 579 1356 642 quod
1391 581 1448 625 ita
1473 597 1522 625 ex

144 650 309 711 virgine
333 660 460 695 natus
482 660 570 704 est,
601 660 650 696 ut
668 654 760 709 jam
789 660 894 695 esset
916 666 1003 695 non
1028 648 1167 694 solum
1203 649 1392 694 hominis
1414 687 1424 705 ‚
1449 649 1523 695 sed

146 722 273 767 etiam
304 720 383 766 Dei
408 720 572 766 Filius?
597 722 794 781 Ergo-ne
821 721 900 766 ista
924 722 1140 783 susceptio
1159 757 1169 776 ‚
1193 737 1295 784 quae
1320 722 1461 766 Deum
1484 730 1528 764 et

147 791 370 838 hominem
398 808 528 837 unam
564 791 667 837 fecit
701 809 787 837 esse
821 808 1049 855 personam
1070 828 1081 842 ‚
1117 790 1231 836 nihil
1269 790 1334 836 illi
1359 790 1531 836 homini

148 862 287 909 val-‚tit
307 861 362 907 ad
387 861 679 907 excellentiam
702 862 901 922 J'ustitiae,
922 878 1054 925 quam
1071 860 1180 906 dicis
1198 861 1236 906 ei
1256 860 1309 907 de
1330 861 1531 906 volunta-

150 932 212 978 ria
248 931 415 977 actione
442 931 716 977 substitisse?
751 932 922 977 Siccine
946 948 1020 976 vos
1052 941 1206 977 contra
1233 931 1317 976 Dei
1352 931 1534 991 gratiam

151 1001 340 1048 defensio
366 1000 496 1046 liberi
529 1002 698 1048 arbitrii
725 1003 974 1066 praecipites
1011 1001 1122 1062 agit,
1161 1012 1209 1047 ut
1237 1002 1365 1047 etiam
1389 1002 1535 1065 ipsum

153 1071 465 1127 Mediatorem,
506 1082 554 1117 ut
583 1084 688 1118 esset
712 1073 791 1118 Dei
823 1073 957 1118 Filius
991 1073 1145 1118 unicus
1167 1109 1178 1128 ‚
1203 1072 1428 1119 voluntate
1460 1087 1538 1117 sua

153 1142 355 1189 meruisse
376 1142 549 1197 dicatis,
576 1154 617 1188 et
637 1142 794 1189 falsum
822 1160 908 1189 esse
927 1143 1046 1206 quod
1075 1153 1165 1189 tota
1189 1144 1423 1189 confitetur
1448 1143 1538 1187 Ec-

156 1212 284 1258 clesia
301 1249 313 1268 ‚
333 1212 506 1258 credere
540 1230 582 1258 se
601 1213 647 1258 in
675 1213 823 1259 Jesum
851 1213 1076 1259 Christum
1105 1214 1262 1259 Filium
1286 1213 1370 1259 Dei
1397 1212 1539 1258 Patris

157 1283 468 1346 omnipotentis
492 1284 670 1329 unicum
692 1284 930 1330 Dominum
955 1294 1178 1340 nostrum,
1200 1293 1352 1330 natum
1370 1283 1423 1328 de
1442 1282 1542 1345 Spi-

157 1354 246 1400 ritu
266 1364 416 1399 sancto
440 1364 483 1398 et
509 1353 674 1413 virgine
703 1354 874 1400 Maria?
902 1353 1156 1400 Secundum
1178 1368 1254 1399 vos
1281 1353 1395 1400 enim
1417 1390 1427 1409 ,
1455 1370 1544 1399 non

161 1443 184 1471 a
202 1424 346 1471 Verbo
378 1424 457 1470 Dei
479 1424 614 1470 homo
644 1436 868 1489 susceptus
891 1436 978 1481 est,
1016 1435 1063 1471 ut
1085 1442 1133 1470 ex
1151 1424 1318 1484 virgine
1343 1440 1543 1469 nascere-

162 1506 260 1550 tur;
288 1494 362 1541 sed
381 1506 509 1540 natus
537 1512 584 1540 ex
604 1495 771 1555 virgine
794 1533 805 1552 ,
835 1513 924 1542 snae
948 1506 1096 1559 postea
1122 1494 1360 1541 voluntatis
1388 1494 1547 1540 virtute

161 1567 366 1632 profecit,
393 1577 435 1613 et
457 1567 560 1613 fecit
579 1577 627 1612 ut
651 1585 672 1612 a
688 1568 833 1613 Verbo
862 1568 939 1613 Dei
963 1568 1256 1630 susciperetur
1274 1586 1284 1619 ;
1306 1583 1394 1612 non
1416 1566 1547 1611 talem

165 1656 216 1685 ac
250 1649 416 1684 tantam
442 1637 709 1684 voluntatem
747 1638 821 1685 illa
855 1640 1126 1702 susceptione
1150 1637 1318 1683 habens
1340 1674 1351 1691 ,
1384 1636 1457 1682 sed
1494 1635 1550 1681 ad

165 1709 282 1756 illam
311 1708 628 1772 susceptionem
657 1708 731 1754 tali
768 1719 808 1755 et
844 1719 965 1754 tanta
990 1709 1214 1754 voluntate
1253 1707 1510 1771 perveniens
1535 1723 1546 1751 :

167 1796 245 1825 nec
268 1778 460 1824 Verbum
486 1796 588 1825 caro
609 1778 773 1825 fuctum
793 1790 856 1824 est
872 1781 918 1824 in
936 1790 1059 1825 utero
1080 1779 1258 1838 virginis
1276 1799 1288 1832 ;
1313 1776 1384 1823 sed
1405 1787 1553 1840 postea

168 1851 323 1896 merito
350 1850 486 1914 ipsius
511 1849 703 1895 hominis
725 1887 736 1902 ,
777 1861 819 1894 et
856 1854 946 1909 ejus
971 1850 1181 1894 humanae
1209 1847 1553 1910 voluntariaeque

170 1921 356 1967 virtutis.
387 1922 445 1965 Ex
473 1938 560 1983 quo
582 1938 656 1966 vos
689 1921 885 1984 sequitur
910 1921 1040 1965 etiam
1071 1918 1181 1964 illud
1205 1955 1215 1973 ,
1257 1929 1305 1963 ut
1329 1917 1553 1981 quomodo

170 1994 295 2040 illum
328 1993 502 2039 creditis
535 2011 558 2037 a
583 1993 727 2038 Verbo
764 1993 843 2038 Dei
878 2003 1111 2056 propterea
1149 2001 1399 2054 susceptum
1431 2007 1545 2045 esse‚

172 2064 275 2128 quia
298 2064 469 2117 voluit3
496 2064 556 2109 sic
589 2063 749 2109 multos
774 2063 960 2109 credatis
993 2064 1054 2109 ita
1091 2062 1253 2126 suscipi
1276 2062 1466 2126 potuisse
1485 2098 1496 2117 ‚
1523 2062 1558 2107 si

173 2136 302 2182 etiam
336 2135 421 2198 ipsi
445 2134 643 2180 similiter
678 2134 935 2191 voluissent,
968 2134 1219 2197 vel-posse,
1251 2133 1286 2178 si
1309 2132 1477 2178 velint:
1509 2149 1560 2177 ac

173 2223 254 2270 per
275 2205 363 2251 hoc
381 2242 391 2261 ‚
419 2205 597 2265 segnitia
625 2204 834 2250 humanae
856 2205 1094 2251 voluntatis
1118 2204 1229 2260 fieri,
1252 2214 1302 2250 ut
1316 2203 1387 2249 ille
1404 2203 1562 2249 unicus

176 2278 255 2332 sit,
287 2293 387 2322 cum
411 2275 559 2339 plures
578 2293 664 2321 esse
682 2286 857 2339 possent
873 2313 884 2331 ,
920 2276 956 2321 si
977 2275 1176 2320 homines
1193 2274 1366 2338 vellent.
1399 2274 1508 2319 Haec
1527 2273 1563 2318 si

178 2346 339 2403 dicitis,
354 2347 433 2392 ubi
458 2357 520 2392 est
542 2357 683 2393 vestra
705 2346 859 2393 frons?
888 2347 923 2394 si
942 2363 1031 2393 non
1051 2345 1214 2402 dicitis,
1228 2344 1307 2391 ubi
1329 2355 1392 2391 est
1414 2345 1561 2391 haerc—

180 2418 235 2465 sis
260 2420 431 2464 vestra?

246 2487 466 2534 LXXXV.
494 2487 595 2534 JUL.
623 2489 812 2534 «Petrus
835 2504 1025 2552 namque
1053 2486 1272 2551 apostolus
1293 2486 1373 2542 ait,
1405 2485 1562 2531 Chris-

184 2570 254 2607 tus
271 2576 354 2624 pro
377 2558 506 2605 nobis
526 2568 723 2605 mortuus
749 2570 812 2605 est
826 2597 836 2612 ‚
864 2559 990 2605 vobis
1019 2559 1266 2622 relinquens
1285 2556 1529 2620 exemplum
1549 2593 1561 2612 ,
