<?xml version="1.0" encoding="UTF-8"?>
<!DOCTYPE html PUBLIC "-//W3C//DTD XHTML 1.0 Transitional//EN"
    "http://www.w3.org/TR/xhtml1/DTD/xhtml1-transitional.dtd">
<html xmlns="http://www.w3.org/1999/xhtml" xml:lang="en" lang="en">
 <head>
  <title>
</title>
<meta http-equiv="Content-Type" content="text/html;charset=utf-8" />
  <meta name='ocr-system' content='tesseract 3.04.00' />
  <meta name='ocr-capabilities' content='ocr_page ocr_carea ocr_par ocr_line ocrx_word'/>
</head>
<body>
  <div class='ocr_page' id='page_1' title='image "./operaomniaaccura37auguuoft/operaomniaaccura37auguuoft_0340.png"; bbox 0 0 1824 3236; ppageno 0'>
   <div class='ocr_carea' id='block_1_1' title="bbox 351 198 1783 2474">
    <p class='ocr_par' dir='ltr' id='par_1_1' title="bbox 351 198 1783 2474">
     <span class='ocr_line' id='line_1_1' title="bbox 354 198 1348 246; baseline -0.005 0"><span class='ocrx_word' id='word_1_1' title='bbox 354 198 448 246; x_wconf 83' lang='lat'>330</span> <span class='ocrx_word' id='word_1_2' title='bbox 780 210 815 241; x_wconf 78' lang='lat' dir='ltr'>s,</span> <span class='ocrx_word' id='word_1_3' title='bbox 858 209 1105 242; x_wconf 72' lang='lat' dir='ltr'><strong>AUGUSTINI</strong></span> <span class='ocrx_word' id='word_1_4' title='bbox 1141 208 1348 242; x_wconf 82' lang='lat' dir='ltr'>EPISCOPI</span> 
     </span>
     <span class='ocr_line' id='line_1_2' title="bbox 351 274 1740 338; baseline -0.004 -12"><span class='ocrx_word' id='word_1_5' title='bbox 351 279 536 338; x_wconf 83' lang='lat' dir='ltr'>integra,</span> <span class='ocrx_word' id='word_1_6' title='bbox 555 292 635 322; x_wconf 91' lang='lat' dir='ltr'>nec</span> <span class='ocrx_word' id='word_1_7' title='bbox 660 274 852 336; x_wconf 85' lang='lat' dir='ltr'><strong>indigere</strong></span> <span class='ocrx_word' id='word_1_8' title='bbox 869 276 1152 323; x_wconf 87' lang='lat' dir='ltr'>incitamento</span> <span class='ocrx_word' id='word_1_9' title='bbox 1175 275 1391 332; x_wconf 77' lang='lat' dir='ltr'>libidinis,</span> <span class='ocrx_word' id='word_1_10' title='bbox 1412 285 1454 321; x_wconf 88' lang='lat' dir='ltr'>et</span> <span class='ocrx_word' id='word_1_11' title='bbox 1475 275 1632 322; x_wconf 87' lang='lat' dir='ltr'>servire</span> <span class='ocrx_word' id='word_1_12' title='bbox 1652 275 1740 322; x_wconf 91' lang='lat' dir='ltr'>im-</span> 
     </span>
     <span class='ocr_line' id='line_1_3' title="bbox 355 347 1740 413; baseline -0.002 -19"><span class='ocrx_word' id='word_1_13' title='bbox 355 350 477 413; x_wconf 87' lang='lat' dir='ltr'>perio</span> <span class='ocrx_word' id='word_1_14' title='bbox 495 347 770 395; x_wconf 71' lang='lat' dir='ltr'>voluntatis?</span> <span class='ocrx_word' id='word_1_15' title='bbox 793 348 906 404; x_wconf 81' lang='lat' dir='ltr'>Quae</span> <span class='ocrx_word' id='word_1_16' title='bbox 925 348 1022 394; x_wconf 87' lang='lat' dir='ltr'>ideo</span> <span class='ocrx_word' id='word_1_17' title='bbox 1045 367 1067 393; x_wconf 89' lang='lat' dir='ltr'>a</span> <span class='ocrx_word' id='word_1_18' title='bbox 1094 366 1164 394; x_wconf 83' lang='lat' dir='ltr'>me</span> <span class='ocrx_word' id='word_1_19' title='bbox 1188 357 1523 394; x_wconf 87' lang='lat' dir='ltr'>commemorata</span> <span class='ocrx_word' id='word_1_20' title='bbox 1544 363 1740 392; x_wconf 87' lang='lat' dir='ltr'>comme-</span> 
     </span>
     <span class='ocr_line' id='line_1_4' title="bbox 354 417 1742 482; baseline -0.002 -17"><span class='ocrx_word' id='word_1_21' title='bbox 354 436 525 466; x_wconf 88' lang='lat' dir='ltr'>morare</span> <span class='ocrx_word' id='word_1_22' title='bbox 556 418 752 476; x_wconf 82' lang='lat' dir='ltr'>noluisti,</span> <span class='ocrx_word' id='word_1_23' title='bbox 776 435 878 464; x_wconf 91' lang='lat' dir='ltr'>cum</span> <span class='ocrx_word' id='word_1_24' title='bbox 909 420 1040 465; x_wconf 78' lang='lat' dir='ltr'>verba</span> <span class='ocrx_word' id='word_1_25' title='bbox 1075 437 1168 465; x_wconf 87' lang='lat' dir='ltr'>mea</span> <span class='ocrx_word' id='word_1_26' title='bbox 1197 435 1378 482; x_wconf 79' lang='lat' dir='ltr'>poneres</span> <span class='ocrx_word' id='word_1_27' title='bbox 1397 455 1406 473; x_wconf 76' lang='lat'><strong><em>‚</em></strong></span> <span class='ocrx_word' id='word_1_28' title='bbox 1439 434 1492 463; x_wconf 88' lang='lat' dir='ltr'>ne</span> <span class='ocrx_word' id='word_1_29' title='bbox 1524 417 1742 462; x_wconf 87' lang='lat' dir='ltr'>silentium</span> 
     </span>
     <span class='ocr_line' id='line_1_5' title="bbox 356 489 1745 554; baseline -0.004 -17"><span class='ocrx_word' id='word_1_30' title='bbox 356 491 439 537; x_wconf 84' lang='lat' dir='ltr'>tibi</span> <span class='ocrx_word' id='word_1_31' title='bbox 459 490 704 554; x_wconf 82' lang='lat' dir='ltr'>imponeres</span> <span class='ocrx_word' id='word_1_32' title='bbox 723 527 733 546; x_wconf 88' lang='lat'>‚</span> <span class='ocrx_word' id='word_1_33' title='bbox 760 499 803 534; x_wconf 91' lang='lat' dir='ltr'>et</span> <span class='ocrx_word' id='word_1_34' title='bbox 832 489 887 535; x_wconf 88' lang='lat' dir='ltr'>ad</span> <span class='ocrx_word' id='word_1_35' title='bbox 907 489 978 536; x_wconf 88' lang='lat' dir='ltr'>illa</span> <span class='ocrx_word' id='word_1_36' title='bbox 999 507 1099 554; x_wconf 84' lang='lat' dir='ltr'>quae</span> <span class='ocrx_word' id='word_1_37' title='bbox 1125 489 1178 535; x_wconf 89' lang='lat' dir='ltr'>de</span> <span class='ocrx_word' id='word_1_38' title='bbox 1199 489 1297 535; x_wconf 89' lang='lat' dir='ltr'>filiis</span> <span class='ocrx_word' id='word_1_39' title='bbox 1318 507 1395 552; x_wconf 82' lang='lat' dir='ltr'>per</span> <span class='ocrx_word' id='word_1_40' title='bbox 1420 499 1561 534; x_wconf 88' lang='lat' dir='ltr'>totum</span> <span class='ocrx_word' id='word_1_41' title='bbox 1584 504 1745 552; x_wconf 86' lang='lat' dir='ltr'>corpus</span> 
     </span>
     <span class='ocr_line' id='line_1_6' title="bbox 353 557 1746 625; baseline -0.003 -17"><span class='ocrx_word' id='word_1_42' title='bbox 353 573 564 625; x_wconf 82' lang='lat' dir='ltr'>tanquam</span> <span class='ocrx_word' id='word_1_43' title='bbox 584 560 802 625; x_wconf 84' lang='lat' dir='ltr'>pediculis</span> <span class='ocrx_word' id='word_1_44' title='bbox 820 561 1171 624; x_wconf 77' lang='lat' dir='ltr'>erumpentibus,</span> <span class='ocrx_word' id='word_1_45' title='bbox 1200 571 1241 605; x_wconf 88' lang='lat' dir='ltr'>et</span> <span class='ocrx_word' id='word_1_46' title='bbox 1262 559 1314 605; x_wconf 88' lang='lat' dir='ltr'>de</span> <span class='ocrx_word' id='word_1_47' title='bbox 1332 559 1602 605; x_wconf 78' lang='lat' dir='ltr'>ferramentis</span> <span class='ocrx_word' id='word_1_48' title='bbox 1627 557 1746 618; x_wconf 87' lang='lat' dir='ltr'>agri-</span> 
     </span>
     <span class='ocr_line' id='line_1_7' title="bbox 358 631 1746 696; baseline -0.002 -18"><span class='ocrx_word' id='word_1_49' title='bbox 358 633 554 680; x_wconf 89' lang='lat' dir='ltr'>colarum</span> <span class='ocrx_word' id='word_1_50' title='bbox 592 632 647 678; x_wconf 87' lang='lat' dir='ltr'>ad</span> <span class='ocrx_word' id='word_1_51' title='bbox 683 631 1036 696; x_wconf 82' lang='lat' dir='ltr'>impraegnandas</span> <span class='ocrx_word' id='word_1_52' title='bbox 1071 632 1275 678; x_wconf 84' lang='lat' dir='ltr'>foeminas</span> <span class='ocrx_word' id='word_1_53' title='bbox 1315 631 1575 677; x_wconf 76' lang='lat' dir='ltr'>adhibendis</span> <span class='ocrx_word' id='word_1_54' title='bbox 1597 668 1607 687; x_wconf 75' lang='lat'><strong><em>,</em></strong></span> <span class='ocrx_word' id='word_1_55' title='bbox 1646 646 1746 694; x_wconf 82' lang='lat' dir='ltr'>quae</span> 
     </span>
     <span class='ocr_line' id='line_1_8' title="bbox 358 702 1745 759; baseline -0.002 -9"><span class='ocrx_word' id='word_1_56' title='bbox 358 705 442 751; x_wconf 85' lang='lat' dir='ltr'>tibi</span> <span class='ocrx_word' id='word_1_57' title='bbox 465 703 737 750; x_wconf 71' lang='lat' dir='ltr'>festivissima</span> <span class='ocrx_word' id='word_1_58' title='bbox 761 703 991 750; x_wconf 73' lang='lat' dir='ltr'>dicacitate</span> <span class='ocrx_word' id='word_1_59' title='bbox 1032 721 1184 749; x_wconf 85' lang='lat' dir='ltr'>sonare</span> <span class='ocrx_word' id='word_1_60' title='bbox 1212 702 1476 748; x_wconf 69' lang='lat' dir='ltr'>videbantur</span> <span class='ocrx_word' id='word_1_61' title='bbox 1494 740 1504 759; x_wconf 88' lang='lat'>‚</span> <span class='ocrx_word' id='word_1_62' title='bbox 1545 719 1644 748; x_wconf 89' lang='lat' dir='ltr'>cum</span> <span class='ocrx_word' id='word_1_63' title='bbox 1670 719 1745 747; x_wconf 74' lang='lat' dir='ltr'>va-</span> 
     </span>
     <span class='ocr_line' id='line_1_9' title="bbox 359 773 1643 838; baseline -0.002 -17"><span class='ocrx_word' id='word_1_64' title='bbox 359 776 495 822; x_wconf 82' lang='lat' dir='ltr'>nitate</span> <span class='ocrx_word' id='word_1_65' title='bbox 519 774 790 838; x_wconf 88' lang='lat' dir='ltr'>ineptissima</span> <span class='ocrx_word' id='word_1_66' title='bbox 812 774 1063 820; x_wconf 84' lang='lat' dir='ltr'>dicerentur</span> <span class='ocrx_word' id='word_1_67' title='bbox 1083 811 1093 829; x_wconf 73' lang='grc'><em>,</em></span> <span class='ocrx_word' id='word_1_68' title='bbox 1117 791 1163 818; x_wconf 93' lang='lat' dir='ltr'>os</span> <span class='ocrx_word' id='word_1_69' title='bbox 1189 773 1357 836; x_wconf 79' lang='lat' dir='ltr'>aperire</span> <span class='ocrx_word' id='word_1_70' title='bbox 1376 791 1465 818; x_wconf 90' lang='lat' dir='ltr'>non</span> <span class='ocrx_word' id='word_1_71' title='bbox 1484 790 1643 836; x_wconf 82' lang='lat' dir='ltr'>posses.</span> 
     </span>
     <span class='ocr_line' id='line_1_10' title="bbox 425 843 1750 907; baseline -0.003 -16"><span class='ocrx_word' id='word_1_72' title='bbox 425 845 551 891; x_wconf 68' lang='lat' dir='ltr'>[nde</span> <span class='ocrx_word' id='word_1_73' title='bbox 584 862 664 891; x_wconf 90' lang='lat' dir='ltr'>nec</span> <span class='ocrx_word' id='word_1_74' title='bbox 688 843 798 891; x_wconf 90' lang='lat' dir='ltr'>illud</span> <span class='ocrx_word' id='word_1_75' title='bbox 832 862 1004 901; x_wconf 72' lang='lat' dir='ltr'>meum‚</span> <span class='ocrx_word' id='word_1_76' title='bbox 1041 844 1160 907; x_wconf 87' lang='lat' dir='ltr'>quod</span> <span class='ocrx_word' id='word_1_77' title='bbox 1199 844 1243 889; x_wconf 90' lang='lat' dir='ltr'>in</span> <span class='ocrx_word' id='word_1_78' title='bbox 1279 843 1431 889; x_wconf 82' lang='lat' dir='ltr'>eodem</span> <span class='ocrx_word' id='word_1_79' title='bbox 1467 843 1589 899; x_wconf 81' lang='lat' dir='ltr'>loco,</span> <span class='ocrx_word' id='word_1_80' title='bbox 1619 859 1750 905; x_wconf 88' lang='lat' dir='ltr'>quem</span> 
     </span>
     <span class='ocr_line' id='line_1_11' title="bbox 359 912 1753 979; baseline -0.004 -16"><span class='ocrx_word' id='word_1_81' title='bbox 359 916 456 965; x_wconf 78' lang='lat' dir='ltr'>vult</span> <span class='ocrx_word' id='word_1_82' title='bbox 477 914 830 976; x_wconf 87' lang='lat' dir='ltr'>redarguendum</span> <span class='ocrx_word' id='word_1_83' title='bbox 853 932 1102 979; x_wconf 79' lang='lat' dir='ltr'>susceperas</span> <span class='ocrx_word' id='word_1_84' title='bbox 1122 952 1131 970; x_wconf 80' lang='lat'><strong>‚</strong></span> <span class='ocrx_word' id='word_1_85' title='bbox 1168 914 1221 960; x_wconf 90' lang='lat' dir='ltr'>de</span> <span class='ocrx_word' id='word_1_86' title='bbox 1245 914 1561 978; x_wconf 84' lang='lat' dir='ltr'>paturientium</span> <span class='ocrx_word' id='word_1_87' title='bbox 1586 912 1753 958; x_wconf 89' lang='lat' dir='ltr'>dolori-</span> 
     </span>
     <span class='ocr_line' id='line_1_12' title="bbox 362 984 1754 1050; baseline -0.004 -16"><span class='ocrx_word' id='word_1_88' title='bbox 362 989 447 1034; x_wconf 82' lang='lat' dir='ltr'>bus</span> <span class='ocrx_word' id='word_1_89' title='bbox 471 986 623 1050; x_wconf 81' lang='lat' dir='ltr'>posui,</span> <span class='ocrx_word' id='word_1_90' title='bbox 648 987 809 1049; x_wconf 88' lang='lat' dir='ltr'>putasti</span> <span class='ocrx_word' id='word_1_91' title='bbox 834 1003 919 1032; x_wconf 88' lang='lat' dir='ltr'>esse</span> <span class='ocrx_word' id='word_1_92' title='bbox 944 987 1197 1046; x_wconf 87' lang='lat' dir='ltr'>tagendum.</span> <span class='ocrx_word' id='word_1_93' title='bbox 1232 985 1276 1031; x_wconf 86' lang='lat' dir='ltr'>Si</span> <span class='ocrx_word' id='word_1_94' title='bbox 1302 985 1416 1031; x_wconf 91' lang='lat' dir='ltr'>enim</span> <span class='ocrx_word' id='word_1_95' title='bbox 1445 984 1639 1031; x_wconf 84' lang='lat' dir='ltr'>foeniinae</span> <span class='ocrx_word' id='word_1_96' title='bbox 1664 984 1754 1029; x_wconf 87' lang='lat' dir='ltr'>sine</span> 
     </span>
     <span class='ocr_line' id='line_1_13' title="bbox 367 1053 1754 1122; baseline -0.003 -20"><span class='ocrx_word' id='word_1_97' title='bbox 367 1056 673 1122; x_wconf 85' lang='lat' dir='ltr'>parturitionis</span> <span class='ocrx_word' id='word_1_98' title='bbox 698 1056 968 1102; x_wconf 89' lang='lat' dir='ltr'>cruciatibus</span> <span class='ocrx_word' id='word_1_99' title='bbox 998 1067 1233 1119; x_wconf 75' lang='lat' dir='ltr'>parerent,</span> <span class='ocrx_word' id='word_1_100' title='bbox 1274 1066 1383 1119; x_wconf 85' lang='lat' dir='ltr'>puto</span> <span class='ocrx_word' id='word_1_101' title='bbox 1419 1054 1539 1119; x_wconf 89' lang='lat' dir='ltr'>quod</span> <span class='ocrx_word' id='word_1_102' title='bbox 1573 1071 1660 1099; x_wconf 88' lang='lat' dir='ltr'>non</span> <span class='ocrx_word' id='word_1_103' title='bbox 1696 1053 1754 1098; x_wconf 89' lang='lat' dir='ltr'>eis</span> 
     </span>
     <span class='ocr_line' id='line_1_14' title="bbox 365 1126 1755 1191; baseline -0.004 -16"><span class='ocrx_word' id='word_1_104' title='bbox 365 1128 563 1175; x_wconf 84' lang='lat' dir='ltr'>membra</span> <span class='ocrx_word' id='word_1_105' title='bbox 582 1127 800 1188; x_wconf 80' lang='lat' dir='ltr'>genitalia,</span> <span class='ocrx_word' id='word_1_106' title='bbox 816 1127 889 1173; x_wconf 92' lang='lat' dir='ltr'>sed</span> <span class='ocrx_word' id='word_1_107' title='bbox 912 1138 1126 1174; x_wconf 85' lang='lat' dir='ltr'>tormenta</span> <span class='ocrx_word' id='word_1_108' title='bbox 1138 1127 1332 1191; x_wconf 81' lang='lat' dir='ltr'>poenalia</span> <span class='ocrx_word' id='word_1_109' title='bbox 1352 1126 1601 1172; x_wconf 80' lang='lat' dir='ltr'>defuissent.</span> <span class='ocrx_word' id='word_1_110' title='bbox 1622 1129 1755 1171; x_wconf 85' lang='lat' dir='ltr'>Porro</span> 
     </span>
     <span class='ocr_line' id='line_1_15' title="bbox 366 1195 1756 1264; baseline -0.004 -18"><span class='ocrx_word' id='word_1_111' title='bbox 366 1200 597 1264; x_wconf 84' lang='lat' dir='ltr'>Scriptura</span> <span class='ocrx_word' id='word_1_112' title='bbox 643 1198 793 1246; x_wconf 85' lang='lat' dir='ltr'>divina</span> <span class='ocrx_word' id='word_1_113' title='bbox 831 1199 982 1263; x_wconf 87' lang='lat' dir='ltr'>(quod</span> <span class='ocrx_word' id='word_1_114' title='bbox 1021 1216 1168 1246; x_wconf 92' lang='lat' dir='ltr'>omnes</span> <span class='ocrx_word' id='word_1_115' title='bbox 1200 1198 1278 1262; x_wconf 88' lang='lat' dir='ltr'>qui</span> <span class='ocrx_word' id='word_1_116' title='bbox 1312 1198 1462 1258; x_wconf 85' lang='lat' dir='ltr'>legunt</span> <span class='ocrx_word' id='word_1_117' title='bbox 1501 1195 1677 1259; x_wconf 90' lang='lat' dir='ltr'>sciunt)</span> <span class='ocrx_word' id='word_1_118' title='bbox 1703 1195 1756 1241; x_wconf 88' lang='lat' dir='ltr'>de</span> 
     </span>
     <span class='ocr_line' id='line_1_16' title="bbox 370 1269 1758 1335; baseline -0.004 -18"><span class='ocrx_word' id='word_1_119' title='bbox 370 1281 557 1335; x_wconf 85' lang='lat' dir='ltr'>peccato</span> <span class='ocrx_word' id='word_1_120' title='bbox 594 1270 701 1316; x_wconf 75' lang='lat' dir='ltr'>Evae</span> <span class='ocrx_word' id='word_1_121' title='bbox 739 1269 826 1315; x_wconf 89' lang='lat' dir='ltr'>hoc</span> <span class='ocrx_word' id='word_1_122' title='bbox 862 1271 1066 1316; x_wconf 83' lang='lat' dir='ltr'>tormenti</span> <span class='ocrx_word' id='word_1_123' title='bbox 1107 1287 1240 1331; x_wconf 84' lang='lat' dir='ltr'>genus</span> <span class='ocrx_word' id='word_1_124' title='bbox 1274 1270 1318 1315; x_wconf 91' lang='lat' dir='ltr'>in</span> <span class='ocrx_word' id='word_1_125' title='bbox 1345 1269 1601 1315; x_wconf 86' lang='lat' dir='ltr'>foemineum</span> <span class='ocrx_word' id='word_1_126' title='bbox 1626 1283 1758 1327; x_wconf 86' lang='lat' dir='ltr'>genus</span> 
     </span>
     <span class='ocr_line' id='line_1_17' title="bbox 368 1339 1757 1403; baseline -0.004 -15"><span class='ocrx_word' id='word_1_127' title='bbox 368 1341 567 1388; x_wconf 85' lang='lat' dir='ltr'>transisse</span> <span class='ocrx_word' id='word_1_128' title='bbox 591 1340 816 1388; x_wconf 79' lang='lat' dir='ltr'>testatur1.</span> <span class='ocrx_word' id='word_1_129' title='bbox 844 1342 941 1386; x_wconf 85' lang='lat' dir='ltr'>Hoc</span> <span class='ocrx_word' id='word_1_130' title='bbox 969 1351 1013 1386; x_wconf 89' lang='lat' dir='ltr'>tu</span> <span class='ocrx_word' id='word_1_131' title='bbox 1032 1341 1076 1386; x_wconf 94' lang='lat' dir='ltr'>in</span> <span class='ocrx_word' id='word_1_132' title='bbox 1091 1341 1195 1386; x_wconf 86' lang='lat' dir='ltr'>meis</span> <span class='ocrx_word' id='word_1_133' title='bbox 1213 1341 1358 1386; x_wconf 70' lang='lat' dir='ltr'>verbis</span> <span class='ocrx_word' id='word_1_134' title='bbox 1381 1339 1604 1403; x_wconf 67' lang='lat' dir='ltr'>praeterire</span> <span class='ocrx_word' id='word_1_135' title='bbox 1625 1354 1757 1401; x_wconf 91' lang='lat' dir='ltr'>quam</span> 
     </span>
     <span class='ocr_line' id='line_1_18' title="bbox 369 1410 1760 1478; baseline -0.004 -20"><span class='ocrx_word' id='word_1_136' title='bbox 369 1422 642 1478; x_wconf 82' lang='lat' dir='ltr'>pertractare</span> <span class='ocrx_word' id='word_1_137' title='bbox 673 1412 893 1467; x_wconf 87' lang='lat' dir='ltr'>maluisti,</span> <span class='ocrx_word' id='word_1_138' title='bbox 933 1429 986 1457; x_wconf 92' lang='lat' dir='ltr'>ne</span> <span class='ocrx_word' id='word_1_139' title='bbox 1011 1411 1228 1457; x_wconf 81' lang='lat' dir='ltr'>diceretur</span> <span class='ocrx_word' id='word_1_140' title='bbox 1257 1411 1364 1468; x_wconf 75' lang='lat' dir='ltr'>tibi,</span> <span class='ocrx_word' id='word_1_141' title='bbox 1390 1411 1449 1456; x_wconf 81' lang='lat' dir='ltr'>ita</span> <span class='ocrx_word' id='word_1_142' title='bbox 1475 1410 1602 1456; x_wconf 79' lang='lat' dir='ltr'>salvis</span> <span class='ocrx_word' id='word_1_143' title='bbox 1630 1420 1760 1472; x_wconf 87' lang='lat' dir='ltr'>atque</span> 
     </span>
     <span class='ocr_line' id='line_1_19' title="bbox 366 1482 1760 1546; baseline -0.003 -16"><span class='ocrx_word' id='word_1_144' title='bbox 366 1482 543 1544; x_wconf 82' lang='lat' dir='ltr'>integris</span> <span class='ocrx_word' id='word_1_145' title='bbox 563 1483 791 1546; x_wconf 89' lang='lat' dir='ltr'>utriusque</span> <span class='ocrx_word' id='word_1_146' title='bbox 811 1500 931 1528; x_wconf 84' lang='lat' dir='ltr'>sexus</span> <span class='ocrx_word' id='word_1_147' title='bbox 957 1483 1217 1543; x_wconf 82' lang='lat' dir='ltr'>genitalibus</span> <span class='ocrx_word' id='word_1_148' title='bbox 1241 1483 1286 1528; x_wconf 87' lang='lat' dir='ltr'>in</span> <span class='ocrx_word' id='word_1_149' title='bbox 1302 1483 1376 1529; x_wconf 92' lang='lat' dir='ltr'>illa</span> <span class='ocrx_word' id='word_1_150' title='bbox 1398 1482 1603 1528; x_wconf 83' lang='lat' dir='ltr'>felicitate</span> <span class='ocrx_word' id='word_1_151' title='bbox 1626 1498 1760 1545; x_wconf 84' lang='lat' dir='ltr'>para-</span> 
     </span>
     <span class='ocr_line' id='line_1_20' title="bbox 369 1553 1756 1618; baseline -0.003 -17"><span class='ocrx_word' id='word_1_152' title='bbox 369 1554 452 1601; x_wconf 90' lang='lat' dir='ltr'>disi</span> <span class='ocrx_word' id='word_1_153' title='bbox 473 1554 666 1618; x_wconf 87' lang='lat' dir='ltr'>potuisse</span> <span class='ocrx_word' id='word_1_154' title='bbox 693 1553 782 1599; x_wconf 88' lang='lat' dir='ltr'>sine</span> <span class='ocrx_word' id='word_1_155' title='bbox 809 1553 1019 1617; x_wconf 88' lang='lat' dir='ltr'>pudenda</span> <span class='ocrx_word' id='word_1_156' title='bbox 1044 1554 1182 1600; x_wconf 88' lang='lat' dir='ltr'>libine</span> <span class='ocrx_word' id='word_1_157' title='bbox 1209 1553 1501 1599; x_wconf 84' lang='lat' dir='ltr'>concumbere</span> <span class='ocrx_word' id='word_1_158' title='bbox 1527 1556 1729 1613; x_wconf 84' lang='lat' dir='ltr'>conjuges</span> <span class='ocrx_word' id='word_1_159' title='bbox 1746 1589 1756 1609; x_wconf 84' lang='lat'><strong>,</strong></span> 
     </span>
     <span class='ocr_line' id='line_1_21' title="bbox 367 1622 1761 1688; baseline -0.003 -16"><span class='ocrx_word' id='word_1_160' title='bbox 367 1625 481 1672; x_wconf 89' lang='lat' dir='ltr'>sicut</span> <span class='ocrx_word' id='word_1_161' title='bbox 505 1634 747 1688; x_wconf 80' lang='lat' dir='ltr'>potuerunt</span> <span class='ocrx_word' id='word_1_162' title='bbox 771 1624 896 1670; x_wconf 85' lang='lat' dir='ltr'>salvis</span> <span class='ocrx_word' id='word_1_163' title='bbox 918 1635 1047 1688; x_wconf 86' lang='lat' dir='ltr'>atque</span> <span class='ocrx_word' id='word_1_164' title='bbox 1063 1625 1240 1685; x_wconf 81' lang='lat' dir='ltr'>integris</span> <span class='ocrx_word' id='word_1_165' title='bbox 1263 1624 1477 1670; x_wconf 86' lang='lat' dir='ltr'>foemineis</span> <span class='ocrx_word' id='word_1_166' title='bbox 1498 1622 1761 1684; x_wconf 85' lang='lat' dir='ltr'>genitalibus</span> 
     </span>
     <span class='ocr_line' id='line_1_22' title="bbox 368 1693 1764 1760; baseline -0.002 -19"><span class='ocrx_word' id='word_1_167' title='bbox 368 1711 521 1760; x_wconf 84' lang='lat' dir='ltr'>parere</span> <span class='ocrx_word' id='word_1_168' title='bbox 553 1695 643 1740; x_wconf 89' lang='lat' dir='ltr'>sine</span> <span class='ocrx_word' id='word_1_169' title='bbox 674 1693 917 1754; x_wconf 80' lang='lat' dir='ltr'>gemendo2</span> <span class='ocrx_word' id='word_1_170' title='bbox 943 1694 1091 1740; x_wconf 89' lang='lat' dir='ltr'>dolore</span> <span class='ocrx_word' id='word_1_171' title='bbox 1121 1694 1333 1741; x_wconf 84' lang='lat' dir='ltr'>mulieres.</span> <span class='ocrx_word' id='word_1_172' title='bbox 1367 1693 1453 1739; x_wconf 84' lang='lat' dir='ltr'>Sed</span> <span class='ocrx_word' id='word_1_173' title='bbox 1477 1711 1552 1740; x_wconf 74' lang='lat' dir='ltr'>vos</span> <span class='ocrx_word' id='word_1_174' title='bbox 1576 1711 1665 1739; x_wconf 89' lang='lat' dir='ltr'>non</span> <span class='ocrx_word' id='word_1_175' title='bbox 1691 1710 1764 1738; x_wconf 86' lang='lat' dir='ltr'>so·-</span> 
     </span>
     <span class='ocr_line' id='line_1_23' title="bbox 366 1764 1763 1830; baseline -0.003 -17"><span class='ocrx_word' id='word_1_176' title='bbox 366 1767 459 1813; x_wconf 90' lang='lat' dir='ltr'>lum</span> <span class='ocrx_word' id='word_1_177' title='bbox 483 1765 704 1812; x_wconf 87' lang='lat' dir='ltr'>cruciatus</span> <span class='ocrx_word' id='word_1_178' title='bbox 723 1777 765 1811; x_wconf 88' lang='lat' dir='ltr'>et</span> <span class='ocrx_word' id='word_1_179' title='bbox 787 1766 973 1825; x_wconf 87' lang='lat' dir='ltr'>gemitus</span> <span class='ocrx_word' id='word_1_180' title='bbox 996 1766 1262 1830; x_wconf 85' lang='lat' dir='ltr'>parientium</span> <span class='ocrx_word' id='word_1_181' title='bbox 1282 1803 1292 1821; x_wconf 83' lang='lat'>‚</span> <span class='ocrx_word' id='word_1_182' title='bbox 1324 1765 1609 1812; x_wconf 69' lang='lat' dir='ltr'>verumetiam</span> <span class='ocrx_word' id='word_1_183' title='bbox 1633 1764 1763 1809; x_wconf 86' lang='lat' dir='ltr'>labo-</span> 
     </span>
     <span class='ocr_line' id='line_1_24' title="bbox 368 1835 1765 1902; baseline -0.003 -18"><span class='ocrx_word' id='word_1_184' title='bbox 368 1857 435 1885; x_wconf 86' lang='lat' dir='ltr'>res</span> <span class='ocrx_word' id='word_1_185' title='bbox 454 1838 560 1884; x_wconf 88' lang='lat' dir='ltr'>alios</span> <span class='ocrx_word' id='word_1_186' title='bbox 583 1854 887 1902; x_wconf 83' lang='lat' dir='ltr'>aerumnasque</span> <span class='ocrx_word' id='word_1_187' title='bbox 907 1839 1157 1884; x_wconf 83' lang='lat' dir='ltr'>mortalium</span> <span class='ocrx_word' id='word_1_188' title='bbox 1178 1876 1188 1894; x_wconf 81' lang='lat'>‚</span> <span class='ocrx_word' id='word_1_189' title='bbox 1215 1855 1304 1883; x_wconf 89' lang='lat' dir='ltr'>non</span> <span class='ocrx_word' id='word_1_190' title='bbox 1325 1856 1346 1883; x_wconf 93' lang='lat' dir='ltr'>a</span> <span class='ocrx_word' id='word_1_191' title='bbox 1371 1847 1567 1901; x_wconf 87' lang='lat' dir='ltr'>tempore</span> <span class='ocrx_word' id='word_1_192' title='bbox 1592 1835 1765 1882; x_wconf 87' lang='lat' dir='ltr'>arbitrii</span> 
     </span>
     <span class='ocr_line' id='line_1_25' title="bbox 364 1908 1761 1964; baseline -0.003 -9"><span class='ocrx_word' id='word_1_193' title='bbox 364 1909 494 1956; x_wconf 89' lang='lat' dir='ltr'>liberi</span> <span class='ocrx_word' id='word_1_194' title='bbox 513 1926 663 1955; x_wconf 90' lang='lat' dir='ltr'>eorum</span> <span class='ocrx_word' id='word_1_195' title='bbox 684 1946 694 1964; x_wconf 82' lang='lat'>‚</span> <span class='ocrx_word' id='word_1_196' title='bbox 724 1908 798 1954; x_wconf 86' lang='lat' dir='ltr'>sed</span> <span class='ocrx_word' id='word_1_197' title='bbox 836 1927 858 1955; x_wconf 91' lang='lat' dir='ltr'>a</span> <span class='ocrx_word' id='word_1_198' title='bbox 884 1909 953 1955; x_wconf 88' lang='lat' dir='ltr'>die</span> <span class='ocrx_word' id='word_1_199' title='bbox 981 1909 1119 1955; x_wconf 82' lang='lat' dir='ltr'>exitus</span> <span class='ocrx_word' id='word_1_200' title='bbox 1144 1909 1198 1954; x_wconf 86' lang='lat' dir='ltr'>de</span> <span class='ocrx_word' id='word_1_201' title='bbox 1223 1918 1370 1954; x_wconf 77' lang='lat' dir='ltr'>ventre</span> <span class='ocrx_word' id='word_1_202' title='bbox 1405 1909 1556 1953; x_wconf 88' lang='lat' dir='ltr'>matris</span> <span class='ocrx_word' id='word_1_203' title='bbox 1580 1923 1727 1953; x_wconf 90' lang='lat' dir='ltr'>eorum</span> <span class='ocrx_word' id='word_1_204' title='bbox 1751 1942 1761 1962; x_wconf 90' lang='lat'>‚</span> 
     </span>
     <span class='ocr_line' id='line_1_26' title="bbox 373 1978 1765 2042; baseline -0.004 -16"><span class='ocrx_word' id='word_1_205' title='bbox 373 1979 580 2026; x_wconf 85' lang='lat' dir='ltr'>mavultis</span> <span class='ocrx_word' id='word_1_206' title='bbox 603 1979 649 2025; x_wconf 92' lang='lat' dir='ltr'>in</span> <span class='ocrx_word' id='word_1_207' title='bbox 675 1978 773 2025; x_wconf 92' lang='lat' dir='ltr'>loco</span> <span class='ocrx_word' id='word_1_208' title='bbox 796 1990 932 2026; x_wconf 84' lang='lat' dir='ltr'>tantae</span> <span class='ocrx_word' id='word_1_209' title='bbox 955 1979 1071 2026; x_wconf 90' lang='lat' dir='ltr'>illius</span> <span class='ocrx_word' id='word_1_210' title='bbox 1099 1979 1384 2026; x_wconf 87' lang='lat' dir='ltr'>beatitudinis</span> <span class='ocrx_word' id='word_1_211' title='bbox 1413 1995 1599 2042; x_wconf 84' lang='lat' dir='ltr'>ponere,</span> <span class='ocrx_word' id='word_1_212' title='bbox 1631 1993 1765 2042; x_wconf 88' lang='lat' dir='ltr'>quarn</span> 
     </span>
     <span class='ocr_line' id='line_1_27' title="bbox 372 2048 1764 2115; baseline -0.003 -18"><span class='ocrx_word' id='word_1_213' title='bbox 372 2050 628 2115; x_wconf 86' lang='lat' dir='ltr'>pudendam</span> <span class='ocrx_word' id='word_1_214' title='bbox 653 2062 900 2114; x_wconf 89' lang='lat' dir='ltr'>susceptam</span> <span class='ocrx_word' id='word_1_215' title='bbox 918 2062 1105 2098; x_wconf 83' lang='lat' dir='ltr'>vestram</span> <span class='ocrx_word' id='word_1_216' title='bbox 1119 2051 1214 2115; x_wconf 81' lang='lat' dir='ltr'>ipso</span> <span class='ocrx_word' id='word_1_217' title='bbox 1233 2050 1296 2096; x_wconf 90' lang='lat' dir='ltr'>ibi</span> <span class='ocrx_word' id='word_1_218' title='bbox 1317 2050 1468 2096; x_wconf 83' lang='lat' dir='ltr'>saltem</span> <span class='ocrx_word' id='word_1_219' title='bbox 1490 2048 1663 2113; x_wconf 84' lang='lat' dir='ltr'>pudore</span> <span class='ocrx_word' id='word_1_220' title='bbox 1676 2064 1764 2093; x_wconf 86' lang='lat' dir='ltr'>non</span> 
     </span>
     <span class='ocr_line' id='line_1_28' title="bbox 372 2120 1768 2186; baseline -0.004 -18"><span class='ocrx_word' id='word_1_221' title='bbox 372 2138 547 2186; x_wconf 88' lang='lat' dir='ltr'>ponere.</span> <span class='ocrx_word' id='word_1_222' title='bbox 583 2121 639 2166; x_wconf 87' lang='lat' dir='ltr'>Et</span> <span class='ocrx_word' id='word_1_223' title='bbox 672 2131 819 2167; x_wconf 87' lang='lat' dir='ltr'>tamen</span> <span class='ocrx_word' id='word_1_224' title='bbox 849 2122 929 2185; x_wconf 86' lang='lat' dir='ltr'>qui</span> <span class='ocrx_word' id='word_1_225' title='bbox 952 2139 1080 2182; x_wconf 84' lang='lat' dir='ltr'>negas</span> <span class='ocrx_word' id='word_1_226' title='bbox 1106 2121 1153 2167; x_wconf 90' lang='lat' dir='ltr'>in</span> <span class='ocrx_word' id='word_1_227' title='bbox 1181 2121 1305 2167; x_wconf 87' lang='lat' dir='ltr'>istam</span> <span class='ocrx_word' id='word_1_228' title='bbox 1338 2120 1645 2166; x_wconf 82' lang='lat' dir='ltr'>mortalitatem</span> <span class='ocrx_word' id='word_1_229' title='bbox 1670 2128 1768 2182; x_wconf 87' lang='lat' dir='ltr'>post</span> 
     </span>
     <span class='ocr_line' id='line_1_29' title="bbox 372 2190 1766 2256; baseline -0.003 -18"><span class='ocrx_word' id='word_1_230' title='bbox 372 2202 608 2256; x_wconf 88' lang='lat' dir='ltr'>peccatum</span> <span class='ocrx_word' id='word_1_231' title='bbox 633 2202 849 2237; x_wconf 89' lang='lat' dir='ltr'>mutatam</span> <span class='ocrx_word' id='word_1_232' title='bbox 872 2192 1002 2238; x_wconf 83' lang='lat' dir='ltr'>fuisse</span> <span class='ocrx_word' id='word_1_233' title='bbox 1025 2202 1225 2238; x_wconf 89' lang='lat' dir='ltr'>naturam</span> <span class='ocrx_word' id='word_1_234' title='bbox 1247 2212 1259 2246; x_wconf 92' lang='lat'>;</span> <span class='ocrx_word' id='word_1_235' title='bbox 1282 2190 1426 2237; x_wconf 88' lang='lat' dir='ltr'>fateris</span> <span class='ocrx_word' id='word_1_236' title='bbox 1444 2202 1544 2255; x_wconf 88' lang='lat' dir='ltr'>post</span> <span class='ocrx_word' id='word_1_237' title='bbox 1562 2190 1766 2236; x_wconf 88' lang='lat' dir='ltr'>meritum</span> 
     </span>
     <span class='ocr_line' id='line_1_30' title="bbox 371 2262 1767 2324; baseline -0.003 -14"><span class='ocrx_word' id='word_1_238' title='bbox 371 2264 506 2310; x_wconf 85' lang='lat' dir='ltr'>bonae</span> <span class='ocrx_word' id='word_1_239' title='bbox 526 2262 767 2311; x_wconf 80' lang='lat' dir='ltr'>voluntatis</span> <span class='ocrx_word' id='word_1_240' title='bbox 784 2263 830 2308; x_wconf 87' lang='lat' dir='ltr'>in</span> <span class='ocrx_word' id='word_1_241' title='bbox 844 2263 1028 2324; x_wconf 89' lang='lat' dir='ltr'>gloriam</span> <span class='ocrx_word' id='word_1_242' title='bbox 1048 2264 1192 2309; x_wconf 75' lang='lat' dir='ltr'>beatae</span> <span class='ocrx_word' id='word_1_243' title='bbox 1209 2263 1550 2310; x_wconf 88' lang='lat' dir='ltr'>immortalitatis</span> <span class='ocrx_word' id='word_1_244' title='bbox 1570 2279 1655 2308; x_wconf 90' lang='lat' dir='ltr'>esse</span> <span class='ocrx_word' id='word_1_245' title='bbox 1672 2277 1767 2307; x_wconf 90' lang='lat' dir='ltr'>mu-</span> 
     </span>
     <span class='ocr_line' id='line_1_31' title="bbox 370 2330 1783 2402; baseline -0.004 -19"><span class='ocrx_word' id='word_1_246' title='bbox 370 2337 567 2383; x_wconf 84' lang='lat' dir='ltr'>tandam.</span> <span class='ocrx_word' id='word_1_247' title='bbox 613 2337 666 2382; x_wconf 90' lang='lat' dir='ltr'>In</span> <span class='ocrx_word' id='word_1_248' title='bbox 699 2340 827 2398; x_wconf 89' lang='lat' dir='ltr'>cujus</span> <span class='ocrx_word' id='word_1_249' title='bbox 863 2337 1012 2398; x_wconf 86' lang='lat' dir='ltr'>gloriae</span> <span class='ocrx_word' id='word_1_250' title='bbox 1048 2354 1259 2384; x_wconf 85' lang='lat' dir='ltr'>cacumen</span> <span class='ocrx_word' id='word_1_251' title='bbox 1297 2337 1501 2402; x_wconf 78' lang='lat' dir='ltr'>parvuli,</span> <span class='ocrx_word' id='word_1_252' title='bbox 1536 2335 1657 2401; x_wconf 91' lang='lat' dir='ltr'>quod</span> <span class='ocrx_word' id='word_1_253' title='bbox 1681 2330 1783 2380; x_wconf 62' lang='lat' dir='ltr'>non&#39;</span> 
     </span>
     <span class='ocr_line' id='line_1_32' title="bbox 367 2404 1769 2474; baseline -0.004 -20"><span class='ocrx_word' id='word_1_254' title='bbox 367 2407 550 2474; x_wconf 86' lang='lat' dir='ltr'>potestis</span> <span class='ocrx_word' id='word_1_255' title='bbox 574 2424 735 2468; x_wconf 86' lang='lat' dir='ltr'>negare</span> <span class='ocrx_word' id='word_1_256' title='bbox 756 2445 766 2465; x_wconf 85' lang='lat'><strong>,</strong></span> <span class='ocrx_word' id='word_1_257' title='bbox 793 2409 958 2455; x_wconf 85' lang='lat' dir='ltr'>meritis</span> <span class='ocrx_word' id='word_1_258' title='bbox 980 2427 1069 2456; x_wconf 91' lang='lat' dir='ltr'>non</span> <span class='ocrx_word' id='word_1_259' title='bbox 1091 2426 1181 2456; x_wconf 86' lang='lat' dir='ltr'>suae</span> <span class='ocrx_word' id='word_1_260' title='bbox 1203 2446 1214 2465; x_wconf 83' lang='lat'>‚</span> <span class='ocrx_word' id='word_1_261' title='bbox 1250 2408 1324 2455; x_wconf 87' lang='lat' dir='ltr'>sed</span> <span class='ocrx_word' id='word_1_262' title='bbox 1354 2409 1505 2455; x_wconf 83' lang='lat' dir='ltr'>alienae</span> <span class='ocrx_word' id='word_1_263' title='bbox 1529 2404 1769 2455; x_wconf 82' lang='lat' dir='ltr'>voluntatis</span> 
     </span>
    </p>
   </div>
   <div class='ocr_carea' id='block_1_2' title="bbox 373 2476 1767 2607">
    <p class='ocr_par' dir='ltr' id='par_1_2' title="bbox 373 2476 1767 2607">
     <span class='ocr_line' id='line_1_33' title="bbox 373 2476 1767 2544; baseline -0.004 -18"><span class='ocrx_word' id='word_1_264' title='bbox 373 2479 613 2526; x_wconf 85' lang='lat' dir='ltr'>ascendunt</span> <span class='ocrx_word' id='word_1_265' title='bbox 635 2499 646 2533; x_wconf 94' lang='lat'>;</span> <span class='ocrx_word' id='word_1_266' title='bbox 670 2495 779 2544; x_wconf 89' lang='lat' dir='ltr'>quos</span> <span class='ocrx_word' id='word_1_267' title='bbox 802 2497 890 2526; x_wconf 89' lang='lat' dir='ltr'>non</span> <span class='ocrx_word' id='word_1_268' title='bbox 917 2480 1049 2527; x_wconf 88' lang='lat' dir='ltr'>vultis</span> <span class='ocrx_word' id='word_1_269' title='bbox 1072 2480 1250 2528; x_wconf 86' lang='lat' dir='ltr'>credere</span> <span class='ocrx_word' id='word_1_270' title='bbox 1272 2480 1436 2529; x_wconf 89' lang='lat' dir='ltr'>meritis</span> <span class='ocrx_word' id='word_1_271' title='bbox 1455 2479 1584 2527; x_wconf 83' lang='lat' dir='ltr'>malae</span> <span class='ocrx_word' id='word_1_272' title='bbox 1603 2476 1767 2524; x_wconf 88' lang='lat' dir='ltr'>volun-</span> 
     </span>
     <span class='ocr_line' id='line_1_34' title="bbox 420 2561 1102 2607; baseline 0.006 -13"><span class='ocrx_word' id='word_1_273' title='bbox 420 2562 430 2585; x_wconf 87' lang='lat'><strong>¹</strong></span> <span class='ocrx_word' id='word_1_274' title='bbox 452 2564 536 2594; x_wconf 89' lang='lat' dir='ltr'>Gen.</span> <span class='ocrx_word' id='word_1_275' title='bbox 550 2573 604 2602; x_wconf 78' lang='grc' dir='ltr'>ιιι,</span> <span class='ocrx_word' id='word_1_276' title='bbox 623 2563 674 2595; x_wconf 85' lang='lat'>16.</span> <span class='ocrx_word' id='word_1_277' title='bbox 689 2581 733 2588; x_wconf 93' lang='lat'><em>-</em></span> <span class='ocrx_word' id='word_1_278' title='bbox 751 2561 766 2585; x_wconf 84' lang='lat'><em>2</em></span> <span class='ocrx_word' id='word_1_279' title='bbox 779 2565 873 2595; x_wconf 78' lang='lat' dir='ltr'>Forte</span> <span class='ocrx_word' id='word_1_280' title='bbox 891 2564 1102 2607; x_wconf 82' lang='lat' dir='ltr'>gemebundo.</span> 
     </span>
    </p>
   </div>
  </div>
 </body>
</html>
