1824 3236
245 270 334 325 533,
666 283 698 311 s.
744 280 985 310 Auctts’rlxi
1027 278 1229 309 [triscorl

246 348 367 411 plicii
384 385 394 403 ‚
419 346 499 392 nisi
518 346 793 392 traherentur
810 345 1066 404 contagione
1087 343 1268 408 peccati.
1293 344 1357 389 De
1373 360 1458 407 qua
1475 353 1620 389 eonta-

245 419 370 478 gione
392 417 620 463 nobiscum
639 416 918 480 pertinaciter
943 432 1132 478 pugnas,
1155 426 1197 461 et
1216 431 1270 461 ne
1298 415 1376 461 ista
1396 413 1617 472 credatur,

244 499 286 534 et
311 488 452 551 ipsum
484 497 715 550 peccatum
751 486 884 550 primi
910 484 1123 539 hominis,
1151 495 1194 531 et
1228 484 1495 548 supplicium
1529 487 1621 544 ejus

242 570 465 614 extenuas,
491 569 531 603 et
556 557 724 603 dolores
742 593 750 611 ‚
769 557 955 612 labores,
972 567 1017 602 et
1035 566 1190 602 mortes
1210 557 1256 602 iu
1278 555 1530 620 paradisum
1548 556 1620 602 iu-

245 629 470 676 troducere
499 628 876 692 impudentissima
896 637 935 673 et
961 626 1216 690 impiissima
1239 626 1515 673 contentione
1539 642 1619 672 co·

239 701 369 748 naris.

307 770 428 817 Dicis
448 769 577 818 etiam
603 788 614 816 ε
637 791 657 812 α
681 770 726 816 Si
756 780 937 833 propter
961 769 1049 815 hoc
1074 767 1350 815 maledicitur
1386 778 1534 825 terrae,
1574 778 1622 814 ut

241 843 313 889 ille
338 841 416 907 qui
439 852 695 906 peceaverat
727 841 957 901 affligatur,
996 857 1076 887 nec
1113 850 1255 886 tamen
1290 839 1354 886 ibi
1379 839 1584 903 iniquitas
1606 877 1617 897 ,

242 913 321 960 ubi
342 912 592 959 maledictio
620 912 897 966 continetur;
923 928 1004 957 cur
1027 928 1115 957 non
1140 928 1188 957 ea
1206 910 1455 957 conditione
1474 910 1620 967 etiam,

240 985 276 1031 si
298 984 406 1048 quid
428 1000 724 1029 aerumnarum
749 993 918 1029 naturae
942 993 1102 1029 nostrae
1122 993 1221 1046 post
1242 992 1472 1047 peccatum
1492 981 1623 1046 primi

243 1055 434 1101 hominis
473 1053 703 1100 doceretur
727 1053 922 1110 illatum,
951 1064 1203 1118 sequeretur
1225 1064 1370 1101 tamen
1409 1070 1497 1098 non
1524 1051 1623 1098 ideo

244 1126 422 1172 miseros
455 1143 541 1171 esse
571 1124 839 1172 nascend0s1
856 1162 866 1182 ‚
897 1135 943 1171 ut
977 1126 1038 1171 rei
1061 1125 1450 1178 convincerentur;
1477 1122 1549 1169 sed
1576 1133 1624 1169 ut

242 1197 657 1243 commemoratione
689 1197 859 1260 peccati
887 1197 1020 1260 primi
1046 1197 1204 1243 afflicto
1238 1195 1529 1251 succedanea,
1555 1194 1624 1240 his

243 1285 352 1332 quos
384 1285 477 1314 reos
510 1285 597 1314 non
631 1266 817 1324 fecerat,
847 1267 1102 1313 imitationis
1131 1267 1258 1313 malae
1281 1266 1491 1313 indiceret
1514 1281 1623 1311 cau-

243 1341 435 1386 tionem?
457 1362 478 1382 ›>
497 1339 634 1386 Video
656 1339 819 1403 quibus
835 1339 1047 1403 premaris
1065 1338 1284 1398 angustiis.
1313 1337 1502 1384 Miserias
1518 1353 1623 1382 nas-

243 1412 436 1457 centium
455 1411 617 1472 cogeris
639 1411 861 1466 confiteri,
889 1410 1098 1475 quoniam
1125 1409 1213 1456 vim
1240 1408 1322 1454 tibi
1347 1408 1453 1454 facit
1478 1424 1623 1453 rerum

243 1482 482 1537 evidentia,
507 1500 640 1546 quam
660 1499 754 1546 prae
783 1481 920 1528 oculis
937 1482 1133 1527 omnium
1161 1480 1445 1527 constitutam
1469 1496 1624 1540 negare

246 1570 334 1599 non
355 1553 504 1599 sineris
526 1570 536 1598 ε
562 1554 640 1599 has
660 1563 804 1599 autem
821 1551 1012 1598 miserias
1031 1551 1324 1608 nascentium,
1339 1550 1469 1597 etiam
1485 1550 1530 1596 in
1546 1568 1625 1614 pa-

243 1622 387 1669 radiso
412 1621 581 1669 futuras
597 1623 751 1678 fuisse,
775 1623 808 1668 si
826 1639 952 1668 nemo
971 1632 1191 1685 peccasset
1207 1658 1218 1678 ‚
1235 1621 1298 1668 vis
1313 1619 1492 1685 quidem
1511 1637 1625 1666 asse-

243 1710 360 1748 rere;
382 1692 455 1739 sed
479 1692 617 1739 cernis
641 1703 681 1739 te
704 1692 962 1739 hominibus
985 1691 1306 1756 qualecumque
1324 1708 1399 1737 cor
1417 1691 1624 1738 habenti-

247 1765 330 1811 bus
344 1801 356 1822 ,
373 1764 418 1811 id
433 1764 694 1828 persuadere
707 1781 796 1810 non
813 1780 950 1827 posse.
970 1764 1183 1810 Remanet
1202 1763 1353 1824 igitur,
1375 1773 1424 1809 ut
1441 1772 1626 1828 propter

246 1846 478 1899 peccatum
511 1835 644 1898 primi
666 1835 855 1881 hominis
875 1851 1008 1895 genus
1027 1834 1274 1880 humanum
1298 1833 1469 1880 fatearis
1493 1833 1624 1880 mise-

247 1923 345 1952 rum
376 1907 578 1953 effectum
601 1924 612 1952 ι
635 1905 708 1952 sed
731 1906 819 1952 hoc
843 1906 1040 1952 absolute
1068 1905 1211 1952 dicere
1244 1904 1484 1952 formidans
1503 1922 1514 1950 z
1535 1926 1556 1947 α
1579 1905 1624 1951 Si

247 1977 356 2040 quid
373 1993 670 2024 aerumnarum
684 2014 695 2034 ,
718 1977 862 2042 inquis
876 2014 888 2034 ,
912 1987 1080 2033 naturae
1104 1987 1265 2023 nostrae
1282 1986 1381 2041 post
1394 1986 1625 2040 peccatum

247 2048 381 2111 primi
405 2048 596 2094 hominis
619 2048 850 2095 doceretur
868 2048 1054 2096 illatum.
1089 2069 1110 2091 ))
1146 2047 1266 2105 Quid
1288 2057 1375 2104 est,
1414 2068 1434 2089 α
1450 2046 1497 2093 Si
1516 2046 1626 2111 quid

247 2118 505 2165 doceretur?
527 2141 548 2163 »
580 2120 722 2166 lta-ne
759 2136 861 2166 vero
900 2137 966 2166 res
1002 2118 1375 2175 manifestissima,
1407 2134 1537 2182 quam
1577 2128 1624 2164 tu

248 2206 423 2254 quoque
440 2193 532 2250 jam
556 2190 711 2236 sentire
731 2190 1002 2254 compelleris
1017 2227 1028 2247 ,
1052 2207 1142 2236 non
1167 2188 1376 2235 docetur?
1399 2193 1468 2235 An
1492 2205 1541 2235 eo
1561 2206 1623 2234 re-

247 2259 473 2306 deundum
502 2271 586 2318 est,
607 2260 722 2306 unde
740 2279 819 2325 per
837 2261 937 2307 haec
953 2261 1086 2308 verba
1103 2259 1258 2306 sensim
1273 2258 1421 2320 fugere
1443 2259 1625 2306 medita-

248 2331 329 2383 ris;
357 2331 599 2392 intelligens
631 2349 764 2396 quam
798 2332 1063 2379 intolerabili
1099 2330 1364 2378 absurditate
1400 2329 1620 2388 credatur,

248 2402 516 2448 nascentium
539 2403 729 2449 miserias
748 2403 875 2449 etiam
907 2404 952 2450 in
980 2402 1183 2468 paradiso
1215 2401 1385 2449 futuras
1414 2401 1567 2459 fuisse,
1591 2402 1625 2448 si

246 2488 376 2517 nemo
409 2476 655 2536 peccasset?
689 2474 820 2531 Quod
844 2475 879 2520 si
900 2474 1043 2521 dicere
1074 2473 1288 2521 horrescis
1305 2511 1316 2530 ,
1347 2473 1554 2538 quoniam
1579 2490 1624 2519 re

247 2558 347 2589 vera
379 2542 658 2590 vehementer
688 2544 956 2593 horrendum
991 2557 1052 2595 est
1082 2564 1092 2592 t
1120 2561 1199 2593 cur
1235 2544 1369 2604 dicis,
1404 2565 1425 2588 ‹<
1444 2543 1624 2592 Etiamsi

296 2626 307 2649 ¹
328 2624 477 2664 Julianus
496 2638 573 2672 upra
589 2650 597 2668 ,
619 2636 792 2664 nascentes·
