1824 3236
158 297 316 328 opums
354 297 614 328 iuriinrsscrr
653 297 825 327 comm
863 297 1106 338 armanum,
1148 299 1233 331 mr..
1277 299 1335 330 vt.
1383 283 1474 345 5:39

107 362 344 422 inclangas,
381 362 458 408 Sin
486 373 628 409 autem
665 361 882 426 quidquid
917 363 970 408 ad
1001 374 1240 427 serpentem
1277 364 1470 420 dicitur,

103 432 436 493 intelligibiliter
465 433 510 479 in
543 432 720 479 diabolo
749 433 991 495 profitearis
1025 434 1278 498 impletum3
1314 451 1475 480 annues

107 504 196 550 sine
213 503 376 561 dubio,
403 521 482 549 nec
522 503 609 549 hoc
648 503 767 567 quod
794 504 870 549 ubi
904 521 985 567 pro
1024 505 1186 551 ultione
1226 505 1472 569 profertur,

105 573 321 620 indicium
354 590 473 619 nunc
511 590 685 619 reorum
714 591 799 620 esse
825 585 1071 637 serpentum
1096 612 1106 628 ,
1134 593 1213 621 nee
1250 576 1475 624 diabolum

106 654 262 690 terram
300 644 425 690 cdere
460 644 743 709 corporaliter
777 662 788 690 z
831 645 905 691 sed
928 645 1025 690 etsi
1060 656 1164 692 tunc
1191 645 1475 692 ministerium

105 713 306 760 draconis
323 714 535 778 arripuit,
563 726 691 779 atque
716 715 804 761 hoc
830 714 954 779 quasi
979 715 1113 761 telum
1144 733 1231 779 quo
1258 716 1310 762 ad
1329 715 1476 762 vulne-

103 783 345 831 nerandum
369 785 591 833 hominem
617 803 714 832 usus
730 786 886 842 fuerat,
909 786 1107 832 severitas
1124 797 1271 849 postea
1298 798 1476 850 paterna

104 852 344 915 confregit;
384 866 526 902 tamen
561 867 790 920 peccatum
821 857 864 904 in
896 855 1026 902 solius
1062 857 1223 917 agentis
1255 857 1478 903 voluntate

103 924 320 973 resedisse.
349 926 482 973 Cibos
506 938 646 974 autem
680 939 721 973 et
752 927 898 991 spinas
917 937 958 973 et
984 926 1160 973 sudores
1184 927 1328 991 primo
1350 926 1478 973 fuisse

104 995 357 1042 naturaliter
381 997 596 1054 instituta,
622 1009 720 1062 post
741 998 785 1044 in
803 997 1024 1061 aliquibus
1041 1008 1169 1043 aucta
1193 996 1475 1057 judicialiter,

105 1065 159 1116 ad
183 1076 374 1114 nostram
395 1084 495 1114 vero
521 1079 691 1115 aetatem
717 1068 811 1114 sine
838 1068 1006 1132 peccati
1039 1067 1152 1114 illius
1179 1067 1440 1114 admixtione
1458 1066 1477 1095 1

105 1137 295 1192 venisse3
319 1155 382 1184 res
408 1148 496 1184 tam
520 1150 682 1204 aperta}
701 1150 800 1186 sunt
820 1176 831 1196 ‚
860 1150 907 1185 ut
935 1138 1128 1200 longiore
1146 1138 1320 1202 penitus
1344 1154 1478 1185 asser-

107 1209 227 1255 tione
252 1225 341 1255 non
363 1221 528 1270 egeant.
550 1232 571 1254 >)

169 1280 287 1326 Aue.
322 1279 441 1337 Quid
462 1292 540 1338 est,
581 1279 699 1344 quod
726 1280 922 1344 vipereas
952 1279 1128 1325 astutias
1154 1290 1248 1326 tuas
1271 1280 1399 1326 etiam
1426 1279 1480 1325 de

103 1360 300 1413 serpente
319 1356 606 1415 contorques?
635 1352 744 1409 Quis
765 1351 881 1397 enim
909 1350 1047 1397 divini
1066 1351 1169 1397 libri
1197 1351 1295 1396 haec
1316 1351 1445 1397 verba
1465 1386 1475 1406 ‚

104 1437 206 1484 quae
232 1422 598 1480 commemorasti,
619 1432 907 1482 congruenter
932 1421 1191 1481 intelligens,
1220 1439 1306 1467 non
1337 1421 1481 1467 videat

103 1490 149 1537 in
170 1490 394 1538 diabolum
424 1493 588 1556 potius,
615 1493 692 1557 qui
719 1503 914 1556 serpente
942 1492 996 1538 ad
1019 1492 1065 1538 id
1089 1493 1206 1556 quod
1241 1492 1403 1549 voluit,
1431 1502 1479 1538 ut

103 1561 267 1626 potuit,
296 1579 398 1609 usus
420 1574 508 1620 est,
532 1580 663 1627 quam
684 1563 728 1610 in
761 1563 907 1626 ipsum
934 1562 1093 1609 animal
1116 1600 1126 1617 ,
1161 1563 1479 1626 qualecumque

103 1643 323 1680 terrenum
341 1671 353 1692 ‚
378 1634 499 1680 illam
526 1634 741 1698 prolatam
775 1634 904 1680 fuisse
940 1633 1227 1680 sententiam?
1265 1633 1350 1679 Sed
1377 1633 1480 1696 quia

104 1720 192 1750 non
209 1721 288 1768 per
309 1722 351 1751 se
371 1705 516 1769 ipsum
536 1743 547 1763 ,
582 1722 659 1769 per
688 1715 931 1770 serpentem
962 1714 1104 1750 autem
1134 1703 1399 1750 seductorias
1417 1702 1480 1749 lo-

104 1773 250 1838 quelas
279 1774 482 1822 diabolus
502 1786 704 1839 operatus
733 1786 796 1821 est
815 1811 826 1831 ‚
851 1775 948 1820 ideo
969 1774 1030 1820 ad·
1043 1785 1283 1838 serpentem
1306 1773 1479 1819 locutus

103 1856 167 1893 est
187 1848 303 1894 Deus
320 1885 332 1905 ,
353 1848 474 1913 quod
492 1847 790 1909 significandas
812 1846 993 1894 malitiae
1014 1847 1182 1893 diaboli
1206 1846 1475 1900 conveniret,

104 1928 147 1964 et
181 1928 338 1965 natura
372 1919 506 1980 hujus
539 1920 679 1980 figura
714 1930 821 1965 essct
844 1918 977 1965 illius.
1009 1917 1199 1964 Proinde
1221 1916 1341 1981 quod
1375 1916 1482 1962 dixit

52 1979 57 1988 ’
106 1988 224 2035 Deus
257 1990 472 2053 serpenti,
506 2011 525 2032 «
547 1989 810 2036 Maledictus
834 1999 881 2035 tu
903 1988 959 2034 ab
984 1988 1188 2034 omnibus
1210 1987 1444 2051 pecoribus
1463 2023 1474 2043 ,

107 2080 128 2102 ›>
147 2069 191 2106 et
208 2060 414 2107 omnibus
432 2060 581 2107 bestiis
599 2078 700 2125 quae
717 2071 818 2107 sunt
837 2076 964 2123 super
985 2069 1141 2104 terram
1157 2078 1169 2113 ;
1187 2075 1317 2122 super
1329 2067 1479 2121 pectus

105 2151 128 2173 >2
147 2141 190 2181 et
217 2141 410 2178 ventrem
445 2142 571 2177 tuum
596 2130 843 2176 ambulabis
864 2167 875 2186 ,
903 2140 944 2175 et
970 2139 1128 2174 terram
1156 2127 1442 2174 manducabis
1464 2163 1475 2182 ‚

107 2223 129 2245 ›>
151 2202 358 2249 omnibus
392 2202 548 2249 diebus
569 2203 672 2249 vitae
701 2213 786 2248 tuae
803 2239 814 2258 ,
838 2223 858 2244 ›>
885 2211 927 2247 et
959 2211 1114 2247 caetera
1132 2237 1143 2256 ‚
1171 2209 1289 2246 tanto
1315 2197 1479 2244 intelli-

106 2283 270 2334 guntur
286 2309 298 2330 ,
328 2283 370 2320 et
395 2284 673 2337 exponuntur
696 2273 848 2319 melius
869 2310 879 2329 ‚
902 2282 1078 2337 quanto*
1099 2269 1406 2330 congruentius
1427 2268 1481 2316 de

107 2342 284 2390 diabolo
309 2345 601 2409 accipiuntur.
633 2343 718 2391 Sed
743 2344 948 2408 quoniam
974 2341 1211 2388 secundum
1232 2340 1361 2387 etiam
1386 2356 1482 2385 rec-

108 2424 196 2461 tam
218 2413 348 2461 fidem
367 2451 379 2473 ,
410 2415 557 2462 multis
593 2425 737 2461 tamen
772 2413 910 2460 modis
940 2413 994 2459 de
1017 2413 1085 2458 his
1104 2410 1318 2474 disputari
1345 2408 1479 2465 solet,

107 2499 187 2530 nec
211 2483 268 2530 ad
291 2501 464 2531 causam
498 2501 616 2531 nunc
650 2485 837 2548 pertinet
858 2483 966 2547 quid
993 2499 1143 2529 eorum
1173 2481 1308 2542 magis
1329 2479 1482 2539 eligam

106 2570 335 2618 promere3
363 2555 463 2602 satis
488 2565 574 2613 est,
614 2565 662 2603 ut
693 2555 773 2601 tibi
804 2553 1115 2618 respondeam,
1154 2550 1320 2599 diaboli
1351 2559 1483 2596 natu-

156 2637 169 2660 1
190 2639 284 2673 Forte
301 2637 516 2683 adjunctione.
