1824 3236
320 252 414 313 ,474
741 269 775 297 s.
821 268 1062 300 AUGUSTJM
1099 271 1301 301 rprscom

325 332 552 378 conditum
573 370 583 389 ,
611 333 685 379 secl
721 333 774 379 ad
810 334 896 380 hoc
920 335 1184 381 credendum
1222 336 1309 382 sola
1336 354 1422 383 esse
1446 340 1704 386 auctoritate

325 403 522 449 lectionis
549 415 801 450 contentum
821 442 831 462 ,
874 406 979 469 quia
1010 408 1223 470 scriptum
1259 419 1350 465 est,
1379 408 1526 456 secisse
1560 415 1703 457 Deum

322 474 466 519 omnia
488 475 602 520 bona
624 475 786 522 valde?
811 499 830 518 »
853 479 950 523 Non
973 495 1106 540 usque
1128 479 1234 524 adeo
1262 496 1355 524 sum
1381 481 1566 543 pistillo,
1591 482 1703 528 sicut
1763 537 1767 541 ⁵

323 546 609 603 conviciaris,
639 547 887 603 obtunsior,
920 560 968 594 ut
1000 549 1248 595 Manichaeo
1273 551 1572 611 redarguendo
1602 553 1704 599 libri

324 615 458 676 hujus
490 617 627 663 divini
655 620 953 665 auctoritatem
976 657 985 673 ‚
1018 637 1103 682 qua
1136 637 1220 665 non
1240 632 1447 677 tenetur,
1476 623 1697 683 objiciam.

323 687 424 732 Tibi
446 687 563 734 hanc
597 690 758 750 objicio
779 728 788 745 ,
812 691 988 754 quando
1014 708 1077 735 res
1103 690 1326 752 postulat,
1360 694 1567 755 quoniam
1595 694 1704 740 mihi

321 757 491 822 tibique
516 762 760 806 communis
785 772 859 808 est.
898 762 1195 806 R'lanichaeum
1222 779 1323 807 vero
1343 780 1430 808 non
1449 763 1502 808 (16
1526 764 1703 827 opificio

323 828 421 882 Dei,
437 831 556 893 quod
575 831 667 894 ipse
684 847 810 892 negat
826 870 837 886 ,
859 843 1077 878 creaturas
1093 831 1192 877 istas
1207 832 1344 878 bonas
1361 850 1447 878 esse
1464 835 1677 880 convinco
1692 853 1702 891 ;

320 899 391 945 sed
418 901 472 947 de
496 902 669 948 illarum
689 904 884 949 bonitate
906 904 1052 967 potius
1077 904 1312 967 compello,
1337 905 1504 951 bonum
1532 922 1601 951 eas
1619 906 1702 951 ha-

321 971 423 1017 bere
443 973 645 1035 opificem
663 976 873 1022 confiteri.
894 975 1026 1032 Quod
1046 985 1189 1020 autem
1216 976 1275 1021 ait
1306 976 1553 1040 Apostolus,
1573 994 1703 1040 quem

322 1060 364 1087 se
391 1044 626 1089 Manichaei
648 1046 843 1109 accipere
870 1047 1132 1109 profitentur
1148 1084 1157 1101 ‚
1182 1068 1200 1087 «
1223 1047 1378 1092 Omnis
1402 1058 1600 1092 creatura
1623 1049 1703 1093 Dei

324 1114 469 1159 »bona
481 1113 579 1172 est13
593 1137 610 1157 ³>
631 1118 836 1179 quoniam
855 1117 908 1162 (16
926 1135 1010 1180 qua
1025 1128 1221 1162 creatura
1239 1117 1487 1180 loqueretur
1500 1129 1699 1182 apertum

319 1197 380 1231 est
399 1223 409 1241 ,
446 1187 641 1233 validum
665 1199 771 1234 esset
797 1188 999 1234 adversus
1033 1206 1102 1234 eos
1128 1188 1443 1243 testimonium,
1466 1189 1547 1234 nisi
1571 1189 1699 1234 etiam

321 1255 445 1302 libris
471 1259 708 1314 canonicis,
733 1276 841 1323 quos
865 1260 1090 1322 accipiunt
1112 1296 1122 1315 ,
1154 1259 1364 1322 quasdam
1385 1258 1510 1304 falsas
1534 1271 1703 1305 senten-

323 1328 401 1373 tias
426 1330 657 1392 permixtas
685 1348 770 1376 esse
795 1330 1119 1376 contenderent.
1144 1331 1205 1375 Ac
1230 1348 1308 1393 per
1328 1330 1413 1375 hoc
1435 1331 1488 1376 (16
1507 1330 1702 1376 bonitate

317 1413 616 1448 creaturarum
649 1420 818 1466 semper
852 1413 954 1447 sunt
997 1400 1176 1460 urgendi
1200 1438 1210 1456 ,
1256 1412 1303 1446 ut
1343 1418 1490 1446 earum
1533 1402 1700 1446 bonurn

321 1474 480 1530 Deum,
497 1475 615 1537 quod
635 1485 806 1534 negant,
837 1474 1053 1519 fateantur
1077 1484 1312 1520 auctorem.
1342 1474 1479 1518 Porro
1493 1484 1703 1518 creaturae

319 1561 466 1590 omnes
489 1545 548 1590 ita
572 1557 672 1590 sunt
698 1546 826 1591 honae
845 1583 855 1601 ,
900 1558 947 1591 ut
978 1545 1104 1591 etiam
1139 1545 1255 1608 ipsas
1276 1581 1286 1600 ,
1327 1561 1427 1607 quae
1452 1561 1552 1589 cum
1592 1543 1703 1589 vitiis

317 1627 519 1661 creantur
538 1654 548 1672 ‚
578 1617 687 1663 ratio
708 1618 846 1662 bonas
870 1635 956 1662 6556
977 1617 1274 1671 demonstret,
1307 1616 1501 1679 ipsorum
1528 1632 1702 1679 quoque

317 1687 590 1733 attestatione
615 1689 842 1745 vitioru1n3
880 1689 980 1752 quia
1007 1688 1162 1733 vitium
1199 1698 1350 1732 contra
1377 1698 1574 1732 naturam
1603 1697 1664 1731 est
1688 1703 1698 1730 :

317 1757 398 1803 nisi
422 1758 534 1803 enirn
567 1769 719 1805 natura
745 1760 838 1823 ipsa
865 1770 979 1805 recte
1011 1758 1236 1822 placeret,
1275 1758 1395 1803 nullo
1428 1757 1558 1803 modo
1589 1767 1703 1803 recte

315 1829 449 1892 ipsius
478 1829 636 1876 vitium
675 1831 943 1894 displiceret.
973 1831 1070 1876 Hoc
1106 1840 1259 1876 contra
1295 1829 1588 1885 Manichaeos‚
1626 1829 1702 1892 qui

317 1911 476 1963 putant
505 1901 633 1947 etiarn
658 1901 750 1966 ipsa
777 1902 882 1948 vitia
900 1913 1077 1948 naturas
1097 1918 1182 1947 esse
1208 1910 1336 1964 atque
1359 1900 1638 1953 substantias,
1657 1899 1702 1945 in

312 1970 577 2034 quibusdam
619 1974 777 2018 nostris
807 1971 1030 2036 opusculis
1068 1971 1288 2035 copiosius
1312 1970 1589 2034 disputatur,
1631 1986 1703 2015 05-

312 2042 596 2107 tenditurque
620 2045 776 2090 vitium
811 2056 968 2090 natura
998 2061 1086 2089 non
1113 2060 1228 2096 esse3
1258 2052 1300 2088 et
1325 2043 1427 2105 quia
1452 2052 1605 2088 contra
1629 2057 1702 2085 na-

315 2127 456 2161 turam
486 2127 578 2171 est,
619 2116 717 2162 ideo
751 2116 919 2161 malum
955 2132 1070 2172 esse3
1109 2131 1158 2159 ac
1195 2130 1272 2176 per
1299 2113 1385 2158 hoc
1426 2123 1628 2158 naturam
1652 2111 1698 2156 in

305 2198 522 2252 quantum
548 2177 703 2234 natura
720 2199 781 2234 est
798 2226 808 2243 ‚
837 2189 1005 2233 bonum
1028 2204 1114 2232 esse
1138 2203 1149 2231 z
1183 2184 1299 2231 unde
1325 2183 1576 2244 colligitur,
1608 2200 1699 2229 non

308 2276 393 2306 esse
429 2270 667 2306 creatorem
705 2270 961 2306 naturarum
998 2257 1078 2302 nisi
1103 2267 1339 2303 creatorem
1370 2256 1587 2301 bonorum
1608 2293 1618 2311 ,
1648 2272 1699 2300 ac

309 2352 387 2399 per
420 2333 506 2379 hoc
530 2332 698 2378 bonum
723 2353 733 2386 ς
772 2331 845 2377 sed
870 2329 1075 2376 creaturis
1104 2328 1191 2374 suis
1216 2345 1371 2387 magna
1396 2327 1637 2372 differentia
1659 2337 1701 2372 et

305 2422 474 2451 summa
492 2403 690 2449 bonitate
705 2402 922 2448 meliorem
937 2437 947 2457 ,
964 2401 1041 2464 qui
1062 2417 1150 2445 non
1166 2409 1308 2463 potest
1327 2399 1505 2444 omnino
1528 2398 1687 2453 vitiari,

299 2492 387 2521 non
414 2475 699 2538 perceptione
720 2473 889 2534 gratiae.
928 2472 1001 2518 sed
1014 2472 1285 2535 proprietate
1306 2480 1488 2517 naturae.
1516 2470 1696 2515 Naturae

300 2546 430 2606 igitur
453 2555 609 2591 creatae
628 2582 637 2600 ,
666 2545 753 2591 sive
787 2560 892 2607 quae
924 2543 1014 2589 sine
1044 2542 1150 2589 vitio
1184 2552 1313 2597 sunt,
1339 2540 1429 2586 sive
1457 2556 1557 2604 quae
1581 2550 1695 2586 natae

359 2627 401 2659 ¹1
419 2628 615 2666 Tim.1v‚4.
