1863 3262
161 292 320 324 ominis
356 293 620 325 IMPERFECTI
657 295 829 326 CONTRA
866 296 1110 339 JULIANUM9
1149 299 1235 332 LIB.
1280 302 1339 333 lv.
1393 290 1485 352 273

109 362 237 404 rem?
273 381 292 401 α
325 360 442 405 Dicis
480 376 631 405 eorum
668 361 975 420 negligentiora
1009 375 1251 411 commenta
1283 384 1369 413 non
1399 386 1486 415 esse

109 429 379 489 subjicienda
412 430 580 489 judicio
604 448 614 475 ε
640 453 660 472 »
697 431 856 477 siccine
886 432 1058 477 illorum
1080 434 1198 481 dicta
1224 436 1417 484 defendis
1435 457 1485 486 ac

109 499 279 546 deluis?
306 503 371 546 An
392 501 536 563 potius
565 502 738 546 nomine
758 501 1030 561 negligentia}
1052 506 1258 567 reprobas
1283 520 1324 552 et
1357 527 1484 556 accu-

108 585 196 626 535,
225 580 266 615 et
283 569 401 616 nullo
427 570 658 617 dubitante
694 571 960 618 condemnas
979 609 989 628 ,
1017 590 1117 635 quae
1142 576 1402 636 negligenter
1419 579 1484 625 ef-

107 640 217 696 fusa,
247 651 288 687 et
310 640 407 686 ideo
429 641 532 687 falsa
550 659 636 687 esse
658 642 952 705 pronuntias?
985 644 1206 703 Rogamus
1232 657 1273 692 te
1294 684 1304 701 ‚
1332 648 1364 693 si
1382 648 1486 695 falsa

107 727 194 756 esse
217 711 364 758 asseris
388 711 505 758 dicta
529 729 629 776 quae
655 712 852 758 defendis
868 750 878 769 ‚
909 730 1009 759 vera
1029 731 1120 759 esse
1137 733 1269 762 assere
1291 735 1392 781 quae
1414 736 1486 765 re-

107 779 355 844 prehendis.
382 803 403 824 «
425 783 541 828 Iram
562 799 649 828 non
673 782 899 828 cunctatio
924 783 1089 840 brevis,
1111 784 1276 848 inquis,
1297 787 1371 832 sed
1388 806 1486 851 per-

107 851 222 896 tinax
258 863 446 898 meretur
476 852 660 898 intentio
685 871 694 898 :
728 873 748 894 »
773 853 897 917 quasi
923 851 1086 916 aliquid
1124 855 1318 917 proferas
1335 891 1346 913 ‚
1371 857 1487 903 unde

108 921 244 984 possis
260 921 484 968 ostendere
498 922 593 968 illos
612 959 622 979 ‚
652 940 740 968 non
760 922 859 969 dico
892 933 992 986 post
1020 924 1218 981 brevem,
1240 925 1312 971 sed
1336 926 1485 973 saltem

105 1001 207 1055 post
230 991 404 1053 longam
427 993 713 1039 intentionem
735 1031 746 1050 ‚
784 993 852 1040 vel
878 994 924 1039 in
952 995 1037 1039 fine
1062 995 1162 1041 vitae
1189 1012 1278 1041 suae
1304 996 1358 1042 de
1377 1015 1487 1060 pec-

107 1073 205 1109 cato
229 1064 429 1124 originali
450 1075 635 1112 mutasse
659 1065 927 1112 sententiam.
955 1065 1077 1111 Vana
1100 1066 1290 1129 loqueris
1307 1104 1317 1122 ‚
1337 1067 1488 1114 insana

106 1132 314 1197 loqueriS,
332 1153 530 1199 perversa
554 1147 596 1182 et
622 1147 706 1182 tuae
725 1136 854 1182 saluti
870 1135 1044 1182 adversa
1058 1135 1271 1200 loqueris:
1294 1137 1481 1201 quiesce,

107 1203 314 1260 obsecro;
344 1206 452 1270 quid
478 1217 651 1252 tantum
675 1206 898 1270 loqueris?

172 1277 307 1323 CXX.
356 1277 382 1321 J
387 1294 454 1324 UL.
507 1299 528 1320 α
553 1277 713 1323 Verum
760 1293 989 1340 pergamus
1039 1275 1092 1321 ad
1131 1276 1312 1339 reliqua.
1362 1277 1488 1324 Nihil

105 1361 284 1408 prorsus
296 1346 427 1412 valet,
448 1348 567 1410 quod
585 1358 626 1392 te
645 1347 704 1392 ais
724 1346 901 1392 diabolo
925 1357 1145 1409 reputare,
1168 1363 1257 1392 non
1277 1363 1481 1411 corpora,

106 1415 180 1461 sed
197 1416 355 1462 delicta
376 1435 387 1462 :
410 1417 618 1463 inficiaris
647 1416 825 1462 omnino
843 1453 854 1473 ‚
883 1416 995 1461 sicut
1030 1416 1278 1480 frequenter
1297 1417 1485 1464 ostendi-

106 1503 228 1544 mus,
251 1488 373 1534 nullo
399 1488 481 1534 alio
502 1488 665 1544 studio,
690 1487 771 1533 nisi
800 1498 848 1533 ut
870 1487 1105 1533 Manichaei
1126 1487 1231 1534 vites
1248 1487 1483 1547 invidiam,

107 1561 230 1618 cujus
247 1559 432 1623 inspiras
455 1575 685 1605 venenum.
715 1560 910 1622 Corpora
929 1559 1041 1603 enim
1060 1595 1069 1613 ‚
1098 1574 1275 1622 prorsus
1297 1575 1485 1622 corpora

106 1640 279 1693 reputas
311 1630 505 1694 principi
547 1630 852 1686 tenebrarum,
901 1645 1092 1693 quorum
1133 1628 1484 1675 commixtionem

104 1698 370 1747 diabolicam
392 1701 628 1764 profiteris,
649 1717 835 1764 quorum
857 1699 1058 1759 genitalia
1076 1736 1088 1755 ,
1110 1716 1299 1762 quorum
1319 1710 1479 1756 motus,

105 1786 293 1833 quorum
319 1772 488 1818 fructus
514 1788 704 1818 accusas.
737 1771 891 1831 Arguis
911 1770 1058 1834 palam
1080 1787 1127 1815 ex
1152 1770 1297 1833 primo
1327 1770 1482 1831 magis-

105 1840 211 1887 terio
238 1843 433 1889 membra
451 1879 463 1899 ‚
495 1859 585 1888 non
603 1841 710 1888 vitia
736 1859 747 1886 ι
777 1840 890 1886 illud
914 1841 1029 1885 enim
1050 1840 1159 1886 dicis
1177 1839 1448 1886 diabolicum
1464 1877 1477 1898 ‚

104 1912 225 1976 quod
247 1913 378 1959 etiam
403 1913 694 1968 Manichaeus,
721 1911 834 1957 sicut
864 1912 906 1955 in
935 1910 1172 1974 Scripturis
1201 1913 1293 1970 ejus
1316 1910 1476 1966 docui,

104 1982 148 2028 in
175 1983 344 2029 sexibus
366 1982 619 2043 indignatur
642 1983 798 2042 vigere.
824 1982 879 2026 Et
900 1991 948 2027 ut
965 1981 1219 2044 repetitione
1247 1980 1369 2027 brevi
1394 1981 1480 2027 lec-

108 2063 175 2100 tor
201 2065 373 2111 noster,
411 2054 530 2118 quod
568 2065 709 2100 tenere
748 2053 907 2116 possit,
942 2052 1164 2115 accipiat:
1195 2061 1270 2098 aut
1304 2051 1480 2098 ostende

104 2141 192 2170 esse
207 2123 251 2171 in
271 2125 465 2188 parvulis
484 2125 753 2172 voluntatem
769 2160 781 2180 ‚
809 2135 884 2169 aut
914 2124 969 2169 ab
989 2123 1046 2168 eis
1074 2123 1238 2168 crimen
1262 2133 1473 2171 amoveto.

106 2195 238 2252 Quod
258 2212 359 2242 cum
384 2213 472 2241 non
490 2195 622 2253 facis,
661 2195 734 2240 sed
760 2195 905 2241 asseris
922 2210 991 2240 eos
1017 2203 1198 2257 propter
1227 2193 1315 2239 hoc
1339 2212 1362 2239 a
1389 2193 1481 2240 dia-

105 2264 208 2310 bolo
227 2265 467 2328 possideri,
498 2266 601 2330 quia
620 2265 673 2311 de
697 2281 930 2328 corporum
956 2274 1057 2309 sunt
1079 2262 1384 2309 commixtione
1399 2280 1481 2324 ge-

104 2336 266 2388 nerati3
286 2335 473 2381 ostendis
497 2346 538 2381 te
562 2353 649 2381 non
667 2347 849 2398 peccata
868 2372 878 2391 ‚
908 2351 1009 2397 quae
1035 2333 1124 2379 sine
1149 2333 1372 2380 voluntate
1392 2351 1480 2380 non

106 2418 223 2462 sunt,
244 2405 318 2451 sed
338 2407 432 2469 ipsa
457 2423 642 2469 corpora
674 2406 929 2452 adversariae
952 2404 1159 2468 potestati
1178 2404 1400 2467 deputare.
1422 2406 1480 2450 Ut

107 2493 207 2538 ergo
231 2494 278 2523 ea
304 2476 445 2522 libido
463 2514 474 2534 ‚
513 2495 612 2540 quae
629 2487 670 2522 et
694 2477 740 2522 in
759 2477 1015 2522 hominibus
1035 2485 1077 2521 et
1094 2476 1139 2520 in
1155 2475 1390 2538 pecoribus
1407 2476 1480 2522 in-

106 2548 278 2595 venitur
294 2585 306 2605 ,
332 2547 540 2595 naturalis
560 2558 602 2594 et
633 2567 656 2595 a
679 2548 770 2593 Deo
793 2547 992 2594 instituta
1008 2556 1101 2592 est:
1128 2545 1189 2591 ita
1204 2545 1287 2591 ista
1313 2544 1453 2592 libido
1467 2584 1478 2603 ‚

104 2635 238 2684 quam
258 2619 302 2666 in
325 2619 634 2684 disputationis
656 2629 742 2666 tuae
761 2618 965 2666 varietate
989 2615 1242 2682 perpeteriS‚
1258 2632 1337 2680 per
1352 2632 1484 2681 quam

273 2707 417 2738 cxiiv.
1304 2686 1358 2732 18
