1824 3236
168 298 324 329 omnus
363 298 622 329 {MPERFEC'H
658 296 835 328 CONTRA
871 297 1116 339 JumANUM,
1155 299 1242 329 mn.
1284 298 1345 330 VI.
1394 281 1488 337 463

116 365 371 429 priusquam
395 373 640 427 peccasset,
682 362 884 408 miserum
922 362 1052 419 dicit3
1082 363 1209 408 simul
1250 361 1490 426 responde-

116 453 234 493 mus,
258 434 378 500 quod
402 434 615 491 hominis,
639 434 718 498 qui
741 450 964 497 nunquam
993 451 1175 498 peccare
1195 434 1431 498 potuisset,
1456 434 1490 480 si

116 523 342 571 nunquam
355 522 536 570 peccare
554 504 781 562 voluisset,
799 521 947 569 poenae
966 505 1080 551 illius
1096 505 1343 551 devitandae
1355 542 1366 561 ,
1389 521 1491 569 quae

114 576 257 624 fuerat
281 587 481 623 secutura
516 587 746 639 peccatum
765 613 776 632 ‚
817 575 1053 638 tranquilla
1079 587 1170 622 erat
1199 575 1366 629 cautio,
1402 592 1490 621 non

116 647 368 695 turbulenta
401 646 606 694 formido.
637 647 733 693 Hoc
758 645 937 711 quidem
977 646 1236 709 respondere
1270 646 1495 693 communi

117 717 384 775 adversario,
398 718 510 765 sicut
526 718 695 765 dictum
714 729 799 774 est,
820 718 1112 764 communiter
1126 734 1355 781 possumus
1376 736 1386 763 :
1415 718 1492 764 sed

115 805 193 850 ego
223 788 425 836 adversus
454 789 754 835 Manichaeum
787 787 935 834 laudes
967 804 1103 847 augeo
1128 788 1350 834 rationalis
1379 788 1494 834 illius

115 870 348 916 creaturae,
375 877 477 925 quae
507 877 596 906 non
628 860 767 906 solum
804 877 892 906 non
928 858 1212 905 cruciabatur
1235 858 1324 904 ullo
1347 869 1490 916 metu,

115 931 398 977 verumetiam
437 931 588 977 laetitia
627 948 780 991 magna
816 930 1070 986 fruebatur;
1093 930 1300 994 quoniam
1332 929 1495 975 malum

117 1002 268 1048 mortis
281 1039 292 1059 ‚
315 1001 434 1067 quod
452 1003 646 1049 omnium
662 1041 672 1058 ‚
693 1002 760 1048 vel
782 1019 890 1066 pene
907 1002 1104 1047 omnium
1122 1001 1341 1062 refugiunt
1361 1000 1496 1048 corda

116 1071 311 1119 fidelium
327 1109 339 1130 ,
361 1073 556 1119 habebat
575 1074 619 1120 in
641 1084 849 1138 potestate
875 1090 962 1119 non
985 1072 1170 1137 perpeti.
1202 1072 1319 1118 Huic
1338 1083 1494 1119 nostrae

116 1142 220 1190 fidei
253 1144 460 1208 quoniam
502 1155 639 1190 vester
677 1161 797 1189 error
834 1143 1037 1189 adversus
1078 1155 1169 1199 est,
1207 1159 1296 1206 quo
1334 1141 1497 1206 putatis

118 1212 285 1270 Adam,
305 1214 394 1260 sive
417 1225 644 1278 peccaret,
671 1214 760 1260 sive
786 1231 874 1260 non
895 1223 1125 1277 peccaret,
1157 1213 1286 1259 fuisse
1312 1213 1499 1259 moritu-

116 1299 242 1343 rum3
259 1283 368 1349 quid
384 1284 460 1331 hic
479 1284 729 1332 Manichaeo
746 1284 980 1348 respondes
998 1283 1160 1330 dicenti
1178 1284 1376 1329 miseram
1393 1300 1499 1329 con-

117 1353 254 1400 ditam
266 1371 354 1401 esse
372 1366 573 1402 naturam
590 1393 601 1412 ‚
621 1373 755 1419 quam
773 1355 841 1401 vel
855 1365 1111 1418 peccantem
1131 1353 1198 1400 vel
1212 1371 1299 1400 non
1316 1371 1501 1418 peccan—

118 1435 204 1471 tem
227 1441 343 1472 mors
364 1425 595 1472 imminens
609 1427 765 1472 timore
783 1425 1045 1489 torquebat?
1071 1425 1116 1470 Si
1135 1425 1250 1470 enim
1273 1424 1427 1470 dixeris
1441 1424 1501 1470 ita

117 1494 246 1542 fuisse
277 1496 530 1553 conditam,
571 1506 619 1542 ut
656 1513 743 1542 non
779 1496 950 1541 timeret
988 1506 1170 1541 mortem
1190 1532 1202 1551 ,
1236 1495 1326 1541 sine
1360 1494 1500 1540 dubio

118 1567 385 1633 quandoque
409 1578 668 1621 venturam3
702 1566 901 1631 profecto
939 1567 1065 1612 istam
1097 1583 1198 1631 quae
1233 1567 1277 1612 in
1318 1566 1500 1630 posteris

118 1641 210 1698 eius
239 1650 327 1696 est,
350 1640 547 1687 miseram
582 1639 785 1686 fateberis
804 1638 925 1684 nasci
940 1675 950 1694 ‚
975 1638 1048 1683 cui
1079 1637 1230 1683 mortis
1253 1648 1417 1684 metum
1437 1636 1500 1683 sic

119 1709 317 1756 videmus
344 1728 431 1757 esse
449 1711 728 1771 congenitum
746 1747 756 1766 ‚
781 1720 830 1756 ut
861 1709 990 1755 etiam
1014 1708 1063 1754 hi
1086 1709 1163 1773 qui
1185 1726 1260 1772 spe
1289 1708 1408 1754 fideli
1424 1707 1499 1754 fu-

119 1791 232 1827 turae
255 1781 358 1828 vitae
376 1781 536 1843 gaudia
558 1780 910 1845 concupiscunt,
934 1780 980 1825 in
1008 1780 1092 1825 hac
1119 1789 1262 1825 tamen
1287 1780 1376 1824 vita
1397 1795 1498 1824 cum

119 1852 271 1898 mortis
285 1852 437 1899 timore
448 1852 694 1899 luctentur:
709 1851 866 1897 nolunt
882 1851 996 1896 enim
1019 1849 1235 1913 spoliari¹‚
1252 1849 1326 1896 sed
1343 1865 1495 1914 super«

120 1923 290 1978 vestiri,
318 1933 367 1969 ut
397 1933 613 1987 quantum
649 1922 704 1968 ad
736 1938 885 1968 eorum
910 1921 1063 1967 attinet
1091 1919 1358 1966 voluntatem
1378 1957 1389 1976 ‚
1411 1936 1500 1966 non

121 2005 260 2040 morte
282 1994 461 2040 finiatu'r
477 1993 577 2040 haec
595 1993 684 2039 vita
701 2029 712 2049 ‚
735 1992 808 2038 sed
833 1991 1015 2038 mortale
1037 1991 1321 2057 absorbeatur
1345 2008 1369 2036 a
1390 1991 1492 2037 vita.

122 2065 183 2110 Ex
202 2080 291 2128 quo
303 2065 354 2110 fit
371 2100 383 2120 ‚
405 2075 454 2110 ut
477 2065 512 2110 si
531 2063 681 2110 mortis
707 2050 870 2109 metum
890 2063 935 2108 in
955 2060 1158 2126 paradiso
1181 2061 1377 2124 posueris
1403 2070 1501 2106 ante

120 2145 352 2199 peccatum
369 2172 380 2189 ‚
418 2134 605 2180 vincaris
630 2151 654 2179 a
681 2134 939 2179 Manichaeis
959 2170 970 2188 ‚
995 2133 1074 2196 qui
1108 2142 1268 2195 putant
1287 2143 1328 2177 et
1352 2130 1502 2195 putari

121 2205 302 2259 volunt,
331 2204 452 2270 quod
472 2205 518 2251 in
541 2204 687 2268 primo
723 2220 898 2268 quoque
934 2202 1113 2248 homine
1141 2204 1294 2248 misera
1325 2201 1503 2248 condita

121 2287 182 2322 est
201 2287 355 2322 natura
379 2277 600 2330 humana3
621 2275 655 2321 si
680 2285 823 2321 autem
842 2274 1042 2320 timorem
1066 2273 1216 2319 mortis
1231 2310 1243 2330 ‚
1270 2289 1358 2337 quo
1378 2289 1500 2318 mor-

123 2347 275 2394 talium
291 2347 460 2393 animus
473 2363 559 2392 non
576 2346 667 2392 sine
680 2345 847 2391 miseria
866 2344 1130 2398 stimulatur,
1152 2354 1252 2389 ante
1271 2354 1499 2407 peccatum

122 2435 210 2464 non
233 2417 361 2463 fuisse
394 2415 666 2480 responderis
684 2453 695 2472 ‚
721 2416 908 2462 vincaris
938 2433 961 2460 a
996 2414 1147 2471 nobis,
1181 2414 1392 2478 quoniam
1415 2431 1503 2460 non

124 2498 366 2535 mutaretur
389 2487 435 2534 in
465 2490 588 2551 pejus
601 2486 682 2533 nisi
699 2486 852 2533 vitiata
874 2495 1047 2533 natura.

188 2560 357 2606 Rursus
383 2558 430 2604 in
451 2573 502 2604 eo
528 2555 651 2621 quod
682 2555 886 2605 adversus
921 2572 1012 2603 non
1051 2554 1158 2603 facis
1174 2554 1319 2603 dicere
1362 2556 1508 2603 Mani-

173 2645 220 2676 !oe
241 2646 317 2677 Cor·
332 2651 366 2679 V,
383 2647 414 2678 6.
