1863 3262
322 262 405 296 loo
735 262 767 291 s.
814 261 1055 294 accrs'riul
1094 260 1292 292 'issl‘lsszol‘l

311 331 377 375 vel
413 330 456 375 in
480 329 573 391 ipsa
607 328 940 384 cruciarentur,
982 328 1048 374 xcl
1082 328 1122 373 in
1165 332 1255 387 ejus
1283 338 1398 373 tauta
1437 327 1687 373 infirmitate

310 409 635 464 premerentur,
658 398 724 444 vel
755 399 812 444 eis
842 399 1036 445 accidere
1067 399 1111 443 in
1132 398 1203 443 illa
1242 408 1365 443 atate
1394 397 1494 442 mali
1525 397 1689 460 aliquid

311 480 455 533 posset
478 506 487 523 ,
521 469 553 514 si
574 479 728 514 natura
758 469 952 515 humana
979 470 1087 514 sicut
1107 469 1301 514 instituta
1328 467 1491 524 suerat,
1515 485 1689 531 perma-

313 550 445 586 neret.
463 539 757 585 (tm-exsufflet
770 539 1055 602 baptizandos
1080 539 1286 602 parvulos
1305 539 1492 583 Ecclesia
1507 537 1689 594 Christi,

311 609 504 666 ostende,
528 609 562 655 si
580 619 700 672 potes
719 631 728 665 3
759 620 832 654 aut
855 627 925 655 eos
944 609 1232 655 exsufflandos
1255 626 1341 654 non
1356 626 1440 653 esse
1457 607 1687 663 contende,

312 681 346 726 si
359 690 508 743 potes;
537 690 612 725 aut
641 680 916 737 obmutesce,
946 682 979 727 si
1003 698 1090 727 non
1117 691 1238 744 potes
1261 698 1271 724 ε
1299 680 1386 725 imo
1411 680 1688 734 obmutesce,

309 753 413 815 quia
432 768 518 796 non
536 761 671 813 potes.

378 821 598 867 CXLVII.
627 824 726 867 JUL.
759 843 778 862 c<
798 825 883 867 Pro
909 821 1159 868 conditione
1188 819 1381 866 mortalis
1404 819 1599 883 corporis
1621 820 1694 864 in-

310 902 495 940 currunt
513 902 554 937 et
578 892 887 951 ecgritudinum
908 910 1123 939 aerumnas
1143 930 1152 948 ‚
1174 902 1214 937 et
1232 890 1431 937 dolorum
1454 907 1608 954 poenas
1625 927 1636 946 ‚
1654 900 1695 935 et

310 963 505 1026 pericula
530 963 801 1010 morborum.
842 964 941 1010 Non
967 963 1105 1010 solum
1141 980 1240 1023 ergo
1278 961 1470 1025 parvulis
1499 978 1695 1007 necessa-

310 1033 419 1078 riam
440 1032 626 1088 Christi,
658 1050 682 1076 a
708 1050 795 1095 quo
827 1044 868 1078 et
898 1034 997 1079 facti
1031 1045 1158 1090 sunt,
1194 1032 1454 1077 medicinam
1482 1032 1696 1088 fatemur;

308 1102 382 1149 sed
406 1103 535 1148 etiam
562 1102 756 1148 omnium
780 1104 1027 1150 mortalium
1049 1115 1232 1150 naturam
1252 1126 1270 1145 ›>

383 1176 501 1220 Arc.
533 1173 647 1233 Ergo
663 1184 704 1218 et
728 1174 772 1219 in
790 1175 994 1238 paradiso
1016 1176 1159 1221 omnia
1179 1176 1259 1220 ista
1281 1175 1391 1220 mala
1410 1174 1556 1220 futura
1571 1172 1699 1219 fuisse

312 1243 488 1291 creditis
508 1280 520 1300 ,
549 1243 582 1289 si
607 1260 734 1289 nemo
758 1256 977 1307 peccasset
998 1266 1008 1300 3
1050 1257 1091 1291 et
1128 1257 1286 1291 mortes
1312 1245 1398 1291 illic
1431 1245 1663 1290 hominum
1684 1280 1694 1300 ‚

313 1326 526 1378 tanquam
546 1330 757 1376 pecorum
775 1352 786 1371 ‚
815 1316 1030 1375 cogitatis,
1056 1316 1156 1378 quia
1177 1316 1380 1361 omnibus
1410 1315 1472 1360 ihi
1498 1329 1699 1360 commu-

312 1402 412 1431 nem
435 1384 745 1430 mortalitatem
772 1402 1009 1449 corporum
1047 1386 1234 1432 creditis.
1268 1386 1306 1432 O
1333 1386 1473 1430 miseri
1492 1423 1503 1441 ,
1531 1385 1565 1429 si
1591 1385 1700 1429 bea-

311 1454 546 1501 titudinem
578 1454 666 1499 loci
696 1455 812 1500 illius
847 1456 1097 1503 Christiano
1131 1456 1374 1515 cogitaretis
1405 1456 1586 1509 affectu3
1623 1471 1701 1499 nec

315 1526 475 1572 bestias
500 1525 561 1571 ibi
575 1525 806 1572 morituras
817 1526 944 1573 fuisse
965 1528 1210 1583 crederetis,
1236 1529 1346 1573 sicut
1366 1544 1444 1572 nec
1460 1527 1700 1579 saevituras;

315 1597 389 1644 sed
413 1597 670 1643 hominibus
687 1597 881 1644 mirabili
908 1599 1238 1645 mansuetu‹.line
1264 1599 1477 1654 subditas,
1503 1615 1580 1644 nec
1601 1615 1703 1661 pas-

318 1679 415 1714 tum
452 1667 506 1713 de
540 1667 715 1713 alternis
751 1669 966 1715 mortibus
1001 1670 1290 1733 quresituras,
1332 1670 1404 1715 sed
1432 1669 1700 1724 communia,

317 1739 429 1786 sicut
452 1739 662 1801 scriptum
692 1749 771 1796 est,
798 1757 899 1786 cum
920 1741 1176 1787 hominibus
1189 1740 1391 1786 alimenta
1409 1738 1697 1803 sumptim-as⁵·.

321 1813 410 1858 Aut
433 1809 468 1855 si
489 1826 557 1855 eas
585 1809 739 1855 ultima
773 1822 941 1857 senecta
973 1810 1247 1869 dissolveret,
1277 1821 1323 1857 ut
1346 1811 1431 1857 sola
1458 1811 1522 1856 ibi
1550 1821 1705 1856 natura

318 1881 517 1927 humana
558 1879 692 1926 vitam
730 1881 968 1944 possideret
1004 1893 1239 1937 aetcrna111;
1266 1900 1448 1928 curnon
1481 1881 1707 1927 credamus

320 1951 441 2015 quod
462 1949 737 1996 auferrentur
763 1951 816 1996 de
841 1952 1046 2015 paradiso
1065 1953 1290 1999 moriturae
1310 1991 1321 2007 ‚
1357 1953 1425 1998 vel
1454 1951 1554 1998 inde
1583 1966 1706 1997 sensu

325 2020 592 2069 imminentis
617 2021 768 2067 mortis
796 2023 984 2080 exirent,
1014 2041 1066 2069 ne
1100 2041 1214 2069 mors
1241 2025 1445 2088 cuiquam
1473 2023 1633 2069 viventi
1662 2022 1708 2067 in

327 2092 426 2138 loco
450 2092 553 2137 vitae
585 2091 701 2137 illius
731 2093 950 2139 eveniret.D
982 2094 1092 2139 Nam
1119 2112 1258 2157 neque
1282 2095 1362 2157 ipsi
1392 2094 1467 2157 qui
1491 2109 1705 2155 peccave--

322 2174 422 2209 rant
450 2161 679 2218 homines,
718 2163 829 2208 mori
861 2165 1122 2227 potuissent,
1158 2166 1189 2210 si
1229 2183 1316 2210 non
1348 2165 1400 2210 de
1436 2163 1708 2209 habitatione

325 2245 460 2280 tantae
487 2232 721 2289 felicitatis,
743 2234 897 2280 merito
917 2235 1157 2299 iniquitatis
1176 2236 1366 2291 exissent.

391 2303 634 2350 CXLVIII.
675 2304 778 2350 Jor.
827 2306 1006 2366 «Cujus
1044 2307 1316 2352 infirmitates
1348 2317 1393 2353 ut
1431 2307 1472 2352 in
1506 2304 1710 2369 praesc-nti

324 2377 417 2422 vita
441 2374 610 2420 diverso
648 2375 938 2422 remediorum
986 2396 1137 2438 genere
1182 2379 1450 2433 mitescunt,
1488 2378 1547 2422 ita
1580 2377 1709 2421 etiam

324 2447 468 2510 plene,
493 2446 769 2504 injustorum
799 2457 943 2496 tamen
969 2450 1247 2513 corporibus,
1277 2448 1600 2498 resurrectionis
1615 2464 1710 2497 eva-

325 2518 579 2564 cuabuntur
609 2515 813 2566 adventu.
838 2540 857 2561 υ

373 2603 381 2626 ¹
401 2603 483 2635 Gen.
510 2612 537 2640 1,
554 2602 603 2632 30.
