<?xml version="1.0" encoding="UTF-8"?>
<!DOCTYPE html PUBLIC "-//W3C//DTD XHTML 1.0 Transitional//EN"
    "http://www.w3.org/TR/xhtml1/DTD/xhtml1-transitional.dtd">
<html xmlns="http://www.w3.org/1999/xhtml" xml:lang="en" lang="en">
 <head>
  <title>
</title>
<meta http-equiv="Content-Type" content="text/html;charset=utf-8" />
  <meta name='ocr-system' content='tesseract 3.04.00' />
  <meta name='ocr-capabilities' content='ocr_page ocr_carea ocr_par ocr_line ocrx_word'/>
</head>
<body>
  <div class='ocr_page' id='page_1' title='image "./operaomniaaccura37auguuoft/operaomniaaccura37auguuoft_0229.png"; bbox 0 0 1863 3262; ppageno 0'>
   <div class='ocr_carea' id='block_1_1' title="bbox 137 264 1477 314">
    <p class='ocr_par' dir='ltr' id='par_1_1' title="bbox 137 264 1477 314">
     <span class='ocr_line' id='line_1_1' title="bbox 137 264 1477 314; baseline -0.001 -16"><span class='ocrx_word' id='word_1_1' title='bbox 137 267 293 298; x_wconf 82' lang='lat' dir='ltr'><strong>OPERIS</strong></span> <span class='ocrx_word' id='word_1_2' title='bbox 330 265 593 296; x_wconf 83' lang='lat' dir='ltr'><strong>IMPERFECTI</strong></span> <span class='ocrx_word' id='word_1_3' title='bbox 633 264 814 295; x_wconf 86' lang='lat' dir='ltr'>CONTRA</span> <span class='ocrx_word' id='word_1_4' title='bbox 852 264 1100 307; x_wconf 77' lang='lat' dir='ltr'><strong>JULIANUM,</strong></span> <span class='ocrx_word' id='word_1_5' title='bbox 1141 266 1228 297; x_wconf 87' lang='lat' dir='ltr'><strong>LlB.</strong></span> <span class='ocrx_word' id='word_1_6' title='bbox 1274 265 1331 296; x_wconf 86' lang='lat' dir='ltr'><strong>IV.</strong></span> <span class='ocrx_word' id='word_1_7' title='bbox 1385 265 1477 314; x_wconf 76' lang='lat'><strong>219</strong></span> 
     </span>
    </p>
   </div>
   <div class='ocr_carea' id='block_1_2' title="bbox 93 329 1536 2574">
    <p class='ocr_par' dir='ltr' id='par_1_2' title="bbox 93 329 1482 1802">
     <span class='ocr_line' id='line_1_2' title="bbox 98 329 1472 393; baseline -0.003 -14"><span class='ocrx_word' id='word_1_8' title='bbox 98 331 354 379; x_wconf 86' lang='lat' dir='ltr'><strong>clarissimos</strong></span> <span class='ocrx_word' id='word_1_9' title='bbox 367 330 560 386; x_wconf 82' lang='lat' dir='ltr'><strong>comites,</strong></span> <span class='ocrx_word' id='word_1_10' title='bbox 582 346 669 375; x_wconf 92' lang='lat' dir='ltr'><strong>non</strong></span> <span class='ocrx_word' id='word_1_11' title='bbox 694 329 833 375; x_wconf 83' lang='lat' dir='ltr'><strong>solum</strong></span> <span class='ocrx_word' id='word_1_12' title='bbox 866 329 1112 392; x_wconf 78' lang='lat' dir='ltr'><strong>Prophetas</strong></span> <span class='ocrx_word' id='word_1_13' title='bbox 1148 340 1191 375; x_wconf 89' lang='lat' dir='ltr'><strong>et</strong></span> <span class='ocrx_word' id='word_1_14' title='bbox 1223 330 1472 393; x_wconf 78' lang='lat' dir='ltr'><strong>Apostolos,</strong></span> 
     </span>
     <span class='ocr_line' id='line_1_3' title="bbox 96 399 1478 466; baseline -0.004 -16"><span class='ocrx_word' id='word_1_15' title='bbox 96 419 285 466; x_wconf 89' lang='lat' dir='ltr'><strong>quorum</strong></span> <span class='ocrx_word' id='word_1_16' title='bbox 318 401 485 446; x_wconf 87' lang='lat' dir='ltr'><strong>conaris</strong></span> <span class='ocrx_word' id='word_1_17' title='bbox 508 416 731 462; x_wconf 85' lang='lat' dir='ltr'><strong>perversus</strong></span> <span class='ocrx_word' id='word_1_18' title='bbox 765 399 881 446; x_wconf 86' lang='lat' dir='ltr'><strong>dicta</strong></span> <span class='ocrx_word' id='word_1_19' title='bbox 902 409 1170 462; x_wconf 87' lang='lat' dir='ltr'><strong>pervertere;</strong></span> <span class='ocrx_word' id='word_1_20' title='bbox 1194 401 1478 446; x_wconf 82' lang='lat' dir='ltr'>verumetiam</span> 
     </span>
     <span class='ocr_line' id='line_1_4' title="bbox 97 470 1474 537; baseline -0.002 -18"><span class='ocrx_word' id='word_1_21' title='bbox 97 472 352 537; x_wconf 85' lang='lat' dir='ltr'><strong>posteriores</strong></span> <span class='ocrx_word' id='word_1_22' title='bbox 366 470 566 517; x_wconf 80' lang='lat' dir='ltr'><strong>Ecclesiae</strong></span> <span class='ocrx_word' id='word_1_23' title='bbox 584 487 671 516; x_wconf 80' lang='lat' dir='ltr'><strong>suae</strong></span> <span class='ocrx_word' id='word_1_24' title='bbox 689 470 900 516; x_wconf 84' lang='lat' dir='ltr'><strong>doctores.</strong></span> <span class='ocrx_word' id='word_1_25' title='bbox 923 471 1157 524; x_wconf 65' lang='lat' dir='ltr'><strong>Irenaeum,</strong></span> <span class='ocrx_word' id='word_1_26' title='bbox 1181 470 1474 532; x_wconf 71' lang='lat' dir='ltr'><strong>Cyprianum,</strong></span> 
     </span>
     <span class='ocr_line' id='line_1_5' title="bbox 99 540 1476 600; baseline -0.001 -12"><span class='ocrx_word' id='word_1_27' title='bbox 99 542 331 598; x_wconf 81' lang='lat' dir='ltr'><strong>Hilarium,</strong></span> <span class='ocrx_word' id='word_1_28' title='bbox 358 540 656 596; x_wconf 84' lang='lat' dir='ltr'><strong>Ambrosium,</strong></span> <span class='ocrx_word' id='word_1_29' title='bbox 689 541 966 600; x_wconf 82' lang='lat' dir='ltr'><strong>Gregorium,</strong></span> <span class='ocrx_word' id='word_1_30' title='bbox 995 540 1220 595; x_wconf 77' lang='lat' dir='ltr'><strong>Basiliam,</strong></span> <span class='ocrx_word' id='word_1_31' title='bbox 1243 542 1476 597; x_wconf 85' lang='lat' dir='ltr'><strong>Joannem,</strong></span> 
     </span>
     <span class='ocr_line' id='line_1_6' title="bbox 99 609 1479 675; baseline -0.001 -18"><span class='ocrx_word' id='word_1_32' title='bbox 99 612 289 675; x_wconf 87' lang='lat' dir='ltr'><strong>aliosque</strong></span> <span class='ocrx_word' id='word_1_33' title='bbox 312 610 542 674; x_wconf 81' lang='lat' dir='ltr'><strong>plurimos,</strong></span> <span class='ocrx_word' id='word_1_34' title='bbox 572 609 658 656; x_wconf 75' lang='lat' dir='ltr'><strong>fide</strong></span> <span class='ocrx_word' id='word_1_35' title='bbox 685 610 1001 670; x_wconf 78' lang='lat' dir='ltr'><strong>integerrimos,</strong></span> <span class='ocrx_word' id='word_1_36' title='bbox 1030 610 1200 670; x_wconf 84' lang='lat' dir='ltr'><strong>ingenio</strong></span> <span class='ocrx_word' id='word_1_37' title='bbox 1233 610 1479 668; x_wconf 86' lang='lat' dir='ltr'><strong>acerrimos,</strong></span> 
     </span>
     <span class='ocr_line' id='line_1_7' title="bbox 97 680 1480 743; baseline -0.001 -16"><span class='ocrx_word' id='word_1_38' title='bbox 97 681 297 727; x_wconf 87' lang='lat' dir='ltr'><strong>doctrina</strong></span> <span class='ocrx_word' id='word_1_39' title='bbox 317 680 577 735; x_wconf 87' lang='lat' dir='ltr'><strong>uberrimos,</strong></span> <span class='ocrx_word' id='word_1_40' title='bbox 603 681 717 726; x_wconf 83' lang='lat' dir='ltr'><strong>fama</strong></span> <span class='ocrx_word' id='word_1_41' title='bbox 741 681 1043 727; x_wconf 87' lang='lat' dir='ltr'><strong>celeberrimos</strong></span> <span class='ocrx_word' id='word_1_42' title='bbox 1063 698 1073 725; x_wconf 91' lang='lat'><strong>:</strong></span> <span class='ocrx_word' id='word_1_43' title='bbox 1100 681 1177 743; x_wconf 89' lang='lat' dir='ltr'><strong>qui</strong></span> <span class='ocrx_word' id='word_1_44' title='bbox 1197 697 1344 726; x_wconf 87' lang='lat' dir='ltr'><strong>omnes</strong></span> <span class='ocrx_word' id='word_1_45' title='bbox 1363 681 1480 726; x_wconf 85' lang='lat' dir='ltr'><strong>salva</strong></span> 
     </span>
     <span class='ocr_line' id='line_1_8' title="bbox 94 751 1479 815; baseline -0.001 -18"><span class='ocrx_word' id='word_1_46' title='bbox 94 751 223 801; x_wconf 77' lang='lat' dir='ltr'><strong>laude</strong></span> <span class='ocrx_word' id='word_1_47' title='bbox 242 768 479 815; x_wconf 83' lang='lat' dir='ltr'><strong>corporum</strong></span> <span class='ocrx_word' id='word_1_48' title='bbox 494 763 535 796; x_wconf 89' lang='lat' dir='ltr'><strong>et</strong></span> <span class='ocrx_word' id='word_1_49' title='bbox 554 753 823 815; x_wconf 82' lang='lat' dir='ltr'><strong>nuptiarum,</strong></span> <span class='ocrx_word' id='word_1_50' title='bbox 847 752 1140 798; x_wconf 84' lang='lat' dir='ltr'><strong>confessisunt</strong></span> <span class='ocrx_word' id='word_1_51' title='bbox 1152 751 1360 810; x_wconf 81' lang='lat' dir='ltr'><strong>originale</strong></span> <span class='ocrx_word' id='word_1_52' title='bbox 1378 768 1479 814; x_wconf 87' lang='lat' dir='ltr'><strong>pec-</strong></span> 
     </span>
     <span class='ocr_line' id='line_1_9' title="bbox 96 821 1479 885; baseline -0.002 -16"><span class='ocrx_word' id='word_1_53' title='bbox 96 833 261 878; x_wconf 88' lang='lat' dir='ltr'><strong>catum,</strong></span> <span class='ocrx_word' id='word_1_54' title='bbox 281 822 459 868; x_wconf 87' lang='lat' dir='ltr'><strong>scientes</strong></span> <span class='ocrx_word' id='word_1_55' title='bbox 481 822 725 877; x_wconf 77' lang='lat' dir='ltr'><strong>Christum,</strong></span> <span class='ocrx_word' id='word_1_56' title='bbox 751 822 871 885; x_wconf 86' lang='lat' dir='ltr'><strong>quod</strong></span> <span class='ocrx_word' id='word_1_57' title='bbox 890 822 1024 884; x_wconf 87' lang='lat' dir='ltr'><strong>impie</strong></span> <span class='ocrx_word' id='word_1_58' title='bbox 1046 838 1119 868; x_wconf 88' lang='lat' dir='ltr'><strong>vos</strong></span> <span class='ocrx_word' id='word_1_59' title='bbox 1139 821 1319 881; x_wconf 86' lang='lat' dir='ltr'><strong>negatis,</strong></span> <span class='ocrx_word' id='word_1_60' title='bbox 1349 822 1479 867; x_wconf 87' lang='lat' dir='ltr'><strong>etiam</strong></span> 
     </span>
     <span class='ocr_line' id='line_1_10' title="bbox 95 890 1479 955; baseline -0.001 -17"><span class='ocrx_word' id='word_1_61' title='bbox 95 892 379 955; x_wconf 85' lang='lat' dir='ltr'><strong>parvulorum</strong></span> <span class='ocrx_word' id='word_1_62' title='bbox 407 908 493 936; x_wconf 91' lang='lat' dir='ltr'><strong>esse</strong></span> <span class='ocrx_word' id='word_1_63' title='bbox 513 892 675 938; x_wconf 86' lang='lat' dir='ltr'><strong>Jesum.</strong></span> <span class='ocrx_word' id='word_1_64' title='bbox 695 893 793 955; x_wconf 88' lang='lat' dir='ltr'><strong>Ipse</strong></span> <span class='ocrx_word' id='word_1_65' title='bbox 821 892 937 937; x_wconf 88' lang='lat' dir='ltr'><strong>enim</strong></span> <span class='ocrx_word' id='word_1_66' title='bbox 961 891 1126 938; x_wconf 86' lang='lat' dir='ltr'><strong>salvum</strong></span> <span class='ocrx_word' id='word_1_67' title='bbox 1145 890 1479 954; x_wconf 84' lang='lat' dir='ltr'><strong>facitpopulum</strong></span> 
     </span>
     <span class='ocr_line' id='line_1_11' title="bbox 93 962 1476 1025; baseline -0.001 -16"><span class='ocrx_word' id='word_1_68' title='bbox 93 979 220 1013; x_wconf 87' lang='lat' dir='ltr'><strong>suum</strong></span> <span class='ocrx_word' id='word_1_69' title='bbox 240 962 276 1018; x_wconf 66' lang='lat'><strong>4,</strong></span> <span class='ocrx_word' id='word_1_70' title='bbox 294 963 338 1008; x_wconf 91' lang='lat' dir='ltr'><strong>in</strong></span> <span class='ocrx_word' id='word_1_71' title='bbox 368 978 456 1025; x_wconf 92' lang='lat' dir='ltr'><strong>quo</strong></span> <span class='ocrx_word' id='word_1_72' title='bbox 475 972 517 1007; x_wconf 88' lang='lat' dir='ltr'><strong>et</strong></span> <span class='ocrx_word' id='word_1_73' title='bbox 539 962 602 1007; x_wconf 92' lang='lat' dir='ltr'><strong>illi</strong></span> <span class='ocrx_word' id='word_1_74' title='bbox 633 963 802 1025; x_wconf 85' lang='lat' dir='ltr'><strong>parvuli</strong></span> <span class='ocrx_word' id='word_1_75' title='bbox 817 973 934 1018; x_wconf 82' lang='lat' dir='ltr'><strong>sunt,</strong></span> <span class='ocrx_word' id='word_1_76' title='bbox 963 979 1051 1008; x_wconf 89' lang='lat' dir='ltr'><strong>non</strong></span> <span class='ocrx_word' id='word_1_77' title='bbox 1079 980 1103 1007; x_wconf 86' lang='lat' dir='ltr'><strong>a</strong></span> <span class='ocrx_word' id='word_1_78' title='bbox 1134 962 1332 1008; x_wconf 83' lang='lat' dir='ltr'><strong>febribus</strong></span> <span class='ocrx_word' id='word_1_79' title='bbox 1357 962 1476 1007; x_wconf 89' lang='lat' dir='ltr'><strong>aliis-</strong></span> 
     </span>
     <span class='ocr_line' id='line_1_12' title="bbox 93 1031 1478 1096; baseline -0.001 -18"><span class='ocrx_word' id='word_1_80' title='bbox 93 1049 180 1095; x_wconf 80' lang='lat' dir='ltr'><strong>que</strong></span> <span class='ocrx_word' id='word_1_81' title='bbox 195 1031 450 1092; x_wconf 87' lang='lat' dir='ltr'><strong>hujusmodi</strong></span> <span class='ocrx_word' id='word_1_82' title='bbox 466 1032 660 1095; x_wconf 88' lang='lat' dir='ltr'><strong>pestibus</strong></span> <span class='ocrx_word' id='word_1_83' title='bbox 671 1043 800 1096; x_wconf 83' lang='lat' dir='ltr'><strong>atque</strong></span> <span class='ocrx_word' id='word_1_84' title='bbox 813 1033 1005 1085; x_wconf 83' lang='lat' dir='ltr'><strong>casibus,</strong></span> <span class='ocrx_word' id='word_1_85' title='bbox 1021 1032 1140 1095; x_wconf 90' lang='lat' dir='ltr'><strong>quod</strong></span> <span class='ocrx_word' id='word_1_86' title='bbox 1153 1043 1193 1078; x_wconf 86' lang='lat' dir='ltr'><strong>et</strong></span> <span class='ocrx_word' id='word_1_87' title='bbox 1210 1050 1298 1077; x_wconf 82' lang='lat' dir='ltr'><strong>non</strong></span> <span class='ocrx_word' id='word_1_88' title='bbox 1321 1032 1478 1077; x_wconf 85' lang='lat' dir='ltr'><strong>Chris-</strong></span> 
     </span>
     <span class='ocr_line' id='line_1_13' title="bbox 96 1102 1474 1165; baseline 0 -17"><span class='ocrx_word' id='word_1_89' title='bbox 96 1103 219 1148; x_wconf 81' lang='lat' dir='ltr'><strong>tianis</strong></span> <span class='ocrx_word' id='word_1_90' title='bbox 238 1102 482 1148; x_wconf 80' lang='lat' dir='ltr'><strong>abundanti</strong></span> <span class='ocrx_word' id='word_1_91' title='bbox 504 1119 632 1165; x_wconf 84' lang='lat' dir='ltr'><strong>super</strong></span> <span class='ocrx_word' id='word_1_92' title='bbox 656 1120 826 1148; x_wconf 88' lang='lat' dir='ltr'><strong>omnem</strong></span> <span class='ocrx_word' id='word_1_93' title='bbox 854 1121 1026 1148; x_wconf 85' lang='lat' dir='ltr'><strong>carnem</strong></span> <span class='ocrx_word' id='word_1_94' title='bbox 1041 1103 1236 1148; x_wconf 87' lang='lat' dir='ltr'><strong>bonitate</strong></span> <span class='ocrx_word' id='word_1_95' title='bbox 1253 1103 1437 1163; x_wconf 85' lang='lat' dir='ltr'><strong>largitur</strong></span> <span class='ocrx_word' id='word_1_96' title='bbox 1461 1123 1474 1157; x_wconf 90' lang='lat'>;</span> 
     </span>
     <span class='ocr_line' id='line_1_14' title="bbox 95 1172 1478 1236; baseline 0 -18"><span class='ocrx_word' id='word_1_97' title='bbox 95 1172 166 1222; x_wconf 86' lang='lat' dir='ltr'><strong>sed</strong></span> <span class='ocrx_word' id='word_1_98' title='bbox 183 1173 295 1218; x_wconf 89' lang='lat' dir='ltr'><strong>sicut</strong></span> <span class='ocrx_word' id='word_1_99' title='bbox 322 1172 612 1227; x_wconf 80' lang='lat' dir='ltr'><strong>Christianos,</strong></span> <span class='ocrx_word' id='word_1_100' title='bbox 642 1191 664 1218; x_wconf 85' lang='lat' dir='ltr'><strong>a</strong></span> <span class='ocrx_word' id='word_1_101' title='bbox 688 1174 877 1236; x_wconf 84' lang='lat' dir='ltr'><strong>peccatis</strong></span> <span class='ocrx_word' id='word_1_102' title='bbox 892 1191 1058 1220; x_wconf 88' lang='lat' dir='ltr'><strong>eorum.</strong></span> <span class='ocrx_word' id='word_1_103' title='bbox 1092 1174 1183 1218; x_wconf 87' lang='lat' dir='ltr'><strong>Hos</strong></span> <span class='ocrx_word' id='word_1_104' title='bbox 1200 1183 1319 1219; x_wconf 87' lang='lat' dir='ltr'><strong>totet</strong></span> <span class='ocrx_word' id='word_1_105' title='bbox 1338 1184 1478 1218; x_wconf 87' lang='lat' dir='ltr'><strong>tantos</strong></span> 
     </span>
     <span class='ocr_line' id='line_1_15' title="bbox 97 1243 1478 1307; baseline -0.001 -18"><span class='ocrx_word' id='word_1_106' title='bbox 97 1243 328 1290; x_wconf 83' lang='lat' dir='ltr'><strong>catholicae</strong></span> <span class='ocrx_word' id='word_1_107' title='bbox 356 1243 561 1289; x_wconf 80' lang='lat' dir='ltr'><strong>Ecclesiae</strong></span> <span class='ocrx_word' id='word_1_108' title='bbox 589 1243 699 1289; x_wconf 84' lang='lat' dir='ltr'><strong>filios</strong></span> <span class='ocrx_word' id='word_1_109' title='bbox 716 1255 758 1289; x_wconf 89' lang='lat' dir='ltr'><strong>et</strong></span> <span class='ocrx_word' id='word_1_110' title='bbox 782 1256 943 1307; x_wconf 86' lang='lat' dir='ltr'><strong>patres,</strong></span> <span class='ocrx_word' id='word_1_111' title='bbox 978 1246 1054 1307; x_wconf 91' lang='lat' dir='ltr'><strong>qui</strong></span> <span class='ocrx_word' id='word_1_112' title='bbox 1078 1244 1165 1289; x_wconf 90' lang='lat' dir='ltr'><strong>hoc</strong></span> <span class='ocrx_word' id='word_1_113' title='bbox 1190 1261 1284 1289; x_wconf 86' lang='lat' dir='ltr'><strong>eam</strong></span> <span class='ocrx_word' id='word_1_114' title='bbox 1319 1245 1364 1290; x_wconf 92' lang='lat' dir='ltr'><strong>in</strong></span> <span class='ocrx_word' id='word_1_115' title='bbox 1387 1247 1478 1302; x_wconf 85' lang='lat' dir='ltr'><strong>ejus</strong></span> 
     </span>
     <span class='ocr_line' id='line_1_16' title="bbox 95 1313 1475 1377; baseline -0.001 -18"><span class='ocrx_word' id='word_1_116' title='bbox 95 1313 225 1377; x_wconf 87' lang='lat' dir='ltr'><strong>positi</strong></span> <span class='ocrx_word' id='word_1_117' title='bbox 249 1313 438 1360; x_wconf 89' lang='lat' dir='ltr'><strong>culmine</strong></span> <span class='ocrx_word' id='word_1_118' title='bbox 456 1313 717 1367; x_wconf 85' lang='lat' dir='ltr'><strong>docuerunt,</strong></span> <span class='ocrx_word' id='word_1_119' title='bbox 737 1314 856 1376; x_wconf 89' lang='lat' dir='ltr'><strong>quod</strong></span> <span class='ocrx_word' id='word_1_120' title='bbox 879 1315 924 1359; x_wconf 88' lang='lat' dir='ltr'><strong>in</strong></span> <span class='ocrx_word' id='word_1_121' title='bbox 941 1318 1032 1374; x_wconf 85' lang='lat' dir='ltr'><strong>ejus</strong></span> <span class='ocrx_word' id='word_1_122' title='bbox 1056 1315 1188 1359; x_wconf 87' lang='lat' dir='ltr'><strong>ubere</strong></span> <span class='ocrx_word' id='word_1_123' title='bbox 1207 1314 1475 1370; x_wconf 87' lang='lat' dir='ltr'><strong>didicerunt,</strong></span> 
     </span>
     <span class='ocr_line' id='line_1_17' title="bbox 96 1383 1481 1448; baseline 0.001 -19"><span class='ocrx_word' id='word_1_124' title='bbox 96 1383 365 1438; x_wconf 81' lang='lat' dir='ltr'><strong>Manichaeos</strong></span> <span class='ocrx_word' id='word_1_125' title='bbox 388 1383 531 1430; x_wconf 85' lang='lat' dir='ltr'><strong>dicere</strong></span> <span class='ocrx_word' id='word_1_126' title='bbox 545 1401 634 1429; x_wconf 89' lang='lat' dir='ltr'><strong>non</strong></span> <span class='ocrx_word' id='word_1_127' title='bbox 649 1383 901 1430; x_wconf 81' lang='lat' dir='ltr'><strong>reformidas</strong></span> <span class='ocrx_word' id='word_1_128' title='bbox 914 1402 924 1440; x_wconf 79' lang='lat'><em>3</em></span> <span class='ocrx_word' id='word_1_129' title='bbox 939 1395 980 1430; x_wconf 87' lang='lat' dir='ltr'><strong>et</strong></span> <span class='ocrx_word' id='word_1_130' title='bbox 999 1402 1099 1430; x_wconf 88' lang='lat' dir='ltr'><strong>cum</strong></span> <span class='ocrx_word' id='word_1_131' title='bbox 1114 1403 1181 1430; x_wconf 90' lang='lat' dir='ltr'><strong>me</strong></span> <span class='ocrx_word' id='word_1_132' title='bbox 1202 1402 1337 1431; x_wconf 89' lang='lat' dir='ltr'><strong>unum</strong></span> <span class='ocrx_word' id='word_1_133' title='bbox 1355 1384 1481 1448; x_wconf 89' lang='lat' dir='ltr'><strong>quasi</strong></span> 
     </span>
     <span class='ocr_line' id='line_1_18' title="bbox 96 1453 1476 1518; baseline 0 -18"><span class='ocrx_word' id='word_1_134' title='bbox 96 1464 242 1517; x_wconf 84' lang='lat' dir='ltr'><strong>aperte</strong></span> <span class='ocrx_word' id='word_1_135' title='bbox 263 1453 449 1517; x_wconf 84' lang='lat' dir='ltr'><strong>appetis,</strong></span> <span class='ocrx_word' id='word_1_136' title='bbox 479 1454 575 1499; x_wconf 91' lang='lat' dir='ltr'><strong>illos</strong></span> <span class='ocrx_word' id='word_1_137' title='bbox 596 1465 761 1517; x_wconf 84' lang='lat' dir='ltr'><strong>quanto</strong></span> <span class='ocrx_word' id='word_1_138' title='bbox 787 1455 1028 1518; x_wconf 85' lang='lat' dir='ltr'><strong>obliquius,</strong></span> <span class='ocrx_word' id='word_1_139' title='bbox 1050 1466 1171 1502; x_wconf 85' lang='lat' dir='ltr'><strong>tanto</strong></span> <span class='ocrx_word' id='word_1_140' title='bbox 1203 1455 1476 1502; x_wconf 87' lang='lat' dir='ltr'><strong>insidiosius:</strong></span> 
     </span>
     <span class='ocr_line' id='line_1_19' title="bbox 95 1524 1481 1587; baseline 0.001 -18"><span class='ocrx_word' id='word_1_141' title='bbox 95 1534 136 1570; x_wconf 88' lang='lat' dir='ltr'><strong>et</strong></span> <span class='ocrx_word' id='word_1_142' title='bbox 162 1534 329 1587; x_wconf 86' lang='lat' dir='ltr'><strong>quanto</strong></span> <span class='ocrx_word' id='word_1_143' title='bbox 351 1524 614 1580; x_wconf 85' lang='lat' dir='ltr'><strong>insidiosius,</strong></span> <span class='ocrx_word' id='word_1_144' title='bbox 640 1535 758 1570; x_wconf 89' lang='lat' dir='ltr'><strong>tanto</strong></span> <span class='ocrx_word' id='word_1_145' title='bbox 784 1525 1002 1572; x_wconf 82' lang='lat' dir='ltr'><strong>scelestius</strong></span> <span class='ocrx_word' id='word_1_146' title='bbox 1040 1525 1296 1573; x_wconf 86' lang='lat' dir='ltr'><strong>criminaris.</strong></span> <span class='ocrx_word' id='word_1_147' title='bbox 1322 1525 1373 1570; x_wconf 88' lang='lat' dir='ltr'><strong>In</strong></span> <span class='ocrx_word' id='word_1_148' title='bbox 1393 1525 1481 1570; x_wconf 92' lang='lat' dir='ltr'><strong>hoc</strong></span> 
     </span>
     <span class='ocr_line' id='line_1_20' title="bbox 95 1595 1482 1649; baseline 0.001 -9"><span class='ocrx_word' id='word_1_149' title='bbox 95 1605 217 1640; x_wconf 88' lang='lat' dir='ltr'><strong>tanto</strong></span> <span class='ocrx_word' id='word_1_150' title='bbox 240 1595 413 1649; x_wconf 88' lang='lat' dir='ltr'><strong>scelere,</strong></span> <span class='ocrx_word' id='word_1_151' title='bbox 443 1605 516 1647; x_wconf 85' lang='lat' dir='ltr'><strong>tua</strong></span> <span class='ocrx_word' id='word_1_152' title='bbox 539 1606 577 1641; x_wconf 92' lang='lat' dir='ltr'><strong>te</strong></span> <span class='ocrx_word' id='word_1_153' title='bbox 598 1597 777 1642; x_wconf 88' lang='lat' dir='ltr'><strong>omnino</strong></span> <span class='ocrx_word' id='word_1_154' title='bbox 790 1597 921 1643; x_wconf 85' lang='lat' dir='ltr'><strong>verba</strong></span> <span class='ocrx_word' id='word_1_155' title='bbox 935 1598 1219 1643; x_wconf 88' lang='lat' dir='ltr'><strong>convincunt.</strong></span> <span class='ocrx_word' id='word_1_156' title='bbox 1245 1598 1278 1640; x_wconf 67' lang='lat' dir='ltr'>N</span> <span class='ocrx_word' id='word_1_157' title='bbox 1287 1613 1344 1641; x_wconf 86' lang='lat' dir='ltr'><strong>on</strong></span> <span class='ocrx_word' id='word_1_158' title='bbox 1366 1596 1482 1641; x_wconf 88' lang='lat' dir='ltr'><strong>enim</strong></span> 
     </span>
     <span class='ocr_line' id='line_1_21' title="bbox 95 1665 1482 1731; baseline 0.001 -21"><span class='ocrx_word' id='word_1_159' title='bbox 95 1665 207 1711; x_wconf 89' lang='lat' dir='ltr'><strong>mihi</strong></span> <span class='ocrx_word' id='word_1_160' title='bbox 230 1667 289 1711; x_wconf 90' lang='lat' dir='ltr'><strong>ob</strong></span> <span class='ocrx_word' id='word_1_161' title='bbox 316 1666 434 1712; x_wconf 88' lang='lat' dir='ltr'><strong>aliud</strong></span> <span class='ocrx_word' id='word_1_162' title='bbox 459 1677 544 1712; x_wconf 88' lang='lat' dir='ltr'><strong>tam</strong></span> <span class='ocrx_word' id='word_1_163' title='bbox 563 1667 726 1714; x_wconf 82' lang='lat' dir='ltr'><strong>nefario</strong></span> <span class='ocrx_word' id='word_1_164' title='bbox 747 1669 922 1717; x_wconf 87' lang='lat' dir='ltr'><strong>nomine</strong></span> <span class='ocrx_word' id='word_1_165' title='bbox 948 1667 1246 1723; x_wconf 86' lang='lat' dir='ltr'><strong>calumniaris,</strong></span> <span class='ocrx_word' id='word_1_166' title='bbox 1281 1667 1363 1712; x_wconf 91' lang='lat' dir='ltr'><strong>nisi</strong></span> <span class='ocrx_word' id='word_1_167' title='bbox 1377 1667 1482 1731; x_wconf 86' lang='lat' dir='ltr'><strong>quia</strong></span> 
     </span>
     <span class='ocr_line' id='line_1_22' title="bbox 96 1735 1028 1802; baseline 0.003 -19"><span class='ocrx_word' id='word_1_168' title='bbox 96 1735 149 1783; x_wconf 89' lang='lat' dir='ltr'><strong>de</strong></span> <span class='ocrx_word' id='word_1_169' title='bbox 173 1747 354 1799; x_wconf 88' lang='lat' dir='ltr'><strong>peccato</strong></span> <span class='ocrx_word' id='word_1_170' title='bbox 373 1737 572 1797; x_wconf 84' lang='lat' dir='ltr'><strong>originali</strong></span> <span class='ocrx_word' id='word_1_171' title='bbox 592 1738 693 1784; x_wconf 89' lang='lat' dir='ltr'><strong>dico</strong></span> <span class='ocrx_word' id='word_1_172' title='bbox 714 1739 834 1802; x_wconf 92' lang='lat' dir='ltr'><strong>quod</strong></span> <span class='ocrx_word' id='word_1_173' title='bbox 854 1739 1028 1786; x_wconf 83' lang='lat' dir='ltr'><strong>dicunt.</strong></span> 
     </span>
    </p>

    <p class='ocr_par' dir='ltr' id='par_1_3' title="bbox 94 1807 1486 2085">
     <span class='ocr_line' id='line_1_23' title="bbox 160 1807 1481 1872; baseline 0.002 -21"><span class='ocrx_word' id='word_1_174' title='bbox 160 1808 367 1855; x_wconf 81' lang='lat' dir='ltr'>LXXIII.</span> <span class='ocrx_word' id='word_1_175' title='bbox 395 1809 497 1855; x_wconf 81' lang='lat' dir='ltr'>JUL.</span> <span class='ocrx_word' id='word_1_176' title='bbox 529 1830 548 1850; x_wconf 88' lang='lat'><strong>&lt;‹</strong></span> <span class='ocrx_word' id='word_1_177' title='bbox 565 1809 698 1865; x_wconf 82' lang='lat' dir='ltr'><strong>Quod</strong></span> <span class='ocrx_word' id='word_1_178' title='bbox 711 1828 811 1870; x_wconf 84' lang='lat' dir='ltr'><strong>ergo</strong></span> <span class='ocrx_word' id='word_1_179' title='bbox 831 1829 853 1856; x_wconf 86' lang='lat' dir='ltr'><strong>a</strong></span> <span class='ocrx_word' id='word_1_180' title='bbox 874 1811 1050 1857; x_wconf 84' lang='lat' dir='ltr'><strong>veritate</strong></span> <span class='ocrx_word' id='word_1_181' title='bbox 1066 1808 1335 1865; x_wconf 87' lang='lat' dir='ltr'><strong>defunderis,</strong></span> <span class='ocrx_word' id='word_1_182' title='bbox 1361 1807 1481 1872; x_wconf 87' lang='lat' dir='ltr'><strong>quod</strong></span> 
     </span>
     <span class='ocr_line' id='line_1_24' title="bbox 94 1877 1486 1945; baseline 0.001 -22"><span class='ocrx_word' id='word_1_183' title='bbox 94 1877 277 1938; x_wconf 80' lang='lat' dir='ltr'><strong>fugariS,</strong></span> <span class='ocrx_word' id='word_1_184' title='bbox 304 1895 447 1924; x_wconf 79' lang='lat' dir='ltr'><strong>causae</strong></span> <span class='ocrx_word' id='word_1_185' title='bbox 470 1878 572 1926; x_wconf 83' lang='lat' dir='ltr'><strong>fecit</strong></span> <span class='ocrx_word' id='word_1_186' title='bbox 599 1880 850 1927; x_wconf 87' lang='lat' dir='ltr'><strong>deformitas</strong></span> <span class='ocrx_word' id='word_1_187' title='bbox 875 1898 1006 1945; x_wconf 86' lang='lat' dir='ltr'><strong>quam</strong></span> <span class='ocrx_word' id='word_1_188' title='bbox 1038 1880 1182 1927; x_wconf 90' lang='lat' dir='ltr'><strong>tueris.</strong></span> <span class='ocrx_word' id='word_1_189' title='bbox 1211 1884 1429 1926; x_wconf 83' lang='lat' dir='ltr'><strong>Caeterum</strong></span> <span class='ocrx_word' id='word_1_190' title='bbox 1450 1879 1486 1925; x_wconf 90' lang='lat' dir='ltr'><strong>si</strong></span> 
     </span>
     <span class='ocr_line' id='line_1_25' title="bbox 98 1947 1484 2014; baseline 0 -20"><span class='ocrx_word' id='word_1_191' title='bbox 98 1947 152 1994; x_wconf 87' lang='lat' dir='ltr'><strong>ad</strong></span> <span class='ocrx_word' id='word_1_192' title='bbox 166 1947 405 1993; x_wconf 86' lang='lat' dir='ltr'><strong>catholicos</strong></span> <span class='ocrx_word' id='word_1_193' title='bbox 425 1949 604 1995; x_wconf 87' lang='lat' dir='ltr'><strong>transire</strong></span> <span class='ocrx_word' id='word_1_194' title='bbox 629 1951 772 1999; x_wconf 83' lang='lat' dir='ltr'><strong>velles.</strong></span> <span class='ocrx_word' id='word_1_195' title='bbox 796 1961 963 2014; x_wconf 86' lang='lat' dir='ltr'><strong>quanto</strong></span> <span class='ocrx_word' id='word_1_196' title='bbox 983 1961 1090 2005; x_wconf 88' lang='lat' dir='ltr'><strong>tute,</strong></span> <span class='ocrx_word' id='word_1_197' title='bbox 1115 1951 1161 1995; x_wconf 90' lang='lat' dir='ltr'><strong>id</strong></span> <span class='ocrx_word' id='word_1_198' title='bbox 1179 1949 1297 2012; x_wconf 87' lang='lat' dir='ltr'><strong>quod</strong></span> <span class='ocrx_word' id='word_1_199' title='bbox 1316 1967 1392 1995; x_wconf 90' lang='lat' dir='ltr'><strong>nos</strong></span> <span class='ocrx_word' id='word_1_200' title='bbox 1414 1966 1484 1994; x_wconf 87' lang='lat' dir='ltr'><strong>as-</strong></span> 
     </span>
     <span class='ocr_line' id='line_1_26' title="bbox 94 2019 1148 2085; baseline 0.002 -19"><span class='ocrx_word' id='word_1_201' title='bbox 94 2019 292 2076; x_wconf 82' lang='lat' dir='ltr'><strong>serimus,</strong></span> <span class='ocrx_word' id='word_1_202' title='bbox 323 2019 559 2079; x_wconf 80' lang='lat' dir='ltr'><strong>elegantius</strong></span> <span class='ocrx_word' id='word_1_203' title='bbox 574 2023 837 2084; x_wconf 87' lang='lat' dir='ltr'><strong>exequereris</strong></span> <span class='ocrx_word' id='word_1_204' title='bbox 863 2033 904 2068; x_wconf 91' lang='lat' dir='ltr'><strong>et</strong></span> <span class='ocrx_word' id='word_1_205' title='bbox 922 2022 1107 2085; x_wconf 86' lang='lat' dir='ltr'><strong>plenius.</strong></span> <span class='ocrx_word' id='word_1_206' title='bbox 1129 2043 1148 2062; x_wconf 81' lang='lat'><strong>›&gt;</strong></span> 
     </span>
    </p>

    <p class='ocr_par' dir='ltr' id='par_1_4' title="bbox 96 2089 1536 2574">
     <span class='ocr_line' id='line_1_27' title="bbox 164 2089 1481 2154; baseline 0.001 -20"><span class='ocrx_word' id='word_1_207' title='bbox 164 2091 280 2136; x_wconf 72' lang='lat' dir='ltr'><strong>Aue.</strong></span> <span class='ocrx_word' id='word_1_208' title='bbox 321 2090 360 2136; x_wconf 89' lang='lat' dir='ltr'>O</span> <span class='ocrx_word' id='word_1_209' title='bbox 386 2089 573 2136; x_wconf 84' lang='lat' dir='ltr'><strong>frontem</strong></span> <span class='ocrx_word' id='word_1_210' title='bbox 614 2091 855 2152; x_wconf 85' lang='lat' dir='ltr'><strong>linguatam</strong></span> <span class='ocrx_word' id='word_1_211' title='bbox 873 2130 883 2149; x_wconf 89' lang='lat'><strong>,</strong></span> <span class='ocrx_word' id='word_1_212' title='bbox 931 2103 1205 2154; x_wconf 88' lang='lat' dir='ltr'><strong>mentemque</strong></span> <span class='ocrx_word' id='word_1_213' title='bbox 1248 2090 1481 2139; x_wconf 79' lang='lat' dir='ltr'><strong>caecatam!</strong></span> 
     </span>
     <span class='ocr_line' id='line_1_28' title="bbox 98 2160 1536 2225; baseline 0.001 -21"><span class='ocrx_word' id='word_1_214' title='bbox 98 2161 248 2205; x_wconf 88' lang='lat' dir='ltr'><strong>Ita-ne</strong></span> <span class='ocrx_word' id='word_1_215' title='bbox 261 2174 364 2205; x_wconf 82' lang='lat' dir='ltr'><strong>vero</strong></span> <span class='ocrx_word' id='word_1_216' title='bbox 387 2160 595 2207; x_wconf 83' lang='lat' dir='ltr'><strong>catholici</strong></span> <span class='ocrx_word' id='word_1_217' title='bbox 615 2179 703 2207; x_wconf 88' lang='lat' dir='ltr'><strong>non</strong></span> <span class='ocrx_word' id='word_1_218' title='bbox 729 2172 848 2217; x_wconf 86' lang='lat' dir='ltr'><strong>sunt,</strong></span> <span class='ocrx_word' id='word_1_219' title='bbox 878 2162 1039 2225; x_wconf 87' lang='lat' dir='ltr'><strong>quibus</strong></span> <span class='ocrx_word' id='word_1_220' title='bbox 1063 2162 1258 2207; x_wconf 80' lang='lat' dir='ltr'><strong>inhaereo</strong></span> <span class='ocrx_word' id='word_1_221' title='bbox 1286 2160 1332 2205; x_wconf 92' lang='lat' dir='ltr'><strong>in</strong></span> <span class='ocrx_word' id='word_1_222' title='bbox 1356 2160 1489 2219; x_wconf 74' lang='lat' dir='ltr'><strong>huJus</strong></span> <span class='ocrx_word' id='word_1_223' title='bbox 1534 2161 1536 2163; x_wconf 74' lang='grc'><strong>’</strong></span> 
     </span>
     <span class='ocr_line' id='line_1_29' title="bbox 97 2230 1489 2294; baseline -0.001 -18"><span class='ocrx_word' id='word_1_224' title='bbox 97 2230 200 2276; x_wconf 84' lang='lat' dir='ltr'><strong>fidei</strong></span> <span class='ocrx_word' id='word_1_225' title='bbox 234 2231 453 2286; x_wconf 87' lang='lat' dir='ltr'><strong>societate,</strong></span> <span class='ocrx_word' id='word_1_226' title='bbox 486 2248 619 2294; x_wconf 83' lang='lat' dir='ltr'><strong>quam</strong></span> <span class='ocrx_word' id='word_1_227' title='bbox 646 2244 798 2280; x_wconf 88' lang='lat' dir='ltr'><strong>contra</strong></span> <span class='ocrx_word' id='word_1_228' title='bbox 820 2244 894 2279; x_wconf 91' lang='lat' dir='ltr'><strong>tua</strong></span> <span class='ocrx_word' id='word_1_229' title='bbox 919 2251 1029 2279; x_wconf 86' lang='lat' dir='ltr'><strong>vana</strong></span> <span class='ocrx_word' id='word_1_230' title='bbox 1055 2233 1174 2278; x_wconf 85' lang='lat' dir='ltr'><strong>clieta</strong></span> <span class='ocrx_word' id='word_1_231' title='bbox 1198 2242 1240 2277; x_wconf 88' lang='lat' dir='ltr'><strong>et</strong></span> <span class='ocrx_word' id='word_1_232' title='bbox 1259 2230 1489 2277; x_wconf 84' lang='lat' dir='ltr'><strong>maledicta</strong></span> 
     </span>
     <span class='ocr_line' id='line_1_30' title="bbox 97 2299 1488 2360; baseline 0.001 -15"><span class='ocrx_word' id='word_1_233' title='bbox 97 2299 317 2346; x_wconf 68' lang='lat' dir='ltr'><strong>defendo?</strong></span> <span class='ocrx_word' id='word_1_234' title='bbox 344 2301 566 2348; x_wconf 83' lang='lat' dir='ltr'><strong>Catholici</strong></span> <span class='ocrx_word' id='word_1_235' title='bbox 600 2320 689 2349; x_wconf 86' lang='lat' dir='ltr'><strong>non</strong></span> <span class='ocrx_word' id='word_1_236' title='bbox 713 2314 829 2360; x_wconf 90' lang='lat' dir='ltr'><strong>sunt,</strong></span> <span class='ocrx_word' id='word_1_237' title='bbox 862 2315 910 2349; x_wconf 89' lang='lat' dir='ltr'><strong>ut</strong></span> <span class='ocrx_word' id='word_1_238' title='bbox 937 2304 1040 2349; x_wconf 85' lang='lat' dir='ltr'><strong>alios</strong></span> <span class='ocrx_word' id='word_1_239' title='bbox 1062 2313 1230 2348; x_wconf 82' lang='lat' dir='ltr'><strong>taceam</strong></span> <span class='ocrx_word' id='word_1_240' title='bbox 1249 2338 1260 2358; x_wconf 93' lang='lat'><strong>,</strong></span> <span class='ocrx_word' id='word_1_241' title='bbox 1287 2300 1488 2347; x_wconf 89' lang='lat' dir='ltr'><strong>eosdem-</strong></span> 
     </span>
     <span class='ocr_line' id='line_1_31' title="bbox 96 2372 1487 2438; baseline -0.001 -20"><span class='ocrx_word' id='word_1_242' title='bbox 96 2388 181 2434; x_wconf 88' lang='lat' dir='ltr'><strong>que</strong></span> <span class='ocrx_word' id='word_1_243' title='bbox 219 2381 410 2433; x_wconf 88' lang='lat' dir='ltr'><strong>repetam</strong></span> <span class='ocrx_word' id='word_1_244' title='bbox 428 2408 440 2427; x_wconf 89' lang='lat'><strong>,</strong></span> <span class='ocrx_word' id='word_1_245' title='bbox 467 2373 655 2419; x_wconf 80' lang='lat' dir='ltr'><strong>Irenaeus</strong></span> <span class='ocrx_word' id='word_1_246' title='bbox 672 2411 683 2430; x_wconf 90' lang='lat'><strong>,</strong></span> <span class='ocrx_word' id='word_1_247' title='bbox 726 2374 991 2438; x_wconf 77' lang='lat' dir='ltr'><strong>Cyprianus,</strong></span> <span class='ocrx_word' id='word_1_248' title='bbox 1036 2373 1245 2427; x_wconf 68' lang='grc' dir='ltr'>11113ῑί05,</span> <span class='ocrx_word' id='word_1_249' title='bbox 1298 2372 1487 2418; x_wconf 87' lang='lat' dir='ltr'><strong>Ambro-</strong></span> 
     </span>
     <span class='ocr_line' id='line_1_32' title="bbox 97 2441 1486 2505; baseline -0.001 -17"><span class='ocrx_word' id='word_1_250' title='bbox 97 2443 200 2497; x_wconf 89' lang='lat' dir='ltr'><strong>sius,</strong></span> <span class='ocrx_word' id='word_1_251' title='bbox 229 2441 480 2500; x_wconf 79' lang='lat' dir='ltr'><strong>Greg01·iuS‚</strong></span> <span class='ocrx_word' id='word_1_252' title='bbox 506 2443 689 2489; x_wconf 86' lang='lat' dir='ltr'><strong>Basilius</strong></span> <span class='ocrx_word' id='word_1_253' title='bbox 709 2481 720 2499; x_wconf 84' lang='lat'><em>‚</em></span> <span class='ocrx_word' id='word_1_254' title='bbox 742 2445 929 2490; x_wconf 85' lang='lat' dir='ltr'><strong>Joannes</strong></span> <span class='ocrx_word' id='word_1_255' title='bbox 952 2441 1486 2505; x_wconf 77' lang='lat' dir='ltr'><strong>(Ioustantinopolitanus;</strong></span> 
     </span>
     <span class='ocr_line' id='line_1_33' title="bbox 102 2511 1488 2574; baseline -0.001 -15"><span class='ocrx_word' id='word_1_256' title='bbox 102 2523 144 2559; x_wconf 86' lang='lat' dir='ltr'><strong>et</strong></span> <span class='ocrx_word' id='word_1_257' title='bbox 171 2511 381 2563; x_wconf 83' lang='lat' dir='ltr'><strong>catholici</strong></span> <span class='ocrx_word' id='word_1_258' title='bbox 406 2523 507 2558; x_wconf 88' lang='lat' dir='ltr'><strong>sunt</strong></span> <span class='ocrx_word' id='word_1_259' title='bbox 531 2513 729 2574; x_wconf 85' lang='lat' dir='ltr'><strong>Pelagius</strong></span> <span class='ocrx_word' id='word_1_260' title='bbox 747 2552 758 2571; x_wconf 92' lang='lat'><strong>,</strong></span> <span class='ocrx_word' id='word_1_261' title='bbox 803 2515 1055 2571; x_wconf 76' lang='lat' dir='ltr'><strong>Coelestius,</strong></span> <span class='ocrx_word' id='word_1_262' title='bbox 1100 2514 1326 2560; x_wconf 69' lang='lat' dir='ltr'><strong>Julianus?</strong></span> <span class='ocrx_word' id='word_1_263' title='bbox 1363 2511 1488 2558; x_wconf 84' lang='lat' dir='ltr'><strong>Aude</strong></span> 
     </span>
    </p>
   </div>
   <div class='ocr_carea' id='block_1_3' title="bbox 153 2594 436 2632">
    <p class='ocr_par' dir='ltr' id='par_1_5' title="bbox 153 2594 436 2632">
     <span class='ocr_line' id='line_1_34' title="bbox 153 2594 436 2632; baseline 0.004 -6"><span class='ocrx_word' id='word_1_264' title='bbox 153 2595 164 2617; x_wconf 77' lang='lat'><strong>¹</strong></span> <span class='ocrx_word' id='word_1_265' title='bbox 223 2594 304 2629; x_wconf 78' lang='lat' dir='ltr'><strong>aul).</strong></span> <span class='ocrx_word' id='word_1_266' title='bbox 334 2607 360 2632; x_wconf 84' lang='lat'><strong>1,</strong></span> <span class='ocrx_word' id='word_1_267' title='bbox 381 2607 436 2627; x_wconf 80' lang='lat'><strong>21.</strong></span> 
     </span>
    </p>
   </div>
  </div>
 </body>
</html>
