1863 3262
343 244 405 305 74
772 257 808 288 s.
850 256 1095 288 Aucusrnw
1132 258 1334 290 EP1scor1

344 322 598 369 recessisses.
648 322 808 369 Verum
857 333 918 368 est
945 322 1059 367 enim
1094 321 1322 369 haereticos
1360 323 1520 382 dicere,
1562 326 1608 372 id
1639 339 1716 385 est,

344 407 420 439 vos
443 394 577 457 ipsos,
617 393 807 440 liberum
834 410 920 439 esse
943 409 1210 457 quemquam
1232 393 1285 439 ad
1312 395 1526 455 agendum
1553 397 1721 445 bonum

345 463 434 509 sine
458 464 675 525 adjutorio
691 466 783 512 Dei.
826 463 911 510 Sed
937 480 1016 510 cur
1035 464 1098 509 ibi
1115 481 1203 510 non
1227 464 1402 526 legerim
1427 486 1437 512 :
1466 489 1486 509 c<
1511 468 1611 514 Sine
1638 469 1722 515 ad-

338 536 506 594 jutorio
531 536 610 582 Dei
617 572 629 594 9
655 558 675 579 ›>
691 553 791 600 quae
806 535 853 582 in
872 535 958 581 hac
989 535 1198 581 sententia
1220 537 1351 584 verba
1373 556 1467 584 mea
1484 539 1610 584 etiam
1631 541 1722 604 ipse

342 606 478 669 paulo
504 617 602 653 ante
644 606 854 672 posuisti;
896 606 1092 671 quandiu
1115 623 1319 671 possum,
1346 609 1552 656 mendoso
1575 612 1724 676 posuit

344 677 488 724 codici
515 678 664 726 tribuo
682 717 694 738 ‚
718 695 849 743 quam
870 678 952 725 tibi
971 678 1043 724 dic
1067 696 1166 739 ergo
1190 690 1360 727 eaetera.

410 750 525 797 CVI.
558 750 582 794 J
589 768 655 798 UL.
683 772 703 793 c<
729 749 858 808 Quod
881 750 994 797 enim
1016 751 1091 807 ais,
1118 750 1172 796 ad
1192 750 1424 798 colendum
1443 763 1556 798 recte
1582 753 1724 800 Deum

345 818 435 867 sine
456 821 593 885 ipsius
616 821 854 885 adjutorio,
884 822 1009 869 dicia
1031 822 1175 878 nobiS,
1197 821 1389 868 sufficere
1411 823 1648 887 unicuique
1666 824 1726 870 li-

343 890 558 938 bertatem
583 893 773 951 arbitrii,
796 893 975 939 omnino
1001 892 1209 939 mentiris.
1227 896 1341 939 Cum
1355 893 1469 939 enim
1490 893 1631 940 cultus
1647 894 1727 940 Dei

343 961 494 1009 multis
517 963 786 1026 intelligatur
808 965 967 1022 modis,
988 975 1030 1011 et
1051 964 1096 1010 in
1116 964 1313 1011 custodia
1332 964 1659 1022 mandatorum,
1684 977 1727 1012 et

344 1033 390 1080 in
410 1036 677 1082 execratione
704 1036 931 1094 vitiorum,
959 1037 1059 1082 etin
1072 1035 1350 1100 simplicitate
1371 1036 1723 1094 conversationis,

344 1114 386 1148 et
416 1105 461 1150 in
485 1106 637 1152 ordine
659 1107 985 1171 mysteriorum,
1012 1118 1054 1153 et
1075 1108 1119 1152 in
1135 1106 1437 1170 profunditate
1451 1107 1721 1168 dogmatum,

344 1191 445 1238 quae
473 1175 526 1222 de
547 1178 760 1224 Trinitate
783 1177 850 1225 vel
873 1178 926 1223 de
951 1177 1279 1232 resurreetione,
1302 1177 1534 1241 multisque
1563 1177 1654 1222 aliis
1667 1178 1728 1223 si-

345 1245 525 1293 milibus
550 1248 656 1294 fides
685 1249 937 1295 Christiana
961 1249 1242 1312 consequitur
1266 1266 1276 1293 :
1317 1249 1395 1312 qui
1435 1249 1528 1294 fieri
1567 1259 1723 1312 potest,

345 1327 395 1362 ut
420 1335 497 1364 nos
522 1319 568 1365 in
593 1320 774 1366 confuso
800 1320 998 1367 dicamus
1016 1358 1027 1376 ,
1073 1321 1163 1366 sine
1189 1319 1402 1379 adjutorio
1436 1320 1513 1365 Dei
1538 1319 1728 1365 liberum

345 1388 575 1436 arbitrium
594 1391 808 1438 sufficiens
832 1391 887 1438 ad
902 1395 992 1452 ejus
1007 1409 1092 1437 esse
1114 1391 1332 1436 culturam
1352 1408 1452 1436 cum
1477 1390 1666 1450 legamus
1684 1392 1729 1436 in

344 1461 582 1522 Evangelio
593 1462 811 1508 dicentem
828 1464 1088 1519 Dominum,
1109 1484 1128 1503 α
1146 1464 1369 1507 Confiteor
1383 1461 1479 1519 tibi⁷
1497 1463 1625 1507 Pater
1643 1463 1729 1508 Do-

346 1554 366 1573 »
386 1533 502 1579 mine
518 1533 621 1580 coeli
643 1546 684 1580 et
711 1544 852 1591 terrae,
881 1533 959 1597 qui
981 1533 1249 1579 abscondisti
1276 1532 1375 1578 haec
1410 1550 1434 1577 a
1460 1533 1729 1596 sapientibus

345 1624 366 1645 >2
385 1604 754 1667 etpruclentibUS‚
773 1615 816 1651 et
832 1604 946 1661 revel
951 1604 1027 1649 1sti
1049 1622 1096 1649 ea
1113 1621 1221 1667 parv
1212 1603 1332 1657 ulis3
1354 1603 1414 1648 ita
1435 1604 1481 1648 P
1474 1613 1585 1657 iter·
1613 1620 1729 1667 quo-

347 1696 368 1716 »
388 1675 504 1720 niam
524 1674 583 1721 sic
601 1675 1026 1740 fuitbeneplacitum
1047 1685 1143 1720 ante
1172 1685 1211 1719 te
1232 1673 1277 1720 4?
1298 1696 1317 1715 υ
1341 1677 1451 1719 Cum
1476 1674 1627 1737 utique
1650 1675 1730 1720 isti

347 1746 510 1803 omnia,
539 1756 627 1792 tam
658 1764 759 1811 quae
782 1746 1085 1807 dogmatibus,
1110 1763 1240 1809 quam
1260 1762 1360 1809 quae
1384 1763 1457 1808 m)
1462 1756 1521 1790 st<
1526 1745 1598 1790 1iis
1619 1762 1729 1790 con

345 1817 556 1874 tinentur‚
583 1817 762 1864 libertas
795 1817 965 1863 arbitrii
1001 1834 1080 1879 per
1099 1834 1141 1862 se
1167 1833 1255 1861 non
1287 1815 1478 1879 potuerit
1501 1816 1573 1861 inx
1577 1816 1725 1861 enirze

343 1888 544 1952 quamvis
562 1899 611 1934 ut
634 1906 714 1934 nec
732 1888 848 1935 idola
874 1888 1134 1943 colerentur,
1162 1904 1240 1932 nee
1259 1887 1374 1932 Deus
1395 1887 1471 1950 qui
1491 1887 1729 1931 innotesce-

343 1957 422 2004 bat
441 1959 597 2004 mundi
615 1959 751 2023 ipsius
771 1959 974 2005 conditor
987 1969 1279 2023 sperneretur,
1302 1957 1505 2017 magistro
1534 1957 1728 2017 gentium

344 2039 468 2085 teste,
492 2027 647 2076 docere
662 2030 854 2094 potuerit
873 2031 982 2076 ratio
996 2028 1209 2075 naturalis
1225 2029 1259 2075 2.
1279 2030 1377 2074 Non
1391 2046 1490 2088 ergo
1504 2027 1591 2073 hoc
1608 2027 1731 2092 quod

345 2097 488 2162 fingis,
511 2110 586 2146 aut
606 2118 683 2145 nos
704 2111 778 2145 aut
797 2100 1028 2164 quisquam
1055 2099 1164 2145 dicit
1178 2098 1462 2162 prudentium
1486 2115 1496 2142 ε
1525 2097 1597 2142 sed
1618 2096 1729 2142 assir-

346 2187 513 2218 mamus
531 2189 553 2216 a
570 2174 664 2217 Deo
684 2170 777 2216 fieri
797 2170 1019 2216 hominem
1045 2169 1173 2215 liberi
1193 2167 1381 2224 arbitrii,
1402 2184 1588 2231 eumque
1603 2168 1730 2212 innu-

345 2242 473 2288 meris
493 2241 655 2288 divinae
679 2243 829 2303 gratiae
853 2242 1082 2306 speciebus
1118 2240 1284 2301 juvari,
1328 2239 1400 2285 eui
1435 2239 1640 2303 possibile
1676 2238 1730 2284 sit

345 2312 416 2360 vel
439 2330 606 2361 servare
627 2313 710 2359 Dei
736 2313 959 2370 mandata,
983 2312 1051 2360 vel
1073 2310 1327 2373 transgredi.
1360 2312 1414 2356 Et
1439 2310 1528 2356 hoe
1557 2321 1619 2356 est
1650 2310 1730 2356 ubi

344 2384 536 2431 liberum
561 2384 790 2432 arbitrium
828 2402 914 2432 esse
946 2383 1237 2440 defendimus,
1266 2394 1314 2428 ut
1350 2399 1455 2428 cum
1494 2383 1611 2428 Deus
1641 2392 1727 2426 tam

344 2456 495 2502 multis
511 2455 652 2504 modis
669 2457 984 2518 benignitatem
1020 2473 1141 2501 suam
1172 2465 1344 2511 asserat,
1383 2452 1429 2499 id
1449 2464 1528 2511 est,
1559 2451 1729 2518 praeei—

340 2527 521 2592 piendo,
548 2528 869 2585 benedicendo,
900 2526 1234 2585 sanctificando,
1263 2523 1532 2582 coercendo,
1561 2538 1727 2588 provo-

396 2616 407 2640 ¹
426 2614 546 2651 Matth.
570 2626 615 2655 xl,
634 2615 688 2656 25,
704 2616 757 2648 26.
779 2632 825 2638 —
841 2612 857 2637 2
871 2616 966 2647 Rom.
985 2625 1017 2658 1,
1033 2623 1084 2646 20.
