1863 3262
373 253 466 312 284
779 273 811 301 s,
857 271 1098 302 Aucusrrm
1135 273 1336 303 Eriseorr

371 335 463 380 Nisi
491 346 711 400 superest,
741 347 786 382 ut
807 337 902 382 illos
922 338 1157 395 Hebraeos,
1188 339 1367 393 Siraeh,
1394 339 1460 386 vel
1487 338 1718 384 Philonem
1737 372 1748 393 ,

371 409 446 471 qui
484 409 583 455 libri
610 411 745 474 ipsius
774 412 851 474 qui
885 412 1107 475 Sapientia
1144 413 1320 464 dicitur,
1356 425 1552 459 auctores
1591 413 1754 459 incerta

371 479 577 542 opinione
597 481 854 537 creduntur,
879 481 998 528 dicas
1021 482 1150 530 fuisse
1174 485 1462 531 Manichaeos.
1487 505 1507 525 υ

441 552 558 597 Aac.
591 552 790 608 Quilibet
828 564 980 599 auctor
1010 553 1140 600 fuerit
1165 554 1268 600 libri
1293 555 1453 616 liujus,
1486 555 1619 610 bene,
1653 552 1757 617 quia

375 622 678 668 auctoritatem
701 626 792 683 ejus
818 641 905 669 non
926 625 1105 687 respuis,
1138 625 1326 670 Idoneus
1345 637 1406 671 est
1426 625 1573 685 igitur,
1597 641 1642 669 ex
1670 639 1758 686 quo

377 691 580 739 adversus
604 711 680 739 vos
695 732 705 751 ‚
738 711 838 758 quae
859 712 1087 758 possumus
1111 696 1303 740 invenire
1322 732 1332 750 ‚
1360 696 1600 741 testimonia
1618 693 1760 757 profe·

375 779 534 809 ramus.
583 764 694 809 Nam
735 776 778 810 et
822 765 1020 825 Pelagius
1056 765 1212 810 doctor
1247 776 1384 811 vester
1415 766 1459 810 in
1490 765 1604 810 libro
1630 780 1761 828 quem

376 853 399 876 ε(
420 834 784 881 Testimoniorum
811 836 879 881 vel
901 835 1208 898 Capitulorum
1232 858 1251 877 >2
1273 835 1427 891 edidit,
1451 837 1597 898 posuit
1614 852 1660 880 ex
1680 835 1762 880 isto

379 903 495 949 libro
514 923 613 968 quae
633 906 860 951 intentioni
884 922 973 952 suae
997 905 1476 953 crediditconve11ire1.
1505 906 1641 966 Cujus
1660 904 1764 950 libri

381 985 533 1019 auctor
551 976 685 1034 magis
705 977 806 1039 quia
833 977 1110 1022 Manichaeus
1144 994 1231 1022 non
1266 977 1376 1033 fuit,
1415 976 1515 1022 satis
1534 986 1765 1040 aperteque

382 1043 674 1100 demonstrat,
706 1048 833 1091 etiam
862 1047 917 1091 ab
935 1047 993 1091 eis
1019 1048 1095 1110 qui
1123 1047 1357 1092 Manichaei
1383 1048 1470 1093 non
1501 1057 1600 1092 sunt
1619 1083 1628 1100 ‚
1654 1056 1696 1091 et
1720 1045 1767 1091 in

384 1113 577 1160 Ecclesia
597 1115 762 1161 Christi
786 1115 868 1175 legi
898 1116 1130 1180 accipique
1155 1128 1432 1173 meruerunt,
1471 1116 1661 1180 potuisse
1680 1114 1770 1160 dici

383 1184 593 1231 malitiam
620 1186 860 1232 naturalem
879 1225 888 1243 ‚
914 1187 1003 1232 sine
1025 1187 1109 1233 ulla
1133 1188 1467 1251 reprehensione
1486 1185 1770 1233 institutionis

384 1265 426 1301 et
451 1256 715 1303 conditionis
737 1259 841 1314 Dei,
874 1269 1130 1303 naturarum
1156 1259 1351 1304 omnium
1373 1256 1675 1322 sapientissimi
1702 1266 1771 1302 at-

385 1343 471 1390 que
496 1328 652 1391 optimi
681 1329 897 1375 creatoris.
933 1329 1058 1374 Unde
1076 1339 1118 1374 et
1144 1330 1378 1393 Apostolus
1413 1347 1501 1375 non
1533 1328 1616 1374 alio
1646 1343 1772 1373 sensu

387 1397 541 1444 dixisse
560 1399 803 1445 intellectus
830 1410 923 1444 est:
953 1421 973 1441 «
998 1400 1174 1444 Fuimus
1198 1401 1310 1445 enim
1348 1410 1389 1445 et
1427 1417 1503 1445 nos
1536 1396 1772 1461 aliquando

388 1479 583 1515 »natura
612 1470 689 1515 filii
714 1470 791 1515 irae
812 1507 822 1525 ‚
857 1470 969 1515 sieut
999 1481 1040 1515 et
1065 1471 1209 1515 caeteri
1226 1471 1258 1517 2.
1285 1492 1306 1511 ›>
1328 1471 1459 1526 Quod
1485 1468 1666 1534 quidam
1686 1483 1776 1512 non

389 1540 443 1586 ad
459 1541 641 1586 verbum
656 1578 666 1597 ,
693 1541 765 1586 sed
787 1540 839 1586 ad
864 1541 1116 1586 sententiam
1137 1552 1238 1586 sunt
1257 1541 1527 1604 interpretati
1553 1540 1771 1586 dieentes:

393 1612 570 1657 Fuimus
595 1612 710 1658 enim
732 1622 773 1657 et
797 1629 874 1657 nos
895 1612 1131 1677 aliquando
1151 1613 1405 1658 naturaliter
1426 1613 1503 1658 filii
1523 1612 1612 1658 irae.
1640 1608 1775 1667 Quod

391 1693 533 1728 autem
564 1683 622 1728 ait
638 1720 649 1738 ,
674 1683 785 1728 sicut
803 1693 844 1728 et
865 1684 1010 1728 caeteri
1027 1721 1038 1740 ‚
1073 1684 1261 1729 ostendit
1286 1701 1433 1729 omnes
1458 1683 1533 1728 irae
1554 1682 1666 1727 filios
1691 1696 1778 1725 esse

393 1763 547 1799 natura
566 1790 576 1810 ,
606 1753 688 1799 nisi
712 1753 924 1818 quosdam
955 1771 1103 1800 eorum
1142 1773 1165 1799 a
1201 1772 1337 1800 massa
1362 1752 1618 1818 perditionis
1643 1750 1779 1812 gratia

394 1824 540 1871 divina
563 1824 793 1873 discernat.
820 1830 888 1871 De
911 1825 1057 1872 alienis
1076 1843 1176 1885 ergo
1203 1827 1259 1872 ab
1280 1826 1365 1872 hac
1385 1825 1520 1885 gratia
1542 1823 1672 1869 etiam
1698 1824 1779 1868 Pe-

394 1906 487 1941 trus
518 1896 740 1960 apostolus
772 1896 987 1961 loquens:
1016 1897 1116 1942 «Hi
1141 1914 1241 1942 vero
1261 1934 1271 1953 ,
1302 1897 1468 1960 inquit,
1506 1894 1625 1942 velut
1659 1902 1780 1938 muta

397 1989 417 2009 ))
435 1966 636 2013 animalia
664 1979 892 2031 procreata
913 1968 1168 2015 naturaliter
1185 1969 1228 2014 in
1249 1969 1546 2032 captivitatem
1572 1977 1613 2010 et
1636 1963 1782 2010 interi-

398 2061 418 2082 »
439 2039 578 2086 tum3.
605 2061 625 2081 »
649 2041 746 2085 Non
784 2058 826 2086 se
864 2041 1033 2105 quippe
1070 2040 1284 2086 exuebant
1313 2051 1498 2085 veterem
1534 2036 1775 2083 hominem.

400 2110 491 2156 Nisi
509 2122 651 2155 autem
673 2121 795 2156 vetus
814 2112 953 2157 omnis
971 2112 1105 2157 homo
1125 2123 1388 2167 nasceretur,
1412 2109 1556 2156 nullus
1575 2107 1784 2171 parvulus

399 2181 662 2228 renascendo
690 2193 982 2229 renovaretur.

467 2252 594 2298 Absit
616 2270 715 2313 ergo
739 2290 749 2309 ‚
778 2263 824 2299 ut
849 2270 949 2299 cum
978 2253 1194 2299 Creatoris
1230 2253 1403 2299 dicatur
1435 2250 1593 2311 injuria
1613 2287 1624 2304 ‚
1650 2259 1785 2294 natu-

402 2323 548 2370 raliter
566 2341 651 2370 esse
670 2324 868 2370 homines
894 2324 971 2370 irae
991 2324 1102 2370 filios
1124 2343 1134 2370 ι
1158 2326 1270 2371 sicut
1288 2324 1376 2369 sine
1397 2323 1484 2369 ulla
1511 2325 1602 2382 ejus
1628 2319 1787 2380 injuria

402 2396 584 2460 quisque
620 2395 783 2441 dicitur
813 2395 1066 2442 naturaliter
1094 2396 1275 2453 surdus,
1304 2406 1378 2441 aut
1402 2393 1660 2441 naturaliter
1696 2406 1788 2436 ‹3ae-

404 2483 480 2511 cus
495 2503 505 2521 ,
538 2476 613 2512 aut
637 2466 893 2513 naturaliter
911 2466 1140 2513 morbidus
1158 2488 1169 2522 3
1190 2468 1380 2530 itemque
1405 2465 1513 2512 alius
1534 2461 1790 2509 naturaliter

453 2568 462 2589 ¹
488 2567 571 2599 Vide
588 2567 643 2600 lib.
662 2567 700 2600 de
729 2568 834 2600 Gestis
855 2568 956 2610 Pelag.
981 2579 1051 2612 cap.
1078 2570 1108 2603 3.
1126 2579 1156 2601 n.
1177 2569 1206 2599 6.
1225 2585 1268 2592 --
1285 2565 1300 2589 '2
1315 2566 1428 2610 Ephes.
1451 2577 1489 2604 ιι,
1518 2566 1551 2599 3.
1572 2581 1615 2587 —
1630 2559 1644 2585 3
1665 2574 1681 2593 2
1701 2565 1788 2596 Petr.

403 2634 451 2663 11,
488 2634 537 2654 12.
