<?xml version="1.0" encoding="UTF-8"?>
<!DOCTYPE html PUBLIC "-//W3C//DTD XHTML 1.0 Transitional//EN"
    "http://www.w3.org/TR/xhtml1/DTD/xhtml1-transitional.dtd">
<html xmlns="http://www.w3.org/1999/xhtml" xml:lang="en" lang="en">
 <head>
  <title>
</title>
<meta http-equiv="Content-Type" content="text/html;charset=utf-8" />
  <meta name='ocr-system' content='tesseract 3.04.00' />
  <meta name='ocr-capabilities' content='ocr_page ocr_carea ocr_par ocr_line ocrx_word'/>
</head>
<body>
  <div class='ocr_page' id='page_1' title='image "./operaomniaaccura37auguuoft/operaomniaaccura37auguuoft_0055.png"; bbox 0 0 1863 3262; ppageno 0'>
   <div class='ocr_carea' id='block_1_1' title="bbox 175 260 1495 315">
    <p class='ocr_par' dir='ltr' id='par_1_1' title="bbox 175 260 1495 315">
     <span class='ocr_line' id='line_1_1' title="bbox 175 260 1495 315; baseline 0.006 -17"><span class='ocrx_word' id='word_1_1' title='bbox 175 266 332 299; x_wconf 73' lang='lat' dir='ltr'>ornms</span> <span class='ocrx_word' id='word_1_2' title='bbox 368 263 631 298; x_wconf 69' lang='lat' dir='ltr'>immi-neri</span> <span class='ocrx_word' id='word_1_3' title='bbox 668 265 844 296; x_wconf 71' lang='lat' dir='ltr'>coN&#39;rnA</span> <span class='ocrx_word' id='word_1_4' title='bbox 878 265 1122 310; x_wconf 70' lang='grc' dir='ltr'><strong>ιυιιΑΝυιι,</strong></span> <span class='ocrx_word' id='word_1_5' title='bbox 1161 270 1248 303; x_wconf 75' lang='lat' dir='ltr'>mn.</span> <span class='ocrx_word' id='word_1_6' title='bbox 1292 274 1359 304; x_wconf 87' lang='lat'><em>111.</em></span> <span class='ocrx_word' id='word_1_7' title='bbox 1434 260 1495 315; x_wconf 74' lang='grc'>45</span> 
     </span>
    </p>
   </div>
   <div class='ocr_carea' id='block_1_2' title="bbox 111 331 1498 2655">
    <p class='ocr_par' dir='ltr' id='par_1_2' title="bbox 123 331 1497 468">
     <span class='ocr_line' id='line_1_2' title="bbox 123 331 1497 403; baseline 0.007 -25"><span class='ocrx_word' id='word_1_8' title='bbox 123 332 302 397; x_wconf 86' lang='lat' dir='ltr'><strong>phetam</strong></span> <span class='ocrx_word' id='word_1_9' title='bbox 328 343 370 379; x_wconf 92' lang='lat' dir='ltr'>te</span> <span class='ocrx_word' id='word_1_10' title='bbox 405 331 656 378; x_wconf 87' lang='lat' dir='ltr'>intellexisse</span> <span class='ocrx_word' id='word_1_11' title='bbox 691 331 957 390; x_wconf 89' lang='lat' dir='ltr'>veridicum,</span> <span class='ocrx_word' id='word_1_12' title='bbox 993 336 1266 396; x_wconf 86' lang='lat' dir='ltr'>quantalibet</span> <span class='ocrx_word' id='word_1_13' title='bbox 1293 349 1331 385; x_wconf 89' lang='lat' dir='ltr'>te</span> <span class='ocrx_word' id='word_1_14' title='bbox 1354 341 1497 403; x_wconf 82' lang='lat' dir='ltr'>patiar</span> 
     </span>
     <span class='ocr_line' id='line_1_3' title="bbox 123 402 687 468; baseline 0 -18"><span class='ocrx_word' id='word_1_15' title='bbox 123 402 385 468; x_wconf 79' lang='lat' dir='ltr'>loquacitate</span> <span class='ocrx_word' id='word_1_16' title='bbox 409 402 687 450; x_wconf 85' lang='lat' dir='ltr'>maledicum.</span> 
     </span>
    </p>

    <p class='ocr_par' dir='ltr' id='par_1_3' title="bbox 119 473 1497 1035">
     <span class='ocr_line' id='line_1_4' title="bbox 188 473 1496 539; baseline 0.007 -18"><span class='ocrx_word' id='word_1_17' title='bbox 188 475 278 524; x_wconf 92' lang='lat' dir='ltr'>LV.</span> <span class='ocrx_word' id='word_1_18' title='bbox 308 475 410 522; x_wconf 77' lang='lat' dir='ltr'>JnL.</span> <span class='ocrx_word' id='word_1_19' title='bbox 438 495 459 516; x_wconf 75' lang='lat' dir='ltr'>c&lt;</span> <span class='ocrx_word' id='word_1_20' title='bbox 475 475 540 520; x_wconf 91' lang='lat' dir='ltr'>En</span> <span class='ocrx_word' id='word_1_21' title='bbox 561 473 731 520; x_wconf 89' lang='lat' dir='ltr'>cuiluci</span> <span class='ocrx_word' id='word_1_22' title='bbox 748 511 759 528; x_wconf 87' lang='lat'>‚</span> <span class='ocrx_word' id='word_1_23' title='bbox 786 473 857 521; x_wconf 92' lang='lat' dir='ltr'>cui</span> <span class='ocrx_word' id='word_1_24' title='bbox 881 475 1048 539; x_wconf 87' lang='lat' dir='ltr'>populo</span> <span class='ocrx_word' id='word_1_25' title='bbox 1071 480 1376 528; x_wconf 81' lang='lat' dir='ltr'>sententiarum</span> <span class='ocrx_word' id='word_1_26' title='bbox 1395 520 1406 538; x_wconf 92' lang='lat'><strong>‚</strong></span> <span class='ocrx_word' id='word_1_27' title='bbox 1424 484 1496 530; x_wconf 88' lang='lat' dir='ltr'>cui</span> 
     </span>
     <span class='ocr_line' id='line_1_5' title="bbox 123 545 1496 608; baseline 0.007 -16"><span class='ocrx_word' id='word_1_28' title='bbox 123 545 612 608; x_wconf 85' lang='lat' dir='ltr'>dignitatejudiciorum</span> <span class='ocrx_word' id='word_1_29' title='bbox 635 545 789 592; x_wconf 82' lang='lat' dir='ltr'>tradux</span> <span class='ocrx_word' id='word_1_30' title='bbox 810 557 883 592; x_wconf 87' lang='lat' dir='ltr'>tua</span> <span class='ocrx_word' id='word_1_31' title='bbox 913 557 955 592; x_wconf 90' lang='lat' dir='ltr'>et</span> <span class='ocrx_word' id='word_1_32' title='bbox 983 548 1223 594; x_wconf 86' lang='lat' dir='ltr'>convitium</span> <span class='ocrx_word' id='word_1_33' title='bbox 1245 551 1383 599; x_wconf 79' lang='lat' dir='ltr'>facere</span> <span class='ocrx_word' id='word_1_34' title='bbox 1407 571 1496 601; x_wconf 87' lang='lat' dir='ltr'>non</span> 
     </span>
     <span class='ocr_line' id='line_1_6' title="bbox 122 614 1496 680; baseline 0.006 -18"><span class='ocrx_word' id='word_1_35' title='bbox 122 618 262 672; x_wconf 86' lang='lat' dir='ltr'>timet,</span> <span class='ocrx_word' id='word_1_36' title='bbox 291 627 332 662; x_wconf 91' lang='lat' dir='ltr'>et</span> <span class='ocrx_word' id='word_1_37' title='bbox 356 627 541 663; x_wconf 83' lang='lat' dir='ltr'>conatur</span> <span class='ocrx_word' id='word_1_38' title='bbox 563 614 720 661; x_wconf 89' lang='lat' dir='ltr'>inferre</span> <span class='ocrx_word' id='word_1_39' title='bbox 739 616 1064 680; x_wconf 73' lang='lat' dir='ltr'>praejudicium.</span> <span class='ocrx_word' id='word_1_40' title='bbox 1092 618 1176 664; x_wconf 89' lang='lat' dir='ltr'>Hic</span> <span class='ocrx_word' id='word_1_41' title='bbox 1195 619 1382 667; x_wconf 89' lang='lat' dir='ltr'>dubium</span> <span class='ocrx_word' id='word_1_42' title='bbox 1409 642 1496 671; x_wconf 89' lang='lat' dir='ltr'>non</span> 
     </span>
     <span class='ocr_line' id='line_1_7' title="bbox 121 686 1496 752; baseline 0.005 -19"><span class='ocrx_word' id='word_1_43' title='bbox 121 697 212 744; x_wconf 91' lang='lat' dir='ltr'>est,</span> <span class='ocrx_word' id='word_1_44' title='bbox 240 687 342 751; x_wconf 90' lang='lat' dir='ltr'>quia</span> <span class='ocrx_word' id='word_1_45' title='bbox 363 704 450 733; x_wconf 89' lang='lat' dir='ltr'>non</span> <span class='ocrx_word' id='word_1_46' title='bbox 475 697 514 732; x_wconf 86' lang='lat' dir='ltr'>te</span> <span class='ocrx_word' id='word_1_47' title='bbox 535 686 700 751; x_wconf 87' lang='lat' dir='ltr'>pudeat</span> <span class='ocrx_word' id='word_1_48' title='bbox 724 686 832 732; x_wconf 88' lang='lat' dir='ltr'>illud</span> <span class='ocrx_word' id='word_1_49' title='bbox 852 687 1020 743; x_wconf 83' lang='lat' dir='ltr'><strong>dicere,</strong></span> <span class='ocrx_word' id='word_1_50' title='bbox 1047 689 1166 752; x_wconf 87' lang='lat' dir='ltr'>quod</span> <span class='ocrx_word' id='word_1_51' title='bbox 1197 690 1369 738; x_wconf 86' lang='lat' dir='ltr'>videtur</span> <span class='ocrx_word' id='word_1_52' title='bbox 1393 695 1496 740; x_wconf 87' lang='lat' dir='ltr'>reli-</span> 
     </span>
     <span class='ocr_line' id='line_1_8' title="bbox 120 759 1497 824; baseline 0.005 -19"><span class='ocrx_word' id='word_1_53' title='bbox 120 775 258 823; x_wconf 90' lang='lat' dir='ltr'>quum</span> <span class='ocrx_word' id='word_1_54' title='bbox 274 796 286 814; x_wconf 86' lang='lat'><strong>‚</strong></span> <span class='ocrx_word' id='word_1_55' title='bbox 304 759 351 806; x_wconf 90' lang='lat' dir='ltr'>id</span> <span class='ocrx_word' id='word_1_56' title='bbox 368 770 456 816; x_wconf 84' lang='lat' dir='ltr'>est,</span> <span class='ocrx_word' id='word_1_57' title='bbox 479 771 528 805; x_wconf 89' lang='lat' dir='ltr'>ut</span> <span class='ocrx_word' id='word_1_58' title='bbox 550 759 810 823; x_wconf 73' lang='lat' dir='ltr'>respondeas</span> <span class='ocrx_word' id='word_1_59' title='bbox 836 777 980 806; x_wconf 85' lang='lat' dir='ltr'>veram</span> <span class='ocrx_word' id='word_1_60' title='bbox 1004 761 1245 824; x_wconf 83' lang='lat' dir='ltr'>Prophetae</span> <span class='ocrx_word' id='word_1_61' title='bbox 1265 800 1276 819; x_wconf 86' lang='lat'>‚</span> <span class='ocrx_word' id='word_1_62' title='bbox 1303 764 1392 810; x_wconf 89' lang='lat' dir='ltr'>imo</span> <span class='ocrx_word' id='word_1_63' title='bbox 1421 767 1497 813; x_wconf 87' lang='lat' dir='ltr'>Dei</span> 
     </span>
     <span class='ocr_line' id='line_1_9' title="bbox 119 829 1497 898; baseline 0.005 -23"><span class='ocrx_word' id='word_1_64' title='bbox 119 846 200 894; x_wconf 89' lang='lat' dir='ltr'>per</span> <span class='ocrx_word' id='word_1_65' title='bbox 221 829 510 894; x_wconf 83' lang='lat' dir='ltr'>Prophetam‚</span> <span class='ocrx_word' id='word_1_66' title='bbox 531 847 617 876; x_wconf 90' lang='lat' dir='ltr'>esse</span> <span class='ocrx_word' id='word_1_67' title='bbox 634 830 885 876; x_wconf 80' lang='lat' dir='ltr'>sententiam</span> <span class='ocrx_word' id='word_1_68' title='bbox 902 867 913 885; x_wconf 88' lang='lat'><em>‚</em></span> <span class='ocrx_word' id='word_1_69' title='bbox 941 831 1278 894; x_wconf 83' lang='lat' dir='ltr'>insuperabilem</span> <span class='ocrx_word' id='word_1_70' title='bbox 1305 835 1497 898; x_wconf 88' lang='lat' dir='ltr'>pruden-</span> 
     </span>
     <span class='ocr_line' id='line_1_10' title="bbox 120 900 1496 969; baseline 0.006 -23"><span class='ocrx_word' id='word_1_71' title='bbox 120 910 216 946; x_wconf 85' lang='lat' dir='ltr'>tum</span> <span class='ocrx_word' id='word_1_72' title='bbox 246 901 460 948; x_wconf 88' lang='lat' dir='ltr'>rationem</span> <span class='ocrx_word' id='word_1_73' title='bbox 482 938 493 958; x_wconf 86' lang='lat'><strong><em>‚</em></strong></span> <span class='ocrx_word' id='word_1_74' title='bbox 526 918 613 965; x_wconf 87' lang='lat' dir='ltr'>qua</span> <span class='ocrx_word' id='word_1_75' title='bbox 636 900 819 947; x_wconf 84' lang='lat' dir='ltr'>docetur</span> <span class='ocrx_word' id='word_1_76' title='bbox 851 901 1203 965; x_wconf 87' lang='lat' dir='ltr'>iniquissimum,</span> <span class='ocrx_word' id='word_1_77' title='bbox 1233 915 1281 950; x_wconf 89' lang='lat' dir='ltr'>ut</span> <span class='ocrx_word' id='word_1_78' title='bbox 1314 919 1496 969; x_wconf 86' lang='lat' dir='ltr'>peccata</span> 
     </span>
     <span class='ocr_line' id='line_1_11' title="bbox 119 972 828 1035; baseline -0.004 -18"><span class='ocrx_word' id='word_1_79' title='bbox 119 982 350 1035; x_wconf 88' lang='lat' dir='ltr'>parentum</span> <span class='ocrx_word' id='word_1_80' title='bbox 374 972 474 1018; x_wconf 88' lang='lat' dir='ltr'>filiis</span> <span class='ocrx_word' id='word_1_81' title='bbox 493 972 779 1035; x_wconf 83' lang='lat' dir='ltr'>imputentur.</span> <span class='ocrx_word' id='word_1_82' title='bbox 808 994 828 1015; x_wconf 89' lang='lat'>»</span> 
     </span>
    </p>

    <p class='ocr_par' dir='ltr' id='par_1_4' title="bbox 118 1043 1490 1180">
     <span class='ocr_line' id='line_1_12' title="bbox 186 1043 1490 1110; baseline 0.005 -22"><span class='ocrx_word' id='word_1_83' title='bbox 186 1044 300 1090; x_wconf 75' lang='lat' dir='ltr'>Aue.</span> <span class='ocrx_word' id='word_1_84' title='bbox 332 1043 580 1098; x_wconf 84' lang='lat' dir='ltr'>Erubesce,</span> <span class='ocrx_word' id='word_1_85' title='bbox 616 1053 660 1089; x_wconf 90' lang='lat' dir='ltr'>tu</span> <span class='ocrx_word' id='word_1_86' title='bbox 691 1060 734 1088; x_wconf 89' lang='lat' dir='ltr'>es</span> <span class='ocrx_word' id='word_1_87' title='bbox 765 1043 1091 1106; x_wconf 84' lang='lat' dir='ltr'>iniquissimus:</span> <span class='ocrx_word' id='word_1_88' title='bbox 1126 1062 1224 1091; x_wconf 87' lang='lat' dir='ltr'>nam</span> <span class='ocrx_word' id='word_1_89' title='bbox 1248 1047 1324 1110; x_wconf 90' lang='lat' dir='ltr'>qui</span> <span class='ocrx_word' id='word_1_90' title='bbox 1352 1047 1490 1107; x_wconf 82' lang='lat' dir='ltr'>dixit,</span> 
     </span>
     <span class='ocr_line' id='line_1_13' title="bbox 118 1111 1356 1180; baseline 0.005 -22"><span class='ocrx_word' id='word_1_91' title='bbox 118 1111 317 1159; x_wconf 85' lang='lat' dir='ltr'>Reddam</span> <span class='ocrx_word' id='word_1_92' title='bbox 342 1125 520 1178; x_wconf 86' lang='lat' dir='ltr'>peccata</span> <span class='ocrx_word' id='word_1_93' title='bbox 550 1124 727 1177; x_wconf 87' lang='lat' dir='ltr'>patrum</span> <span class='ocrx_word' id='word_1_94' title='bbox 747 1114 791 1159; x_wconf 92' lang='lat' dir='ltr'>in</span> <span class='ocrx_word' id='word_1_95' title='bbox 817 1114 944 1170; x_wconf 84' lang='lat' dir='ltr'>filios,</span> <span class='ocrx_word' id='word_1_96' title='bbox 967 1131 1055 1160; x_wconf 90' lang='lat' dir='ltr'>non</span> <span class='ocrx_word' id='word_1_97' title='bbox 1087 1125 1149 1160; x_wconf 83' lang='lat' dir='ltr'>est</span> <span class='ocrx_word' id='word_1_98' title='bbox 1167 1117 1356 1180; x_wconf 82' lang='lat' dir='ltr'>iniquus,</span> 
     </span>
    </p>

    <p class='ocr_par' dir='ltr' id='par_1_5' title="bbox 111 1183 1496 1814">
     <span class='ocr_line' id='line_1_14' title="bbox 183 1183 1495 1247; baseline 0.005 -19"><span class='ocrx_word' id='word_1_99' title='bbox 183 1183 299 1230; x_wconf 88' lang='lat' dir='ltr'><strong>LVI.</strong></span> <span class='ocrx_word' id='word_1_100' title='bbox 322 1184 421 1232; x_wconf 75' lang='lat' dir='ltr'><strong>JUL.</strong></span> <span class='ocrx_word' id='word_1_101' title='bbox 448 1206 469 1226; x_wconf 89' lang='lat'>«</span> <span class='ocrx_word' id='word_1_102' title='bbox 496 1185 584 1230; x_wconf 88' lang='lat' dir='ltr'>Nec</span> <span class='ocrx_word' id='word_1_103' title='bbox 611 1194 651 1230; x_wconf 89' lang='lat' dir='ltr'>te</span> <span class='ocrx_word' id='word_1_104' title='bbox 675 1184 761 1230; x_wconf 81' lang='lat' dir='ltr'>lioc</span> <span class='ocrx_word' id='word_1_105' title='bbox 785 1195 941 1247; x_wconf 84' lang='lat' dir='ltr'>putare</span> <span class='ocrx_word' id='word_1_106' title='bbox 963 1221 974 1240; x_wconf 84' lang='lat'>‚</span> <span class='ocrx_word' id='word_1_107' title='bbox 994 1184 1097 1247; x_wconf 84' lang='lat' dir='ltr'>quia</span> <span class='ocrx_word' id='word_1_108' title='bbox 1120 1197 1239 1232; x_wconf 82' lang='lat' dir='ltr'>reatu</span> <span class='ocrx_word' id='word_1_109' title='bbox 1261 1188 1495 1235; x_wconf 81' lang='lat' dir='ltr'>voluntatis</span> 
     </span>
     <span class='ocr_line' id='line_1_15' title="bbox 118 1254 1493 1316; baseline 0.004 -17"><span class='ocrx_word' id='word_1_110' title='bbox 118 1254 280 1300; x_wconf 86' lang='lat' dir='ltr'>semina</span> <span class='ocrx_word' id='word_1_111' title='bbox 306 1254 501 1301; x_wconf 91' lang='lat' dir='ltr'>omnium</span> <span class='ocrx_word' id='word_1_112' title='bbox 529 1254 757 1300; x_wconf 88' lang='lat' dir='ltr'>hominum</span> <span class='ocrx_word' id='word_1_113' title='bbox 785 1254 1040 1316; x_wconf 73' lang='lat' dir='ltr'>polluantur</span> <span class='ocrx_word' id='word_1_114' title='bbox 1068 1272 1078 1299; x_wconf 90' lang='lat'><strong>:</strong></span> <span class='ocrx_word' id='word_1_115' title='bbox 1107 1255 1180 1300; x_wconf 85' lang='lat' dir='ltr'>sed</span> <span class='ocrx_word' id='word_1_116' title='bbox 1210 1267 1350 1303; x_wconf 83' lang='lat' dir='ltr'>tamen</span> <span class='ocrx_word' id='word_1_117' title='bbox 1376 1259 1493 1305; x_wconf 77' lang='lat' dir='ltr'>hanc</span> 
     </span>
     <span class='ocr_line' id='line_1_16' title="bbox 111 1325 1493 1390; baseline 0.004 -20"><span class='ocrx_word' id='word_1_118' title='bbox 111 1325 326 1385; x_wconf 83' lang='lat' dir='ltr'>justitiam</span> <span class='ocrx_word' id='word_1_119' title='bbox 351 1325 395 1371; x_wconf 89' lang='lat' dir='ltr'>in</span> <span class='ocrx_word' id='word_1_120' title='bbox 418 1325 527 1371; x_wconf 85' lang='lat' dir='ltr'>Adae</span> <span class='ocrx_word' id='word_1_121' title='bbox 551 1325 681 1371; x_wconf 83' lang='lat' dir='ltr'>solius</span> <span class='ocrx_word' id='word_1_122' title='bbox 704 1325 885 1370; x_wconf 89' lang='lat' dir='ltr'>crimine</span> <span class='ocrx_word' id='word_1_123' title='bbox 908 1341 995 1370; x_wconf 90' lang='lat' dir='ltr'>non</span> <span class='ocrx_word' id='word_1_124' title='bbox 1013 1325 1180 1379; x_wconf 83' lang='lat' dir='ltr'>valere3</span> <span class='ocrx_word' id='word_1_125' title='bbox 1202 1327 1334 1390; x_wconf 80' lang='lat' dir='ltr'>ipsius</span> <span class='ocrx_word' id='word_1_126' title='bbox 1358 1346 1493 1376; x_wconf 89' lang='lat' dir='ltr'>unum</span> 
     </span>
     <span class='ocr_line' id='line_1_17' title="bbox 116 1395 1490 1462; baseline 0.004 -20"><span class='ocrx_word' id='word_1_127' title='bbox 116 1412 204 1441; x_wconf 83' lang='lat' dir='ltr'>esse</span> <span class='ocrx_word' id='word_1_128' title='bbox 222 1406 452 1460; x_wconf 86' lang='lat' dir='ltr'>peccatum</span> <span class='ocrx_word' id='word_1_129' title='bbox 471 1433 482 1453; x_wconf 86' lang='lat'>‚</span> <span class='ocrx_word' id='word_1_130' title='bbox 504 1395 623 1460; x_wconf 88' lang='lat' dir='ltr'>quod</span> <span class='ocrx_word' id='word_1_131' title='bbox 645 1396 850 1442; x_wconf 85' lang='lat' dir='ltr'>omnibus</span> <span class='ocrx_word' id='word_1_132' title='bbox 871 1395 1128 1459; x_wconf 87' lang='lat' dir='ltr'>imputetur.</span> <span class='ocrx_word' id='word_1_133' title='bbox 1160 1397 1228 1442; x_wconf 89' lang='lat' dir='ltr'>Ad</span> <span class='ocrx_word' id='word_1_134' title='bbox 1254 1399 1372 1462; x_wconf 86' lang='lat' dir='ltr'>quod</span> <span class='ocrx_word' id='word_1_135' title='bbox 1394 1419 1490 1461; x_wconf 87' lang='lat' dir='ltr'>ego,</span> 
     </span>
     <span class='ocr_line' id='line_1_18' title="bbox 117 1465 1496 1534; baseline 0.004 -23"><span class='ocrx_word' id='word_1_136' title='bbox 117 1465 225 1529; x_wconf 89' lang='lat' dir='ltr'>quid</span> <span class='ocrx_word' id='word_1_137' title='bbox 248 1467 370 1530; x_wconf 88' lang='lat' dir='ltr'>prius</span> <span class='ocrx_word' id='word_1_138' title='bbox 385 1466 525 1514; x_wconf 78' lang='lat' dir='ltr'>facere</span> <span class='ocrx_word' id='word_1_139' title='bbox 544 1466 725 1513; x_wconf 88' lang='lat' dir='ltr'>debeam</span> <span class='ocrx_word' id='word_1_140' title='bbox 752 1466 922 1512; x_wconf 84' lang='lat' dir='ltr'>nescio:</span> <span class='ocrx_word' id='word_1_141' title='bbox 952 1466 1217 1523; x_wconf 84' lang='lat' dir='ltr'>rideam-ne,</span> <span class='ocrx_word' id='word_1_142' title='bbox 1244 1469 1360 1531; x_wconf 86' lang='lat' dir='ltr'>quod</span> <span class='ocrx_word' id='word_1_143' title='bbox 1376 1471 1496 1534; x_wconf 89' lang='lat' dir='ltr'>inep-</span> 
     </span>
     <span class='ocr_line' id='line_1_19' title="bbox 115 1536 1494 1603; baseline 0.004 -21"><span class='ocrx_word' id='word_1_144' title='bbox 115 1536 191 1583; x_wconf 86' lang='lat' dir='ltr'>tiae</span> <span class='ocrx_word' id='word_1_145' title='bbox 209 1538 385 1599; x_wconf 84' lang='lat' dir='ltr'>exigunt</span> <span class='ocrx_word' id='word_1_146' title='bbox 406 1538 673 1599; x_wconf 71' lang='lat' dir='ltr'>singulares?</span> <span class='ocrx_word' id='word_1_147' title='bbox 698 1538 772 1584; x_wconf 90' lang='lat' dir='ltr'>sed</span> <span class='ocrx_word' id='word_1_148' title='bbox 796 1537 1036 1583; x_wconf 89' lang='lat' dir='ltr'>multorum</span> <span class='ocrx_word' id='word_1_149' title='bbox 1068 1538 1256 1601; x_wconf 85' lang='lat' dir='ltr'>perditio</span> <span class='ocrx_word' id='word_1_150' title='bbox 1283 1557 1391 1603; x_wconf 91' lang='lat' dir='ltr'>quos</span> <span class='ocrx_word' id='word_1_151' title='bbox 1415 1542 1494 1588; x_wconf 88' lang='lat' dir='ltr'>de-</span> 
     </span>
     <span class='ocr_line' id='line_1_20' title="bbox 116 1606 1492 1674; baseline 0.004 -22"><span class='ocrx_word' id='word_1_152' title='bbox 116 1606 286 1671; x_wconf 86' lang='lat' dir='ltr'>cipitis,</span> <span class='ocrx_word' id='word_1_153' title='bbox 311 1610 625 1656; x_wconf 85' lang='lat' dir='ltr'>miserationem</span> <span class='ocrx_word' id='word_1_154' title='bbox 653 1609 908 1674; x_wconf 83' lang='lat' dir='ltr'>expectabat</span> <span class='ocrx_word' id='word_1_155' title='bbox 933 1619 973 1655; x_wconf 90' lang='lat' dir='ltr'>et</span> <span class='ocrx_word' id='word_1_156' title='bbox 997 1609 1226 1672; x_wconf 72' lang='lat' dir='ltr'>lacrymas.</span> <span class='ocrx_word' id='word_1_157' title='bbox 1254 1610 1374 1656; x_wconf 86' lang='lat' dir='ltr'>Serio</span> <span class='ocrx_word' id='word_1_158' title='bbox 1392 1630 1492 1672; x_wconf 86' lang='lat' dir='ltr'>ergo</span> 
     </span>
     <span class='ocr_line' id='line_1_21' title="bbox 116 1680 1494 1744; baseline 0.004 -22"><span class='ocrx_word' id='word_1_159' title='bbox 116 1693 305 1726; x_wconf 88' lang='lat' dir='ltr'>moerore</span> <span class='ocrx_word' id='word_1_160' title='bbox 327 1680 569 1726; x_wconf 72' lang='lat' dir='ltr'>conficiar?</span> <span class='ocrx_word' id='word_1_161' title='bbox 593 1680 666 1726; x_wconf 89' lang='lat' dir='ltr'>sed</span> <span class='ocrx_word' id='word_1_162' title='bbox 698 1689 1054 1740; x_wconf 86' lang='lat' dir='ltr'>argumentorum</span> <span class='ocrx_word' id='word_1_163' title='bbox 1080 1689 1256 1725; x_wconf 89' lang='lat' dir='ltr'>tuorum</span> <span class='ocrx_word' id='word_1_164' title='bbox 1292 1682 1494 1744; x_wconf 84' lang='lat' dir='ltr'>prodigia</span> 
     </span>
     <span class='ocr_line' id='line_1_22' title="bbox 114 1747 1269 1814; baseline 0.001 -19"><span class='ocrx_word' id='word_1_165' title='bbox 114 1747 355 1806; x_wconf 86' lang='lat' dir='ltr'>incutiunt,</span> <span class='ocrx_word' id='word_1_166' title='bbox 376 1751 575 1814; x_wconf 85' lang='lat' dir='ltr'>quamvis</span> <span class='ocrx_word' id='word_1_167' title='bbox 596 1763 751 1797; x_wconf 85' lang='lat' dir='ltr'>moesto</span> <span class='ocrx_word' id='word_1_168' title='bbox 773 1752 934 1806; x_wconf 86' lang='lat' dir='ltr'>animo,</span> <span class='ocrx_word' id='word_1_169' title='bbox 955 1749 1269 1797; x_wconf 86' lang='lat' dir='ltr'>cachinnum.»</span> 
     </span>
    </p>

    <p class='ocr_par' dir='ltr' id='par_1_6' title="bbox 116 1821 1498 2590">
     <span class='ocr_line' id='line_1_23' title="bbox 181 1821 1494 1886; baseline 0.002 -19"><span class='ocrx_word' id='word_1_170' title='bbox 181 1821 295 1868; x_wconf 72' lang='lat' dir='ltr'>Auo.</span> <span class='ocrx_word' id='word_1_171' title='bbox 325 1822 411 1868; x_wconf 89' lang='lat' dir='ltr'>Dic</span> <span class='ocrx_word' id='word_1_172' title='bbox 441 1822 563 1886; x_wconf 91' lang='lat' dir='ltr'>quod</span> <span class='ocrx_word' id='word_1_173' title='bbox 593 1822 791 1868; x_wconf 88' lang='lat' dir='ltr'>dicturus</span> <span class='ocrx_word' id='word_1_174' title='bbox 815 1838 858 1867; x_wconf 91' lang='lat' dir='ltr'>es</span> <span class='ocrx_word' id='word_1_175' title='bbox 877 1858 888 1878; x_wconf 89' lang='lat'><strong>,</strong></span> <span class='ocrx_word' id='word_1_176' title='bbox 920 1821 1086 1881; x_wconf 85' lang='lat' dir='ltr'>egregie</span> <span class='ocrx_word' id='word_1_177' title='bbox 1130 1831 1376 1876; x_wconf 82' lang='lat' dir='ltr'>corrector3</span> <span class='ocrx_word' id='word_1_178' title='bbox 1406 1840 1494 1886; x_wconf 90' lang='lat' dir='ltr'>quo</span> 
     </span>
     <span class='ocr_line' id='line_1_24' title="bbox 117 1891 1495 1956; baseline 0.002 -20"><span class='ocrx_word' id='word_1_179' title='bbox 117 1901 293 1938; x_wconf 84' lang='lat' dir='ltr'>auctore</span> <span class='ocrx_word' id='word_1_180' title='bbox 324 1891 531 1956; x_wconf 89' lang='lat' dir='ltr'>deceptor</span> <span class='ocrx_word' id='word_1_181' title='bbox 555 1904 616 1939; x_wconf 89' lang='lat' dir='ltr'>est</span> <span class='ocrx_word' id='word_1_182' title='bbox 650 1892 891 1939; x_wconf 90' lang='lat' dir='ltr'>credendus</span> <span class='ocrx_word' id='word_1_183' title='bbox 928 1892 1185 1937; x_wconf 90' lang='lat' dir='ltr'>Ambrosius</span> <span class='ocrx_word' id='word_1_184' title='bbox 1203 1930 1213 1949; x_wconf 84' lang='lat'><strong>‚</strong></span> <span class='ocrx_word' id='word_1_185' title='bbox 1244 1892 1297 1938; x_wconf 87' lang='lat' dir='ltr'>de</span> <span class='ocrx_word' id='word_1_186' title='bbox 1321 1910 1410 1956; x_wconf 90' lang='lat' dir='ltr'>quo</span> <span class='ocrx_word' id='word_1_187' title='bbox 1435 1895 1495 1941; x_wconf 85' lang='lat' dir='ltr'>ait</span> 
     </span>
     <span class='ocr_line' id='line_1_25' title="bbox 116 1961 1495 2026; baseline 0.001 -17"><span class='ocrx_word' id='word_1_188' title='bbox 116 1963 316 2023; x_wconf 87' lang='lat' dir='ltr'>Pelagius</span> <span class='ocrx_word' id='word_1_189' title='bbox 335 1964 535 2024; x_wconf 85' lang='lat' dir='ltr'>magister</span> <span class='ocrx_word' id='word_1_190' title='bbox 556 1963 686 2009; x_wconf 70' lang='lat' dir='ltr'>tuus1</span> <span class='ocrx_word' id='word_1_191' title='bbox 704 2001 714 2019; x_wconf 88' lang='lat'>‚</span> <span class='ocrx_word' id='word_1_192' title='bbox 742 1963 861 2026; x_wconf 92' lang='lat' dir='ltr'>quod</span> <span class='ocrx_word' id='word_1_193' title='bbox 880 1966 969 2021; x_wconf 87' lang='lat' dir='ltr'>ejus</span> <span class='ocrx_word' id='word_1_194' title='bbox 987 1961 1135 2017; x_wconf 87' lang='lat' dir='ltr'>fidem,</span> <span class='ocrx_word' id='word_1_195' title='bbox 1155 1973 1197 2007; x_wconf 91' lang='lat' dir='ltr'>et</span> <span class='ocrx_word' id='word_1_196' title='bbox 1217 1963 1495 2025; x_wconf 86' lang='lat' dir='ltr'>purissimum</span> 
     </span>
     <span class='ocr_line' id='line_1_26' title="bbox 116 2031 1492 2097; baseline 0 -17"><span class='ocrx_word' id='word_1_197' title='bbox 116 2034 162 2080; x_wconf 90' lang='lat' dir='ltr'>in</span> <span class='ocrx_word' id='word_1_198' title='bbox 183 2033 419 2097; x_wconf 89' lang='lat' dir='ltr'>Scripturis</span> <span class='ocrx_word' id='word_1_199' title='bbox 440 2051 608 2081; x_wconf 90' lang='lat' dir='ltr'>sensum</span> <span class='ocrx_word' id='word_1_200' title='bbox 634 2051 687 2079; x_wconf 91' lang='lat' dir='ltr'>ne</span> <span class='ocrx_word' id='word_1_201' title='bbox 706 2033 909 2078; x_wconf 87' lang='lat' dir='ltr'>inimicus</span> <span class='ocrx_word' id='word_1_202' title='bbox 929 2031 1106 2094; x_wconf 88' lang='lat' dir='ltr'>quidem</span> <span class='ocrx_word' id='word_1_203' title='bbox 1133 2049 1260 2077; x_wconf 89' lang='lat' dir='ltr'>ausus</span> <span class='ocrx_word' id='word_1_204' title='bbox 1276 2044 1337 2078; x_wconf 89' lang='lat' dir='ltr'>est</span> <span class='ocrx_word' id='word_1_205' title='bbox 1350 2051 1492 2097; x_wconf 87' lang='lat' dir='ltr'>repre-</span> 
     </span>
     <span class='ocr_line' id='line_1_27' title="bbox 116 2101 1492 2168; baseline -0.004 -15"><span class='ocrx_word' id='word_1_206' title='bbox 116 2105 320 2154; x_wconf 85' lang='lat' dir='ltr'>hendere.</span> <span class='ocrx_word' id='word_1_207' title='bbox 348 2107 417 2152; x_wconf 92' lang='lat' dir='ltr'>Tu</span> <span class='ocrx_word' id='word_1_208' title='bbox 442 2122 540 2151; x_wconf 91' lang='lat' dir='ltr'>eum</span> <span class='ocrx_word' id='word_1_209' title='bbox 565 2103 834 2168; x_wconf 84' lang='lat' dir='ltr'>reprehende</span> <span class='ocrx_word' id='word_1_210' title='bbox 857 2120 866 2147; x_wconf 72' lang='grc' dir='ltr'>ε</span> <span class='ocrx_word' id='word_1_211' title='bbox 894 2101 1049 2147; x_wconf 86' lang='lat' dir='ltr'>fortior</span> <span class='ocrx_word' id='word_1_212' title='bbox 1065 2101 1178 2146; x_wconf 89' lang='lat' dir='ltr'>enim</span> <span class='ocrx_word' id='word_1_213' title='bbox 1195 2119 1236 2147; x_wconf 93' lang='lat' dir='ltr'>es</span> <span class='ocrx_word' id='word_1_214' title='bbox 1254 2113 1384 2165; x_wconf 87' lang='lat' dir='ltr'>atque</span> <span class='ocrx_word' id='word_1_215' title='bbox 1407 2122 1492 2167; x_wconf 84' lang='lat' dir='ltr'>po·-</span> 
     </span>
     <span class='ocr_line' id='line_1_28' title="bbox 117 2172 1495 2235; baseline -0.001 -12"><span class='ocrx_word' id='word_1_216' title='bbox 117 2177 276 2223; x_wconf 86' lang='lat' dir='ltr'>tentior</span> <span class='ocrx_word' id='word_1_217' title='bbox 299 2176 505 2222; x_wconf 90' lang='lat' dir='ltr'>inimicus</span> <span class='ocrx_word' id='word_1_218' title='bbox 533 2175 676 2221; x_wconf 91' lang='lat' dir='ltr'>crucis</span> <span class='ocrx_word' id='word_1_219' title='bbox 697 2172 864 2218; x_wconf 77' lang='lat' dir='ltr'>Christi</span> <span class='ocrx_word' id='word_1_220' title='bbox 882 2209 892 2228; x_wconf 89' lang='lat'><strong><em>‚</em></strong></span> <span class='ocrx_word' id='word_1_221' title='bbox 921 2189 1054 2235; x_wconf 85' lang='lat' dir='ltr'>quam</span> <span class='ocrx_word' id='word_1_222' title='bbox 1087 2172 1122 2216; x_wconf 90' lang='lat' dir='ltr'>si</span> <span class='ocrx_word' id='word_1_223' title='bbox 1157 2188 1263 2217; x_wconf 87' lang='lat' dir='ltr'>esses</span> <span class='ocrx_word' id='word_1_224' title='bbox 1292 2173 1495 2222; x_wconf 90' lang='lat' dir='ltr'>inimicus</span> 
     </span>
     <span class='ocr_line' id='line_1_29' title="bbox 119 2241 1494 2304; baseline -0.002 -10"><span class='ocrx_word' id='word_1_225' title='bbox 119 2247 336 2293; x_wconf 86' lang='lat' dir='ltr'>Ambrosii</span> <span class='ocrx_word' id='word_1_226' title='bbox 355 2264 366 2293; x_wconf 89' lang='lat'>:</span> <span class='ocrx_word' id='word_1_227' title='bbox 389 2245 596 2292; x_wconf 86' lang='lat' dir='ltr'>audacius</span> <span class='ocrx_word' id='word_1_228' title='bbox 613 2243 780 2290; x_wconf 87' lang='lat' dir='ltr'>invides</span> <span class='ocrx_word' id='word_1_229' title='bbox 801 2243 950 2303; x_wconf 84' lang='lat' dir='ltr'>gratiae</span> <span class='ocrx_word' id='word_1_230' title='bbox 966 2241 1067 2296; x_wconf 83' lang='lat' dir='ltr'>Dei,</span> <span class='ocrx_word' id='word_1_231' title='bbox 1084 2258 1214 2304; x_wconf 84' lang='lat' dir='ltr'>quam</span> <span class='ocrx_word' id='word_1_232' title='bbox 1236 2242 1494 2291; x_wconf 88' lang='lat' dir='ltr'>siinvideres</span> 
     </span>
     <span class='ocr_line' id='line_1_30' title="bbox 116 2311 1492 2378; baseline -0.002 -14"><span class='ocrx_word' id='word_1_233' title='bbox 116 2318 179 2365; x_wconf 92' lang='lat' dir='ltr'>illi</span> <span class='ocrx_word' id='word_1_234' title='bbox 198 2317 369 2364; x_wconf 87' lang='lat' dir='ltr'>homini</span> <span class='ocrx_word' id='word_1_235' title='bbox 388 2317 481 2363; x_wconf 89' lang='lat' dir='ltr'>Dei.</span> <span class='ocrx_word' id='word_1_236' title='bbox 503 2313 809 2378; x_wconf 85' lang='lat' dir='ltr'>Reprehende,</span> <span class='ocrx_word' id='word_1_237' title='bbox 836 2313 1035 2377; x_wconf 86' lang='lat' dir='ltr'>inquam,</span> <span class='ocrx_word' id='word_1_238' title='bbox 1063 2311 1204 2357; x_wconf 84' lang='lat' dir='ltr'>inride</span> <span class='ocrx_word' id='word_1_239' title='bbox 1222 2313 1492 2374; x_wconf 85' lang='lat' dir='ltr'>exagitando,</span> 
     </span>
     <span class='ocr_line' id='line_1_31' title="bbox 118 2381 1495 2450; baseline -0.002 -15"><span class='ocrx_word' id='word_1_240' title='bbox 118 2389 228 2436; x_wconf 87' lang='lat' dir='ltr'>defle</span> <span class='ocrx_word' id='word_1_241' title='bbox 251 2387 468 2434; x_wconf 87' lang='lat' dir='ltr'>dolendo:</span> <span class='ocrx_word' id='word_1_242' title='bbox 490 2397 612 2450; x_wconf 86' lang='lat' dir='ltr'>potes</span> <span class='ocrx_word' id='word_1_243' title='bbox 628 2385 742 2431; x_wconf 90' lang='lat' dir='ltr'>enim</span> <span class='ocrx_word' id='word_1_244' title='bbox 761 2386 805 2431; x_wconf 91' lang='lat' dir='ltr'>vi</span> <span class='ocrx_word' id='word_1_245' title='bbox 829 2400 984 2442; x_wconf 84' lang='lat' dir='ltr'>magna</span> <span class='ocrx_word' id='word_1_246' title='bbox 1004 2381 1265 2444; x_wconf 82' lang='lat' dir='ltr'>eloquentiae</span> <span class='ocrx_word' id='word_1_247' title='bbox 1287 2384 1331 2428; x_wconf 85' lang='lat' dir='ltr'>in</span> <span class='ocrx_word' id='word_1_248' title='bbox 1358 2386 1495 2432; x_wconf 52' lang='lat' dir='ltr'>urba*</span> 
     </span>
     <span class='ocr_line' id='line_1_32' title="bbox 117 2453 1497 2508; baseline -0.001 -2"><span class='ocrx_word' id='word_1_249' title='bbox 117 2461 298 2506; x_wconf 86' lang='lat' dir='ltr'>nitatem</span> <span class='ocrx_word' id='word_1_250' title='bbox 338 2458 494 2504; x_wconf 89' lang='lat' dir='ltr'>ducere</span> <span class='ocrx_word' id='word_1_251' title='bbox 539 2456 772 2502; x_wconf 83' lang='lat' dir='ltr'>vanitatem</span> <span class='ocrx_word' id='word_1_252' title='bbox 813 2465 932 2500; x_wconf 86' lang='lat' dir='ltr'>tuam</span> <span class='ocrx_word' id='word_1_253' title='bbox 950 2490 961 2508; x_wconf 89' lang='lat'>‚</span> <span class='ocrx_word' id='word_1_254' title='bbox 1002 2463 1045 2497; x_wconf 86' lang='lat' dir='ltr'>et</span> <span class='ocrx_word' id='word_1_255' title='bbox 1080 2453 1123 2497; x_wconf 88' lang='lat' dir='ltr'>in</span> <span class='ocrx_word' id='word_1_256' title='bbox 1159 2454 1497 2504; x_wconf 85' lang='lat' dir='ltr'>misericordiam</span> 
     </span>
     <span class='ocr_line' id='line_1_33' title="bbox 117 2521 1498 2590; baseline -0.001 -13"><span class='ocrx_word' id='word_1_257' title='bbox 117 2531 425 2590; x_wconf 83' lang='lat' dir='ltr'>transfigurare</span> <span class='ocrx_word' id='word_1_258' title='bbox 457 2526 721 2575; x_wconf 86' lang='lat' dir='ltr'>vecordiam.</span> <span class='ocrx_word' id='word_1_259' title='bbox 759 2525 842 2571; x_wconf 91' lang='lat' dir='ltr'>Dic</span> <span class='ocrx_word' id='word_1_260' title='bbox 876 2540 976 2584; x_wconf 87' lang='lat' dir='ltr'>ergo</span> <span class='ocrx_word' id='word_1_261' title='bbox 1009 2521 1135 2568; x_wconf 88' lang='lat' dir='ltr'>illum</span> <span class='ocrx_word' id='word_1_262' title='bbox 1160 2523 1304 2570; x_wconf 90' lang='lat' dir='ltr'>virum</span> <span class='ocrx_word' id='word_1_263' title='bbox 1340 2543 1498 2575; x_wconf 81' lang='lat' dir='ltr'>errasse</span> 
     </span>
    </p>

    <p class='ocr_par' dir='ltr' id='par_1_7' title="bbox 166 2604 1424 2655">
     <span class='ocr_line' id='line_1_34' title="bbox 166 2604 1424 2655; baseline -0.007 -9"><span class='ocrx_word' id='word_1_264' title='bbox 166 2613 178 2637; x_wconf 86' lang='lat'><strong>¹</strong></span> <span class='ocrx_word' id='word_1_265' title='bbox 193 2611 338 2655; x_wconf 83' lang='lat' dir='ltr'>Pelagius</span> <span class='ocrx_word' id='word_1_266' title='bbox 355 2611 395 2646; x_wconf 85' lang='lat' dir='ltr'>de</span> <span class='ocrx_word' id='word_1_267' title='bbox 410 2610 591 2645; x_wconf 84' lang='lat' dir='ltr'>Ambrosio.</span> <span class='ocrx_word' id='word_1_268' title='bbox 605 2609 690 2642; x_wconf 88' lang='lat' dir='ltr'>Vide</span> <span class='ocrx_word' id='word_1_269' title='bbox 707 2619 802 2653; x_wconf 83' lang='lat' dir='ltr'>supra</span> <span class='ocrx_word' id='word_1_270' title='bbox 820 2607 878 2641; x_wconf 88' lang='lat' dir='ltr'>lib.</span> <span class='ocrx_word' id='word_1_271' title='bbox 896 2607 936 2640; x_wconf 88' lang='lat' dir='ltr'>de</span> <span class='ocrx_word' id='word_1_272' title='bbox 955 2606 1068 2643; x_wconf 76' lang='lat' dir='ltr'>Gratia</span> <span class='ocrx_word' id='word_1_273' title='bbox 1080 2604 1199 2640; x_wconf 83' lang='lat' dir='ltr'>Christ.</span> <span class='ocrx_word' id='word_1_274' title='bbox 1217 2616 1245 2639; x_wconf 92' lang='lat' dir='ltr'>c.</span> <span class='ocrx_word' id='word_1_275' title='bbox 1262 2612 1304 2645; x_wconf 75' lang='lat'>42</span> <span class='ocrx_word' id='word_1_276' title='bbox 1321 2615 1352 2640; x_wconf 86' lang='lat' dir='ltr'>et</span> <span class='ocrx_word' id='word_1_277' title='bbox 1371 2612 1424 2646; x_wconf 77' lang='lat'>43,</span> 
     </span>
    </p>
   </div>
  </div>
 </body>
</html>
