1863 3262
174 289 331 321 OPERIS
368 286 632 321 IMPERFECTI
669 286 853 317 CONTRA
888 286 1138 332 JULIANUM,
1178 290 1265 322 ΜΒ.
1310 292 1380 323 111.
1462 279 1515 325 13

133 353 417 402 verumetiam
439 351 661 399 cumulata
685 361 798 398 sunt.
833 354 889 398 Et
914 351 1012 398 haec
1032 351 1096 398 lex
1122 355 1304 414 justitiae
1331 356 1377 402 in
1396 357 1516 417 judi·

135 425 215 471 ciis
226 423 521 471 custodiendae
532 460 543 476 ,
560 439 691 487 quam
707 421 760 468 de
774 423 1116 468 Deuteronomio
1129 425 1410 487 protulimus,
1429 445 1518 474 non

137 494 193 542 ad
215 495 570 542 caeremoniarum
590 504 780 550 aetatem,
797 492 870 539 sed
895 492 947 538 ad
968 506 1293 558 praeceptorum
1314 499 1521 561 perenni-

136 575 267 612 tatem
285 565 484 629 respicit,
507 581 587 610 nec
603 580 706 610 cum
725 563 1054 610 circumcisione
1076 563 1294 622 discessit,
1321 567 1393 613 sed
1415 585 1515 615 cum

129 636 298 697 justitia
316 646 573 700 perseverat.
601 656 622 677 >2

202 708 317 755 Aue.
359 707 457 753 Jam
477 705 559 752 tibi
582 705 750 752 dictum
779 714 869 762 est,
895 704 1154 751 hominibus
1178 705 1278 752 haec
1302 706 1516 771 imperata

137 793 223 823 esse
233 775 399 836 judicia
413 814 424 833 ,
446 793 533 822 non
553 777 645 821 Deo
659 774 799 839 posita
819 774 1096 838 praejudicia.
1118 777 1316 840 Denique
1333 779 1367 824 si
1386 778 1520 825 homo

133 845 338 906 judicans
357 845 476 893 dicat
498 864 509 891 τ
534 845 737 891 Reddam
762 855 943 908 peccata
961 856 1137 909 patrum
1160 846 1205 894 in
1225 847 1361 904 filios,
1380 848 1523 910 injus-

138 917 298 964 tissime
335 917 468 975 dicit,
507 927 549 963 et
582 916 734 963 divino
764 916 950 979 imperio
987 917 1252 964 contradicit
1280 936 1290 963 :
1319 936 1397 965 nec
1424 920 1522 967 ideo

135 999 282 1035 tamen
297 988 414 1035 Deus
431 998 506 1035 aut
524 987 707 1034 mendax
722 1024 733 1044 ,
757 997 829 1033 aut
845 988 1030 1048 injustus
1049 999 1111 1034 est
1129 1026 1140 1044 ,
1165 1006 1267 1035 cum
1286 989 1374 1036 hoc
1391 990 1519 1041 dicit.

202 1059 370 1108 XVIII.
411 1060 512 1106 Jur„
554 1080 575 1101 ε(
599 1060 652 1104 In
674 1057 874 1105 absoluto
889 1058 1116 1118 estigitur,
1141 1060 1176 1105 si
1204 1060 1345 1123 Moysi
1374 1061 1519 1107 credi-

138 1140 212 1176 tur
244 1129 405 1190 magis,
435 1147 514 1194 per
542 1146 673 1194 quem
700 1130 814 1175 Deus
838 1129 1054 1193 loquitur,
1088 1146 1221 1193 quam
1249 1132 1519 1191 Augustino,

138 1218 218 1265 per
241 1218 373 1265 quem
400 1200 675 1246 Manichaeus
691 1236 702 1257 ,
727 1211 957 1264 parentum
979 1201 1171 1264 peccatis
1187 1218 1282 1247 reos
1305 1219 1382 1264 per
1401 1213 1527 1248 natu-

138 1288 233 1318 ram
255 1270 367 1317 filios
383 1288 472 1316 non
496 1271 645 1317 teneri.
669 1291 690 1313 »

205 1340 320 1387 Ano.
365 1340 472 1385 Eam
497 1338 630 1385 fidem
651 1356 719 1385 me
735 1338 964 1385 defendere
981 1338 1185 1386 adversus
1212 1351 1251 1387 te
1266 1379 1277 1398 ,
1305 1358 1437 1405 quam
1456 1359 1527 1388 ca-

141 1409 299 1457 tholici
318 1410 458 1457 sancti
473 1409 668 1474 clarique
690 1409 888 1456 doctores
903 1447 914 1466 ,
942 1410 1017 1473 qui
1032 1408 1210 1457 fuerunt
1232 1422 1330 1458 ante
1355 1429 1433 1458 nos
1448 1450 1458 1469 ,
1482 1413 1527 1458 in

143 1479 338 1528 Ecclesia
352 1480 570 1528 catholiea
588 1479 838 1527 didicerunt
857 1490 985 1544 atque
1003 1480 1249 1528 docuerunt
1264 1520 1275 1539 ,
1294 1483 1422 1529 etiam
1437 1483 1529 1546 ipse

139 1552 285 1598 nosti:
308 1551 382 1598 sed
415 1551 625 1616 quoniam
658 1550 756 1597 illos
780 1552 813 1597 si
843 1551 1033 1598 lacerare
1073 1552 1256 1609 audeas,
1294 1570 1373 1599 nec
1401 1554 1465 1599 tui
1489 1564 1530 1599 te

140 1621 311 1676 ferunt3
342 1620 441 1669 ideo
463 1638 601 1668 unum
626 1638 694 1667 me
718 1621 907 1682 elegisti,
934 1638 1064 1686 quem
1090 1621 1290 1669 convicio
1321 1622 1415 1669 falsi
1440 1623 1530 1669 cri-

141 1693 270 1739 minis
293 1693 563 1758 appetitum,
589 1692 714 1757 quasi
738 1692 996 1753 fugiendum
1025 1693 1313 1757 persuadeas;
1352 1704 1399 1740 ut
1424 1694 1532 1740 fides

140 1763 216 1824 illa
238 1763 453 1825 fugiatur,
479 1780 580 1829 quae
608 1763 784 1810 defensa
806 1781 882 1810 vos
907 1763 1102 1811 damnat.
1137 1764 1162 1809 J
1168 1781 1236 1810 am
1270 1775 1312 1810 et
1332 1765 1532 1828 superius

142 1833 227 1880 tibi
249 1833 366 1891 dixi,
391 1834 570 1899 quando
595 1850 679 1897 pro
707 1833 958 1880 defensione
980 1833 1215 1879 catholicae
1235 1833 1338 1880 fidei
1360 1836 1415 1880 ab
1436 1835 1536 1880 hae-

143 1905 287 1952 reticis
303 1904 590 1952 contumelias
613 1904 743 1951 audio
759 1922 876 1968 ,pro
903 1904 1110 1950 laudibus
1134 1905 1294 1952 habeo.
1326 1905 1446 1962 Quid
1473 1905 1535 1951 la-

142 1975 273 2022 boras
291 1976 420 2021 nobis
435 1975 682 2039 praedicare
700 1975 821 2037 quod
837 1975 1022 2020 scimus?
1037 1976 1206 2037 Moyses
1226 1992 1379 2020 verum
1395 1975 1503 2021 dixit
1521 1993 1531 2020 :

145 2045 218 2092 sed
239 2056 285 2092 tu
298 2045 412 2091 nihil
431 2045 552 2091 dicis.
581 2065 601 2086 «
622 2043 823 2090 Reddam
845 2055 1025 2108 peccata
1041 2055 1217 2108 patrum
1233 2044 1277 2089 in
1293 2045 1426 2102 filios,
1447 2062 1537 2090 non

146 2136 168 2158 >)
190 2116 248 2162 ait
264 2115 421 2172 homo,
450 2114 524 2161 sed
548 2113 694 2160 Deus1
718 2132 729 2160 ι
755 2136 774 2157 »
793 2131 934 2178 neque
957 2125 1005 2160 ut
1020 2115 1157 2160 homo
1181 2114 1227 2160 id
1244 2113 1373 2161 faciat
1389 2151 1400 2171 ,
1423 2116 1538 2161 Deus

145 2186 359 2250 praecepit
381 2186 468 2232 hoc
495 2184 624 2238 loco;
646 2184 722 2230 sed
748 2183 858 2248 quid
879 2185 971 2247 ipse
990 2184 1122 2254 faciat
1141 2183 1370 2231 indicavit.

211 2256 334 2303 XIX.
375 2256 400 2300 J
407 2272 476 2301 ut„
518 2276 539 2297 α
566 2257 712 2319 Atque
730 2254 790 2300 ita
807 2271 897 2300 non
915 2255 1094 2300 transire
1114 2254 1168 2300 ad
1188 2265 1381 2319 posteros
1405 2272 1537 2315 gene-

147 2327 338 2373 rantium
353 2326 539 2372 crimina
553 2362 564 2382 ,
584 2325 786 2389 quamvis
805 2342 853 2371 ex
877 2326 936 2371 eis
956 2325 1047 2371 nati
1065 2325 1176 2379 sint3
1197 2326 1308 2371 sicut
1326 2342 1406 2372 nec
1430 2325 1541 2371 filio-

148 2414 248 2444 rum
275 2397 331 2444 ad
353 2407 552 2461 parentes
571 2433 582 2454 ,
610 2397 688 2460 qui
718 2396 772 2442 de
798 2396 897 2442 filiis
936 2396 1023 2442 suis
1055 2413 1334 2460 nequaquam
1359 2407 1541 2459 potuere

150 2465 357 2528 generari.
368 2468 435 2513 Ita
470 2465 604 2527 igitur
627 2466 891 2512 innocentiae
914 2465 1120 2513 nativitas
1153 2482 1230 2512 sua
1256 2465 1422 2512 efficere
1450 2483 1539 2515 non

149 2548 320 2603 potest,
350 2536 465 2584 sicut
486 2553 577 2584 non
600 2547 744 2602 potest
763 2537 911 2585 obesse
927 2553 1032 2584 cum
1056 2552 1146 2585 non
1170 2547 1246 2585 est.

202 2620 214 2645 ¹
232 2623 332 2656 Deut.
352 2631 383 2667 v,
404 2633 436 2663 9.
