1824 3236
137 283 292 313 OPERIS
327 281 590 313 IMPERFECTI
627 279 801 311 CONTRA
837 279 1082 321 JleANUM,
1125 282 1209 312 [AB.
1254 282 1313 312 Vl.
1368 268 1453 327 [191

88 347 236 403 simus,
260 357 302 392 et
323 344 746 391 misericordissimus
761 343 977 402 judicabit
1000 362 1009 388 ι
1028 344 1400 407 quemadmodum
1419 342 1463 387 in

89 432 271 481 corpore
290 453 300 472 ,
342 417 454 462 sicut
481 418 572 475 jam
607 413 818 468 diximus,
847 414 1069 459 voluntate
1106 415 1297 460 hominis
1326 423 1466 477 potest

89 491 178 547 ejus
203 487 318 533 visus
349 486 537 539 auferri3
568 484 686 548 quod
721 484 754 530 si
779 485 854 539 fit,
892 485 1085 547 sequitur
1110 486 1307 532 caecitas.
1333 500 1465 547 quam

89 558 316 626 necessitas
338 557 471 611 ferat,
489 555 689 603 voluntas
708 572 795 601 non
817 553 982 601 auferat
1000 575 1011 610 3
1034 567 1074 600 et
1095 557 1140 600 in
1161 556 1305 601 animo
1325 564 1469 618 potest

92 627 282 674 hominis
299 627 501 673 voluntas
520 627 814 675 innocentiam
833 630 868 686 ej
878 643 924 672 us
937 627 1117 689 perdere
1135 665 1145 683 ‚
1164 638 1206 673 et
1222 643 1307 672 non
1326 635 1470 690 potest

91 698 282 745 reddere.
324 697 441 744 Illud
477 699 626 761 potius
665 699 853 753 intuere,
889 697 1007 760 quod
1044 698 1156 743 mala
1180 714 1279 743 cum
1306 697 1468 760 quibus

92 778 333 815 nascuntur
350 769 573 822 homines;
601 785 700 831 quae
717 768 994 827 congenerari
1012 768 1267 813 hominibus
1286 768 1329 812 in
1345 783 1470 830 para-

92 839 174 886 disi
188 837 393 886 felicitate
416 856 503 885 non
529 849 725 903 possent,
750 837 946 902 profecto
966 839 1046 884 nisi
1064 838 1117 883 de
1134 837 1338 902 paradiso
1357 838 1467 882 exis-

93 922 155 957 set
174 922 327 957 natura
352 911 505 957 vitiata
520 948 530 967 ,
553 927 671 956 nunc
691 911 750 956 eis
764 921 1052 970 congenerata
1073 927 1159 956 non
1178 920 1328 955 essent.
1360 909 1464 958 Ista,

92 998 192 1044 quae
214 981 438 1027 manifesta
457 991 578 1033 sunt,
603 982 758 1045 aspice.
785 982 883 1027 Non
900 981 1014 1027 enim
1040 980 1286 1026 mortalium
1309 977 1422 1023 mala
1447 996 1469 1022 a

92 1052 162 1099 die
188 1054 324 1098 exitus
352 1052 406 1098 de
432 1063 582 1098 ventre
614 1052 763 1097 matris
799 1051 992 1096 filiorum
1018 1051 1182 1107 Adam,
1209 1051 1254 1095 in
1281 1049 1469 1094 obscuro

92 1124 370 1185 conjicimus;
406 1123 480 1169 sed
510 1123 554 1168 in
580 1123 678 1169 lucc
710 1122 945 1168 clarissima
971 1122 1202 1167 cernimus.
1236 1121 1345 1166 Haec
1367 1119 1471 1183 quia

92 1212 178 1240 non
213 1204 311 1241 sunt
334 1211 382 1240 ex
409 1194 535 1240 malae
570 1194 720 1239 alienae
744 1193 1050 1239 commixtione
1084 1203 1277 1244 naturae3
1313 1189 1470 1254 procul

92 1265 231 1312 dubio
251 1282 297 1312 ex
318 1265 629 1330 depravatione
652 1275 811 1310 nostrae
830 1276 944 1311 sunt.
972 1265 1062 1309 Nec
1082 1263 1165 1309 tihi
1187 1263 1385 1309 videatur
1400 1261 1469 1306 in-

92 1336 272 1397 dignum
289 1373 300 1391 ,
318 1337 438 1400 quod
458 1337 654 1396 subjecta
672 1345 734 1380 est
748 1334 927 1380 diabolo
948 1336 1090 1395 imago
1113 1334 1191 1379 Dei
1213 1351 1223 1378 ε
1244 1334 1331 1378 hoc
1356 1332 1468 1377 enim

92 1417 182 1454 'non
205 1409 346 1464 fieret,
366 1407 445 1454 nisi
462 1407 632 1469 J'udicio
652 1407 730 1452 Dei
751 1423 827 1451 nec
857 1417 1103 1452 removetur
1122 1407 1197 1451 ista
1216 1403 1439 1450 damnatio
1456 1439 1466 1455 ‚

91 1480 171 1525 nisi
196 1479 333 1540 gratia
367 1481 461 1526 Dei.
491 1479 580 1536 Qui
603 1479 717 1524 enim
743 1488 910 1523 naturae
941 1477 1214 1532 excellentia,
1244 1484 1292 1520 ut
1326 1475 1469 1532 imago

94 1548 173 1597 Dei
205 1561 337 1607 esset,
372 1550 426 1597 ad
461 1549 789 1596 similitudinem
817 1548 896 1594 Dei
919 1548 1060 1594 factus
1079 1559 1166 1602 est,
1191 1564 1278 1592 non
1302 1556 1364 1590 est
1383 1544 1468 1589 mi-

79 1622 281 1669 ‘randum
309 1660 318 1678 ,
353 1622 457 1684 quia
500 1631 668 1667 naturae
710 1620 1045 1683 depravatione,
1094 1618 1274 1663 vanitati
1323 1613 1472 1662 similis

91 1693 231 1739 factus
257 1704 344 1749 est,
375 1693 490 1738 unde
510 1692 600 1738 dies
619 1694 710 1752 ejus
744 1692 864 1737 velut
888 1691 1046 1737 umbra
1085 1698 1367 1753 praetereunt.
1399 1687 1467 1731 Tu

91 1763 191 1821 dic,
218 1778 297 1811 cur
331 1762 669 1810 innumerabiles
700 1762 905 1821 imagines
942 1761 1020 1806 Dei
1054 1761 1099 1806 in
1126 1758 1310 1823 parvula
1342 1765 1469 1802 aetate

92 1834 210 1881 nulla
227 1845 408 1899 peccata
426 1834 631 1879 facientes
647 1870 657 1887 ,
682 1850 767 1878 non
789 1832 1077 1877 admittantur
1096 1831 1149 1876 ad
1168 1846 1349 1889 regnum
1369 1826 1467 1880 Dei,

92 1905 126 1952 si
145 1921 235 1951 non
257 1903 584 1954 renascantuffl.
616 1904 794 1949 Habent
814 1903 929 1948 enim
952 1902 1118 1966 aliquid
1146 1899 1262 1946 unde
1279 1915 1470 1944 merean-

92 1979 164 2023 'tur
176 1980 320 2037 jacere
339 1976 423 2022 sub
447 1974 625 2021 diabolo
641 2012 651 2031 ,
676 1984 860 2038 propter
874 1974 996 2037 quod
1023 1989 1111 2019 non
1131 1979 1351 2018 merentur
1375 1985 1472 2028 reg-

91 2059 194 2094 nare
216 2047 299 2093 sub
315 2047 406 2093 Deo
421 2068 431 2105 3
449 2050 573 2106 cujus
596 2046 630 2092 si
653 2046 809 2091 lumini
827 2045 1067 2090 cohaerores
1083 2081 1093 2101 ,
1111 2059 1199 2089 non
1213 2051 1332 2087 tanta
1347 2049 1471 2085 arro-

66 2172 69 2174 ,
94 2118 238 2179 gantia
256 2119 390 2165 verba
411 2128 486 2164 tua
499 2117 673 2164 fulmini
689 2133 977 2180 comparares.

156 2190 278 2237 XXI.
316 2189 415 2236 JUL.
459 2210 479 2230 α
497 2188 658 2252 Liquet
694 2187 825 2247 igitur
862 2185 1177 2232 absolutissime
1193 2222 1203 2240 ,
1237 2183 1358 2230 nullo
1384 2186 1473 2227 Au-

93 2260 316 2322 gustinum
341 2278 362 2306 a
385 2269 658 2324 praeceptore
682 2276 759 2305 suo
782 2258 951 2304 differre
967 2295 978 2314 ,
1004 2257 1075 2303 sed
1101 2254 1473 2320 disputationibus

93 2335 183 2398 ejus
193 2339 281 2377 non
297 2331 443 2377 minus
459 2330 584 2386 Adae,
604 2346 738 2394 quam
756 2339 1012 2376 caeterorum
1026 2337 1224 2373 naturam
1244 2325 1472 2390 pessimam

94 2400 281 2449 definiri.
321 2402 519 2464 Denique
543 2412 591 2447 ut
621 2401 769 2448 adhuc
801 2401 966 2465 aliquid
990 2414 1091 2446 cum
1116 2399 1268 2445 codem
1293 2397 1346 2443 de
1373 2396 1466 2450 his,

95 2487 196 2538 quae
219 2473 409 2533 egimus,
438 2473 726 2519 disseramus:
754 2483 936 2536 apparet
962 2481 999 2517 te
1033 2472 1161 2517 etiam
1194 2469 1328 2534 primi
1361 2484 1470 2531 pec-

95 2545 182 2591 cati
216 2553 304 2591 non
339 2543 452 2590 idem
491 2560 647 2604 genus,
675 2542 794 2606 quod
833 2542 1015 2588 aliarum
1040 2551 1194 2605 putare
1216 2539 1463 2603 culparum.

146 2629 154 2650 ¹
172 2615 254 2660 l'sal.
275 2638 387 2665 chtu,
409 2633 438 2671 4.
