1824 3236
166 259 324 290 ominis
359 259 621 291 IMPERFECTI
660 258 837 289 CONTRA
873 260 1118 303 summum,
1160 264 1245 294 1111.
1288 264 1330 293 v.
1403 248 1495 312 369

115 340 218 381 esse,
244 324 365 389 quod
391 343 480 373 non
500 336 561 372 est
591 343 601 371 :
644 324 751 388 quid
777 336 840 371 est
863 343 963 386 ergo
981 328 1099 391 quod
1124 328 1232 375 dicis
1249 366 1259 385 ‚
1295 328 1393 375 ideo
1429 347 1498 377 me

115 396 463 459 comparandum
485 414 550 443 ese
573 396 846 452 Manichaeo,
877 398 980 460 quia
1009 400 1286 446 Manichaeus
1310 412 1498 447 aeterna-

114 483 213 513 rum
239 469 510 515 tenebrarum
527 467 731 515 violentia
748 467 940 527 genitum
956 468 1061 514 dixit
1078 471 1271 533 primum
1293 488 1378 516 esse
1400 489 1496 534 pec-

115 541 294 584 catum?
311 539 472 602 quibus
495 538 680 584 tenebris
696 536 816 583 dedit
835 537 906 582 ille
928 538 1212 585 substantiam
1230 561 1240 595 ς
1262 559 1338 601 ego
1351 553 1495 587 autem

114 608 255 654 nihilo
277 609 380 655 dare
401 610 687 655 substantiam
708 625 797 654 non
816 609 960 673 potui,
988 620 1036 654 ut
1050 611 1107 655 ob
1123 611 1209 656 1100
1222 622 1263 656 et
1282 629 1359 671 ego
1376 613 1499 675 quasi

114 680 423 726 constituerem
448 681 650 726 tenebras
676 690 857 726 aeternas
875 717 887 736 ,
923 690 1133 726 aeternum
1167 682 1330 727 10111001
1368 683 1496 729 1111111.

116 749 243 797 Sicut
268 762 412 797 autem
431 751 717 797 substantiam
740 772 751 805 ;
779 751 838 797 ita
856 751 1106 797 violentiam
1131 752 1197 797 vel
1220 753 1503 798 aeternitatem

116 819 220 867 dare
242 823 384 868 nihilo
406 840 494 868 non
515 823 642 885 potui
670 840 681 868 ε
721 822 843 868 1111110
866 823 1035 886 quippe
1056 822 1205 879 modo,
1246 823 1315 869 vel
1334 823 1500 869 violen-

112 903 224 950 tum,
265 893 335 941 vel
352 905 579 948 aeternum,
611 894 723 940 sicut
753 897 846 953 jam
871 893 1077 950 diximus,
1105 905 1251 957 potest
1274 911 1360 939 esse
1383 893 1504 957 quocl

113 963 225 1009 nihil
247 975 322 1012 est.
374 966 550 1011 Frustra
574 965 706 1025 igitur
740 965 945 1013 adversus
974 983 1043 1012 me
1066 964 1239 1012 voluisti
1277 964 1502 1029 disputare

113 1034 233 1098 quod
255 1035 367 1081 nihil
383 1047 458 1083 est.

177 1107 430 1155 XXXVIII.
460 1112 483 1153 J
489 1125 556 1155 111.
589 1129 608 1149 α
635 1109 797 1154 Verum
815 1125 868 1154 ne
892 1118 940 1153 tu
965 1107 1183 1154 detectum
1208 1117 1337 1153 temet
1360 1107 1502 1171 inspi-

113 1177 248 1235 ciens,
265 1178 340 1225 illo
364 1189 498 1225 tentes
525 1195 768 1243 erumpere,
792 1190 841 1224 ut
866 1178 1019 1224 referas
1042 1196 1130 1224 non
1149 1190 1189 1225 te
1203 1178 1379 1225 dixisse:
1399 1177 1502 1223 Ideo

113 1248 278 1294 malum
298 1260 444 1296 ortum
462 1260 524 1296 est
541 1251 586 1295 in
612 1267 743 1314 opere
761 1250 856 1307 Dei,
881 1249 1088 1312 quoniam
1110 1267 1156 1295 ex
1178 1249 1319 1294 nihilo
1336 1249 1503 1294 factum

116 1330 201 1373 est3
227 1319 319 1377 sed,
345 1320 444 1366 ideo
470 1321 616 1384 potuit
635 1320 823 1375 oboriri,
856 1319 959 1382 quia
980 1336 1027 1364 ex
1049 1320 1191 1365 nihilo
1214 1319 1379 1365 factum
1403 1328 1465 1363 est
1489 1335 1500 1363 ε

113 1389 430 1437 ostendendum
454 1402 531 1449 est,
560 1402 727 1454 quanto
757 1389 1088 1436 violentioribus
1115 1389 1278 1453 laqueis
1304 1387 1493 1449 illigeris.

116 1460 161 1506 Si
181 1461 296 1507 enim
315 1461 471 1508 dixeris
502 1463 836 1526 possibilitatem
863 1471 903 1506 te
928 1461 1050 1518 mali,
1075 1477 1162 1507 non
1184 1459 1496 1515 necessitatem,

114 1532 266 1577 aeterni
306 1532 423 1579 1111115
446 1533 576 1579 11111111
616 1534 787 1580 viribus
827 1532 1064 1594 imputasse
1093 1549 1104 1577 t
1147 1548 1224 1577 nos
1257 1530 1498 1588 referimus,

113 1602 233 1665 quod
257 1603 404 1666 potuit
426 1604 529 1649 oriri
549 1604 663 1650 mala
684 1604 886 1650 voluntas
900 1603 946 1647 in
964 1602 1160 1657 homine,
1185 1619 1274 1647 non
1298 1611 1361 1646 est
1382 1610 1497 1646 certe

114 1672 234 1719 aliud
264 1691 395 1737 quam
422 1675 654 1721 arbitrium
679 1675 868 1721 liberum
897 1691 907 1718 :
935 1672 1033 1718 ideo
1072 1675 1187 1718 enim
1223 1672 1369 1735 potuit
1393 1671 1497 1716 oriri

112 1742 227 1789 mala
244 1744 462 1801 Voluntas,
493 1757 542 1791 ut
577 1746 681 1792 oriri
699 1754 844 1810 posset
872 1754 914 1790 et
931 1743 1062 1790 bona.
1088 1741 1197 1788 Hazc
1217 1742 1393 1787 libertas
1414 1752 1492 1797 est,

112 1813 159 1858 in
197 1831 282 1877 qua
308 1833 350 1861 se
374 1817 483 1862 ratio
518 1827 695 1874 exercet,
721 1826 904 1880 propter
929 1812 1050 1878 quod
1075 1812 1131 1858 ad
1154 1811 1387 1872 imaginem
1411 1812 1493 1856 Dei

112 1883 249 1930 homo
269 1885 409 1932 factus
433 1889 650 1943 asseritur,
682 1905 762 1950 per
798 1903 928 1949 quam
952 1883 1158 1929 creaturis
1184 1882 1349 1929 caeteris
1374 1891 1496 1926 ante-

62 1984 69 1987 —
114 1953 244 2002 cellit.
274 1956 319 2001 Si
342 1974 441 2016 ergo
470 1958 590 2021 quod
608 1959 651 2003 in
674 1958 852 2003 homine
867 1955 979 2000 mala
1005 1954 1203 2001 voluntas
1217 1953 1364 2017 potuit
1389 1969 1491 1997 exo-

111 2024 206 2081 riri,
234 2025 347 2072 nihil
365 2037 427 2072 est
450 2027 568 2074 aliud
590 2045 722 2091 quam
746 2027 912 2072 arbitrii
931 2025 1135 2078 libertas;
1161 2034 1202 2070 et
1220 2023 1307 2069 hoc
1322 2034 1493 2070 tantum

113 2105 193 2152 est,
223 2106 271 2142 ut
289 2114 368 2160 per
391 2102 482 2158 ejus
505 2099 687 2159 insignia
712 2098 877 2144 caeteris
901 2096 1073 2141 antistet
1103 2095 1424 2140 animantibus:
1446 2105 1494 2141 tu

114 2165 191 2228 qui
210 2165 325 2214 hanc
343 2169 676 2232 possibilitatem
699 2167 919 2233 profiteris
946 2166 1044 2212 ideo
1082 2165 1208 2211 fuisse
1226 2165 1272 2211 in
1293 2165 1493 2223 homine,

114 2252 204 2281 non
225 2237 329 2300 quia
350 2255 372 2283 a
393 2240 500 2296 Deo,
529 2239 601 2285 sed
621 2239 725 2303 quia
749 2239 803 2284 de
824 2236 964 2284 nihilo
982 2235 1122 2281 factus
1141 2245 1219 2294 est,
1242 2252 1358 2281 novo
1384 2235 1496 2296 dog-

116 2306 242 2352 matis
267 2308 471 2370 prodigio
507 2309 619 2356 illud
640 2309 772 2365 nihil,
800 2308 846 2354 id
871 2317 949 2363 est,
975 2306 1200 2368 antiquam
1218 2304 1491 2361 inanitatem,

121 2376 231 2422 tanti
251 2377 373 2437 boni,
393 2379 440 2424 id
460 2390 538 2436 est,
565 2380 692 2426 liberi
714 2379 884 2426 arbitrii
910 2394 1084 2424 causam
1108 2375 1380 2439 pronuntias.
1408 2377 1499 2422 De·-

117 2447 249 2511 nique
287 2459 336 2495 ut
377 2467 440 2496 res
475 2451 598 2498 brevi
628 2450 964 2511 interrogatione
996 2448 1211 2494 lucescat:
1251 2447 1338 2493 hoc
1382 2446 1504 2511 quod

118 2516 240 2564 dixisi
261 2556 272 2576 ,
287 2541 308 2562 ›>
324 2521 414 2567 Nec
440 2521 537 2567 ideo
559 2532 703 2568 tamen
731 2522 878 2586 potuit
901 2520 1005 2567 oriri
1024 2517 1227 2567 voluntas
1250 2517 1381 2572 mala,
1403 2519 1507 2582 quia

121 2605 143 2633 a
171 2589 262 2635 Deo
285 2590 423 2639 factus
445 2603 506 2640 est
533 2593 686 2651 homo,
712 2593 787 2641 sed
808 2593 907 2640 ideo
922 2591 1024 2656 quia
1048 2589 1102 2636 de
1125 2587 1264 2635 nihilo
1291 2587 1431 2635 factus
1449 2599 1511 2634 est

252 2680 395 2713 cxmv.
1315 2663 1374 2717 24
