1824 3236
285 287 375 342 482
707 299 740 326 s.
790 297 1031 327 *incusum
1068 297 1276 327 EP15C01¹1

283 367 514 413 hominum
539 364 667 410 fidem
688 400 698 418 ,
727 374 955 426 tamquam
975 363 1062 410 vim
1085 364 1263 427 patiaris
1286 363 1387 427 quia
1409 363 1488 410 ista
1512 363 1666 411 dicun-

285 450 368 485 tur.
393 437 477 483 Sed
501 451 649 499 quaeso
676 434 888 480 terribiles
912 435 1098 498 impetus
1121 452 1238 498 pone
1258 472 1269 489 ,
1310 445 1352 480 et
1391 435 1579 497 quietior
1602 447 1665 481 at·

287 508 411 554 tende
421 507 529 571 quid
545 506 703 552 dicam.
726 504 769 550 Si
784 505 1014 568 quisquam
1025 506 1247 551 voluntate
1257 517 1508 563 seexcaecet,
1522 523 1666 552 nonne

284 581 452 626 amittet
471 577 666 624 naturale
684 577 868 632 bonum,
892 576 936 622 id
952 588 1042 632 est,
1070 577 1211 622 visum
1235 614 1245 633 ,
1269 588 1311 623 et
1334 578 1373 623 ei
1397 577 1561 623 malum
1588 594 1664 623 vo-

282 651 522 697 luntarium
542 687 552 705 ‚
580 649 624 695 id
659 659 751 703 est,
792 648 964 694 caecitas
1000 648 1346 710 inseparabiliter
1379 649 1664 695 adhaerebit?

284 722 511 786 Numquid
525 721 623 767 ideo
638 720 748 765 male
765 730 826 764 est
853 718 1014 763 animal
1039 719 1287 764 institutum
1308 756 1318 773 ,
1347 719 1419 764 cui
1438 718 1522 765 fuit
1541 720 1665 765 amis-

281 794 406 839 sibile
433 791 628 838 naturale
655 791 821 835 bonum
843 827 853 843 ‚
878 800 919 833 et
940 789 1232 852 inseparabile
1249 789 1547 835 voluntarium
1574 807 1665 837 ma-

281 866 372 911 lum
392 868 409 911 9
437 866 529 910 Cur
552 880 651 923 ergo
671 880 758 907 non
776 861 923 924 potius
949 878 1027 920 ego
1051 860 1303 916 exclamem,
1329 861 1448 907 Proh
1472 862 1550 907 Dei
1570 879 1666 907 nos-

282 938 337 983 tri
362 948 489 1000 atque
514 934 745 980 hominum
776 933 937 978 iidem!
987 933 1193 978 iiaeccine
1237 944 1323 978 tam
1361 933 1587 978 manifesta
1625 943 1668 978 et

284 1020 381 1056 ante
401 1007 549 1053 oculos
573 1005 807 1051 constituta
829 1004 883 1049 ab
916 1004 1095 1049 homine
1131 1021 1219 1050 non
1247 1003 1412 1060 videri,
1437 1005 1514 1068 qui
1542 1003 1668 1050 valde

283 1091 438 1126 acutus
453 1115 463 1131 ,
486 1088 527 1122 et
541 1076 737 1122 eruditus
754 1113 764 1130 ,
783 1086 825 1120 et
845 1075 1218 1138 philosophaster,
1243 1086 1284 1121 et
1302 1075 1556 1121 dialecticus
1573 1074 1669 1121 vult

283 1150 420 1198 videri
434 1153 452 1196 ἶ)
482 1148 590 1205 Quis
610 1147 725 1193 enim
750 1145 981 1209 quodlibet
1007 1147 1256 1192 membrum
1281 1147 1314 1192 si
1337 1146 1563 1193 voluntate
1585 1145 1669 1191 sibi

283 1233 483 1286 amputat
505 1259 515 1277 ,
549 1237 636 1266 non
662 1219 826 1265 amittit
849 1217 1044 1264 naturale
1068 1218 1382 1264 incolumitatis
1400 1219 1566 1265 bonum
1589 1255 1600 1275 ,
1627 1227 1670 1264 et

283 1295 416 1341 sumit
434 1292 723 1356 inseparabile
745 1290 1092 1336 detruncationis
1126 1291 1326 1336 malum?
1370 1289 1455 1335 Sed
1486 1289 1668 1335 forsitan

285 1366 404 1413 dicas
429 1403 439 1421 ,
467 1366 512 1410 in
536 1365 665 1409 honis
702 1362 896 1426 corporis
918 1379 1043 1425 posse
1070 1363 1151 1407 ista
1173 1363 1421 1421 contingere
1442 1399 1453 1417 ‚
1496 1378 1585 1407 non
1624 1361 1670 1407 in

286 1438 433 1484 animi.
463 1442 552 1483 Cur
576 1451 676 1495 ergo
695 1434 873 1498 quando
897 1434 1040 1479 dixisti
1065 1434 1315 1479 «naturalia
1332 1434 1449 1479 hona
1464 1471 1474 1490 ,
1497 1434 1564 1480 vel
1586 1450 1671 1479 Vo-

283 1507 471 1554 luntaria
495 1506 609 1551 mala
632 1543 642 1561 ,
672 1527 692 1547 »
714 1522 799 1550 non
818 1503 1026 1550 addidisti
1050 1503 1205 1561 animi,
1227 1522 1281 1550 ne
1300 1505 1354 1550 de
1377 1505 1573 1568 corporis
1592 1504 1672 1550 bo-

285 1580 352 1625 nis
372 1591 413 1624 et
431 1578 554 1624 malis
571 1588 645 1623 tua
665 1576 958 1623 destrueretur
973 1593 1172 1640 praeceps
1189 1577 1556 1624 etinconsiderata
1573 1593 1672 1623 sen-

287 1650 453 1696 tentia?
484 1651 549 1695 An
577 1648 768 1694 fortassis
792 1648 955 1693 oblitus
983 1650 1050 1693 es?
1073 1647 1298 1703 Sinamu53
1319 1649 1564 1695 humanum
1581 1658 1667 1694 est:

288 1721 361 1767 sed
397 1722 440 1766 in
469 1720 661 1765 medium
687 1718 888 1781 procedit
920 1718 1056 1763 homo
1094 1719 1164 1764 ille
1186 1719 1264 1782 qui
1302 1719 1486 1775 clamat,
1520 1740 1540 1759 α
1571 1720 1671 1765 Non

286 1791 437 1855 »quod
450 1792 547 1837 volo
563 1789 676 1835 facio
692 1790 876 1846 bonurn,
893 1788 967 1834 sed
985 1789 1104 1853 quod
1122 1790 1221 1835 nolo
1237 1790 1399 1836 malum
1412 1789 1608 1851 hocag01
1628 1807 1672 1835 t»

288 1875 329 1909 et
353 1862 539 1909 ostendit
560 1862 640 1907 tibi
674 1861 886 1907 nonnulla
921 1860 1037 1906 hona
1065 1862 1198 1906 animi
1230 1862 1290 1906 sic
1316 1862 1457 1924 perire
1487 1878 1567 1924 per
1590 1877 1672 1907 vo-

289 1936 499 1981 luntatem
527 1934 702 1986 malam,
732 1943 892 1979 utnon
920 1932 1087 1995 possint
1117 1931 1255 1977 redire
1273 1949 1351 1995 per
1376 1933 1537 1977 bonam
1559 1969 1568 1987 ,
1592 1931 1673 1978 nisi

292 2008 407 2051 Deus
427 2005 560 2051 faciat
577 2003 697 2068 quod
726 2021 813 2049 non
831 2013 975 2066 potest
994 2002 1129 2049 homo
1147 2040 1157 2057 ,
1186 2003 1256 2048 cui
1279 2013 1320 2048 et
1343 2003 1507 2048 lumina
1530 2012 1674 2066 potest

289 2078 467 2123 reddere
489 2075 715 2121 voluntate
736 2086 916 2131 caecata,
941 2085 982 2120 et
1001 2075 1198 2120 membra
1216 2074 1440 2120 voluntate
1456 2084 1665 2121 truncata.

291 2147 458 2194 Deinde
477 2146 584 2210 quid
613 2146 665 2191 de
687 2146 782 2208 ipso
807 2145 988 2191 diabolo
1017 2162 1301 2208 responsurus
1318 2163 1385 2202 es,
1409 2146 1486 2208 qui
1510 2146 1672 2190 bonam

289 2221 557 2266 voluntatem
599 2217 939 2280 irreparabiliter
980 2217 1201 2280 perdidit?
1245 2219 1311 2262 An
1348 2234 1441 2262 eam
1481 2216 1674 2279 reparari

290 2308 413 2355 posse
432 2289 630 2335 dicturus
648 2291 716 2333 es?
742 2287 879 2342 Ande,
899 2288 932 2333 si
958 2297 1096 2351 potes.
1125 2288 1192 2333 An
1213 2287 1358 2350 potius
1378 2287 1670 2344 confiteberis,

289 2361 409 2427 quod
434 2360 478 2405 in
497 2369 683 2404 mentem
709 2359 794 2403 tihi
822 2358 953 2404 etiam
980 2359 1060 2403 ista
1084 2376 1174 2404 non
1200 2359 1424 2410 venerint,
1454 2369 1495 2404 et
1514 2358 1673 2403 horum

291 2432 457 2479 oblivio,
478 2441 518 2475 te
535 2428 685 2474 fecerit
705 2428 975 2473 temerariam
994 2429 1275 2492 praecipitare
1295 2429 1547 2474 sententiam
1566 2430 1584 2474 3³
1603 2429 1674 2473 Me

291 2519 391 2563 ergo
416 2500 566 2546 saltem
605 2509 1003 2555 commemorante,
1040 2510 1080 2544 te
1113 2499 1293 2559 corrige.
1333 2501 1398 2545 An
1432 2497 1674 2562 pertinacia

290 2573 505 2632 corrigere
529 2587 617 2615 non
641 2569 871 2633 permittit,
896 2569 1017 2633 quod
1044 2570 1288 2616 inconsulta
1308 2569 1524 2615 temeritas
1545 2568 1669 2625 dixit,

337 2659 461 2690 ¹Rom.
481 2666 541 2692 vu,
565 2656 617 2685 15.
