1824 3236
288 264 381 327 576
710 273 748 299 s,
788 270 1033 300 Auens‘rim
1066 270 1272 301 EPISCOPI

291 341 617 390 subministrata
654 335 828 381 vivendi
864 336 1074 381 stabilitas
1110 348 1404 399 permaneretg
1437 355 1486 382 ac
1511 338 1670 383 viveret

290 413 462 460 interim
488 427 565 473 per
588 408 776 454 animam
801 407 1032 461 viventem,
1061 423 1189 469 quarn
1214 407 1333 452 nulla
1356 408 1411 453 ab
1435 408 1507 453 illo
1529 425 1670 454 neces-

292 486 392 531 sitas
416 490 659 544 separaret3
697 488 827 540 atque
854 476 972 530 inde,
999 488 1178 540 propter
1202 478 1493 524 obedientiam
1520 490 1670 525 custo-

293 557 450 608 ditam,
479 552 531 598 ad
557 550 848 595 vivificantem
867 549 1068 611 spiritum
1097 550 1356 611 perveniret,
1378 551 1435 595 ita
1459 561 1506 595 ut
1527 568 1612 595 non
1634 552 1669 596 ei

291 624 621 674 subtraheretur
646 620 744 665 haec
777 619 865 664 vita
890 620 1048 669 minor,
1072 619 1147 663 ubi
1187 630 1227 663 et
1252 621 1361 665 mori
1390 631 1430 664 et
1456 637 1543 665 non
1566 622 1674 666 mori

292 707 450 764 posset,
479 693 550 740 sed
572 692 645 738 illa
674 689 859 753 amplior
884 689 1132 745 adderetur,
1155 690 1229 735 ubi
1250 691 1410 737 viveret
1432 692 1519 737 sine
1544 692 1673 737 ullius

293 769 398 829 ligni
416 763 646 818 beneficio,
676 762 872 824 morique
891 778 976 806 non
992 771 1149 823 posset.

363 840 473 884 Nam
501 850 650 898 quaero
674 850 695 877 a
719 843 757 877 te
786 835 831 876 in
868 831 989 895 quali
1010 848 1193 894 corpore
1219 849 1336 877 nunc
1362 850 1447 877 esse
1467 833 1674 878 existimes

295 911 434 956 Eliam
453 917 494 952 et
518 904 707 950 Enoch?
734 902 908 948 animali
931 920 983 948 an
1005 903 1187 965 spiritali
1203 906 1220 948 ἶ)
1239 904 1272 948 si
1293 903 1446 949 dixeris
1467 904 1670 949 animali:

293 998 373 1028 cur
393 995 482 1024 non
508 976 570 1022 vis
594 973 768 1020 credere
792 972 948 1028 Adam,
978 984 1019 1018 et
1061 975 1210 1028 Evam,
1238 985 1483 1038 etposteros
1503 992 1670 1031 eorum,

293 1054 327 1099 si
351 1058 625 1116 praeceptum
644 1046 720 1091 Dei
745 1044 865 1090 nulla
880 1045 1240 1108 praevaricatione
1267 1047 1491 1103 violarent,
1522 1064 1675 1110 quam-

293 1125 357 1170 vis
377 1123 422 1167 in
440 1135 623 1183 corpore
644 1116 838 1171 animali,
854 1115 912 1160 ita
932 1115 1060 1161 fuisse
1081 1117 1288 1173 victuros,
1311 1128 1357 1162 ut
1381 1134 1499 1162 nunc
1521 1119 1675 1163 vivunt

292 1194 393 1241 isti?
420 1189 608 1248 Quando
643 1187 822 1251 quidem
843 1187 905 1232 ibi
930 1197 1051 1232 erant
1086 1187 1166 1242 illi,
1210 1204 1298 1250 quo
1343 1187 1536 1233 translati
1576 1198 1676 1233 sunt

294 1265 389 1317 isti3
409 1273 449 1308 et
469 1261 560 1308 illic
578 1259 731 1305 vivunt
750 1258 837 1313 isti,
864 1256 980 1303 unde
994 1268 1041 1303 ut
1057 1269 1327 1303 morerentur
1344 1259 1465 1318 ejecti
1485 1259 1668 1306 suntilli.

295 1332 532 1398 Corporale
553 1346 739 1393 namque
755 1329 920 1387 lignum
949 1328 1050 1374 vitae
1074 1329 1134 1373 sic
1156 1330 1287 1373 vitam
1315 1329 1677 1374 subministrabat

293 1404 554 1468 corporibus
574 1400 849 1455 animalibus,
875 1399 986 1444 sicut
1010 1399 1201 1461 spiritale
1221 1399 1387 1458 lignum
1415 1399 1533 1454 vitae,
1557 1399 1674 1462 quod

293 1489 354 1523 est
372 1476 453 1522 Dei
475 1471 703 1536 sapientia,
737 1471 870 1516 vitam
895 1470 1124 1515 salutiferae
1149 1470 1361 1515 doctrinae
1384 1470 1540 1515 sanctis
1555 1487 1677 1515 men-

292 1548 412 1594 tibus
430 1544 745 1591 subministrat.
771 1541 895 1586 Unde
912 1541 1112 1587 nonnulli
1137 1542 1385 1586 divinorum
1405 1541 1677 1604 eloquiorum

293 1620 421 1665 etiam
437 1614 645 1662 catholici
669 1623 918 1658 tractatores
937 1612 1185 1675 paradisum
1204 1612 1438 1675 spiritalem
1456 1629 1677 1657 commen-

294 1689 396 1735 dare
425 1685 694 1738 maluerunt3
716 1699 804 1727 non
822 1693 966 1727 tamen
992 1682 1187 1728 historiae
1207 1683 1465 1737 resistentes,
1493 1700 1593 1745 quae
1614 1700 1678 1727 os-

296 1759 435 1806 tendit
458 1754 699 1803 evidentius
723 1753 1010 1816 corporalem.
1034 1754 1078 1798 Si
1098 1771 1198 1798 vero
1220 1754 1368 1799 Enoch
1388 1764 1428 1799 et
1454 1754 1559 1798 Eliae
1583 1755 1676 1816 spi-

294 1830 415 1877 ritale
434 1831 525 1888 jam
562 1840 722 1888 corpus
747 1840 830 1868 esse
859 1823 1131 1886 responderis
1163 1841 1172 1868 :
1201 1841 1280 1869 cur
1316 1842 1402 1868 non
1436 1824 1677 1886 primorum

294 1899 544 1951 hominum,
573 1906 615 1940 et
655 1911 803 1939 eorum
827 1894 903 1956 qui
923 1912 967 1939 ex
1004 1894 1086 1939 illis
1115 1912 1192 1957 per
1216 1894 1366 1939 seriem
1401 1895 1678 1939 successionis

294 1978 571 2017 nascerentur
592 2003 602 2021 ,
632 1965 666 2010 si
682 1964 851 2010 nullum
880 1975 1107 2027 peccatum
1129 1965 1338 2020 existeret,
1367 1965 1485 2027 qnod
1521 1964 1616 2009 illos
1655 1982 1677 2010 a

293 2041 411 2101 ligno
430 2039 532 2084 vitae
561 2036 715 2081 merito
735 2045 970 2098 separaret,
1004 2035 1187 2080 animale
1215 2053 1374 2098 corpus
1405 2036 1449 2080 in
1489 2035 1679 2098 spiritale

295 2112 488 2176 potuisse
512 2108 692 2153 transire
726 2108 814 2151 sine
840 2117 976 2151 morte
1010 2106 1148 2151 media
1172 2107 1406 2162 confiteris,
1434 2124 1486 2151 ne
1500 2107 1680 2169 paradi-

296 2200 391 2229 sum
423 2180 517 2234 Dei,
539 2196 591 2223 ne
626 2178 774 2222 locum
795 2175 983 2222 felicium
1008 2177 1283 2234 gaudiorum,
1309 2178 1452 2238 poenis
1473 2178 1678 2222 mortium

297 2265 426 2316 atque
452 2248 744 2300 morientium,
764 2257 804 2292 et
820 2246 1214 2292 innumerabililnis
1233 2247 1548 2293 mortiferorum
1568 2264 1678 2292 mor-

296 2326 454 2370 borum
471 2319 739 2366 cruciatibus
759 2318 940 2381 implere
959 2318 1125 2377 cogaris
1140 2320 1158 2362 ζ)

362 2395 455 2440 XL.
481 2392 579 2436 JCL.
617 2411 635 2430 «
661 2388 745 2433 Sed
770 2405 856 2433 non
879 2388 1069 2451 primum
1088 2424 1098 2443 ,
1125 2387 1292 2450 inquit,
1335 2388 1454 2450 quod
1488 2389 1680 2451 spiritale

296 2475 357 2509 est
378 2483 388 2516 ;
418 2460 492 2507 sed
516 2458 634 2522 quod
668 2457 875 2512 animale,
899 2457 1056 2502 deinde
1077 2458 1194 2520 quod
1219 2458 1412 2521 spiritale
1435 2458 1545 2505 est1.
1579 2459 1678 2503 Pri-

298 2550 397 2580 mus
426 2533 561 2577 homo
586 2529 640 2576 de
663 2539 777 2575 terra
823 2528 1057 2584 terrestris,
1087 2529 1301 2574 secundus
1329 2529 1461 2574 homo
1488 2529 1541 2574 de
1566 2528 1679 2574 coelo

347 2616 357 2638 ¹
379 2626 391 2647 ι
409 2615 487 2648 Cur.
512 2624 566 2656 xv,
588 2612 642 2649 46.
