1824 3236
188 272 348 303 OPERIS
384 272 648 303 IMPERFECTI
684 272 863 302 CONTRA
905 272 1151 315 JLMARUM,
1190 275 1277 306 LlB.
1321 276 1380 307 Vl.
1432 261 1516 318 [151

151 338 388 385 ascendens
409 339 463 384 ab
487 355 536 384 co
552 337 671 401 quod
691 348 836 401 posset
853 355 939 383 non
958 340 1094 395 mori,
1134 341 1187 386 ad
1219 341 1263 387 id
1282 343 1523 405 perveniret

141 408 223 456 ubi
247 427 333 455 non
352 420 494 474 posset
510 409 618 454 mori
641 443 653 462 ,
680 418 722 453 et
747 408 980 455 ascendens
999 411 1056 455 ab
1081 428 1129 457 eo
1147 412 1264 476 quod
1302 430 1389 459 non
1417 431 1525 477 pec-

136 496 235 526 care
255 491 423 544 posset,
445 479 499 526 ad
515 478 559 526 id
580 479 826 543 perveniret
843 479 920 525 ubi
934 497 1116 543 peccare
1138 499 1223 528 non
1245 493 1403 546 posset.
1426 485 1523 530 Non

133 549 303 614 quippe
320 551 366 596 iu
390 566 574 614 corpore
597 549 785 613 spiritali
808 587 819 606 ‚
846 549 919 596 sed
946 550 990 595 in
1024 552 1199 598 animali
1235 553 1375 599 factus
1402 565 1520 610 erat,

133 620 332 683 quamvis
345 620 424 669 nisi
445 630 686 684 peccasset,
705 620 884 667 minime
906 621 1130 669 morituro.
1152 622 1269 679 Quia
1287 624 1399 669 sicut
1416 623 1526 672 dicit

134 689 368 754 Apostolus
393 728 401 745 ‚
431 691 534 738 Non
559 691 683 755 prius
703 691 823 755 quod
846 692 1041 756 spiritale
1064 703 1123 738 est
1146 730 1156 748 ,
1189 693 1261 739 sed
1285 695 1403 758 quod
1428 696 1525 742 ani-

132 759 261 818 male,
284 771 435 824 postea
459 760 657 825 spiritale
671 760 706 809 1.
737 761 861 808 [nde
883 762 1036 808 beatus
1057 763 1336 821 Ambrosius,
1359 765 1403 811 in
1423 782 1525 813 uma

130 830 212 877 bra
229 831 332 878 vitae
362 830 471 878 dicit.
492 831 633 880 Adam
654 848 741 877 esse
761 831 926 880 factum
942 833 980 888 2,
1007 832 1060 879 de
1080 849 1167 896 qua
1189 845 1332 897 posset
1347 835 1520 893 cadere,

131 918 219 947 non
240 901 490 949 necessitate
506 937 517 957 ,
540 901 617 947 sed
639 900 876 950 voluntate.
904 903 953 947 ln
971 920 1058 966 qua
1082 903 1233 966 utique
1255 903 1288 949 si
1311 915 1521 962 maneret,

131 972 347 1034 acciperet
363 988 457 1017 eam
472 972 605 1018 vitam
622 1009 634 1029 ‚
658 975 783 1033 cujus
808 972 879 1018 illa
900 973 1064 1020 umbra
1081 984 1171 1019 erat
1193 1011 1204 1030 ,
1224 990 1356 1037 quam
1383 975 1522 1022 sancti

131 1042 356 1105 accepturi
392 1051 519 1099 sunt,
561 1060 608 1089 ex
639 1059 726 1107 qua
761 1046 941 1089 omnino
979 1043 1132 1090 cadere
1168 1061 1256 1090 non
1293 1055 1514 1108 poterunt.

130 1112 257 1158 Hanc
281 1129 457 1177 quoque
482 1113 798 1160 mortalitatem
817 1151 827 1170 ‚
869 1114 914 1160 in
939 1132 1025 1178 qua
1053 1115 1246 1162 decurrit
1264 1115 1350 1162 hoc
1383 1133 1519 1162 seecu-

126 1182 240 1239 lum,
262 1200 285 1229 e
313 1185 538 1230 contrario
558 1184 764 1231 umbram
782 1186 932 1231 mortis
949 1185 1176 1247 intelligit:
1199 1197 1380 1232 mortem
1392 1204 1512 1243 vero,

127 1258 254 1315 qu'us
276 1254 375 1302 haec
396 1255 551 1301 umbra
578 1265 656 1312 est,
672 1255 793 1302 illam
817 1268 1130 1303 commemorat
1147 1257 1184 1314 3,
1201 1274 1303 1323 quae
1320 1258 1510 1304 secunda

126 1342 242 1375 mors
265 1325 447 1382 dicitur,
476 1327 529 1373 de
547 1344 635 1391 qua
659 1344 787 1373 nemo
806 1364 815 1377 ,
842 1344 942 1373 cum
963 1328 1009 1373 in
1032 1346 1127 1374 eam
1144 1329 1307 1375 venerit
1327 1366 1338 1383 ‚
1368 1345 1508 1376 rever-

126 1407 254 1445 tetur.
286 1396 568 1461 Quicumque
603 1406 744 1443 autem
767 1396 924 1443 dehac
957 1398 1106 1444 mortis
1131 1399 1285 1444 umbra
1310 1399 1505 1446 liberan-

125 1477 214 1523 tur,
241 1484 330 1516 non
346 1466 402 1513 ad
424 1467 522 1514 vitae
541 1467 745 1514 umbram
765 1467 928 1524 redire,
956 1468 1028 1514 sed
1053 1468 1107 1515 ad
1124 1486 1216 1515 eam
1237 1469 1374 1517 vitam
1396 1487 1511 1534 prae-

124 1547 338 1601 parantur
354 1538 433 1596 ire,
453 1537 507 1584 de
525 1554 612 1601 qua
633 1554 860 1602 nunquam
882 1538 1114 1601 quisquam
1131 1541 1267 1603 possit
1287 1541 1410 1587 exire.
1437 1540 1510 1586 Ibi

123 1610 205 1655 erit
226 1620 269 1655 et
289 1610 382 1674 ipse
411 1610 551 1659 Adam
578 1627 588 1655 :
617 1610 827 1674 quoniam
854 1620 968 1655 recte
993 1610 1188 1657 creditur
1227 1611 1406 1657 Domini
1432 1610 1514 1657 ad—

122 1690 254 1728 ventu
274 1690 403 1744 atque
431 1681 478 1728 in
498 1678 668 1726 inferna
691 1678 899 1726 descensu
914 1717 924 1735 ,
954 1681 1010 1726 ab
1032 1679 1190 1728 inferni
1214 1675 1402 1729 viiiculis
1415 1684 1510 1742 jam

122 1749 322 1804 solutus;
362 1761 411 1796 ut
432 1751 628 1814 primum
666 1750 744 1795 Dei
770 1749 936 1813 plasma
961 1788 971 1807 ‚
1009 1751 1129 1815 quod
1157 1753 1394 1811 genitorem
1421 1771 1511 1799 non

122 1819 308 1879 habuit,
331 1820 406 1866 sed
426 1823 568 1867 Deum
596 1820 904 1867 tantummodo
925 1833 1183 1879 creatorem,
1204 1833 1246 1868 et
1267 1824 1510 1870 secundum

121 1907 297 1941 carnem
321 1891 498 1958 primus
519 1901 645 1954 pater
671 1890 863 1947 Christi,
895 1891 1005 1937 ultra
1029 1892 1074 1938 in
1098 1892 1180 1938 illis
1205 1893 1391 1940 vinculis
1418 1911 1506 1940 non

121 1971 312 2010 maneret
333 1998 344 2017 ‚
370 1972 500 2026 atque
523 1972 689 2007 aeterno
706 1961 929 2024 supplicio
954 1980 1041 2008 non
1065 1963 1239 2026 periret.

186 2032 274 2081 Ubi
299 2032 625 2094 autemjudicio
652 2033 947 2096 superexaltat
964 2035 1259 2081 misericordia
1278 2072 1288 2092 ,
1309 2052 1396 2081 non
1415 2047 1517 2082 sunt

120 2104 272 2150 merita
296 2102 556 2164 cogitanda&
575 2141 585 2159 ‚
629 2103 702 2149 sed
732 2105 874 2163 gratia
917 2123 927 2150 :
970 2108 1095 2165 cujus
1118 2116 1180 2151 est
1198 2116 1315 2151 tanta
1354 2118 1395 2152 et
1425 2118 1512 2156 tam

118 2174 417 2224 inscrutabilis
437 2185 575 2238 atque
599 2174 912 2235 investigabilis
933 2176 1117 2222 altitudo
1138 2214 1149 2234 ‚
1184 2189 1232 2223 ut
1270 2189 1369 2240 post
1392 2178 1510 2224 illam

118 2245 372 2293 sententiam
398 2262 488 2310 qua
514 2245 683 2291 dictum
703 2256 766 2290 est
789 2263 798 2291 :
828 2268 846 2287 α
875 2246 918 2292 Si
947 2248 1044 2310 quis
1070 2265 1159 2293 non
1184 2260 1357 2293 renatus
1379 2248 1510 2296 fuerit

119 2334 140 2355 >2
159 2331 207 2361 ex
231 2332 343 2379 aqua
361 2326 403 2361 et
419 2315 592 2379 spiritu,
620 2334 709 2362 non
735 2316 923 2362 intrabit
942 2318 986 2363 in
1007 2335 1189 2378 regnum
1216 2319 1298 2364 Dei
1313 2318 1330 2347 5
1352 2340 1364 2373 ;
1396 2340 1416 2361 >2
1439 2320 1509 2365 vi-

119 2383 296 2433 deamus
315 2385 550 2450 aliquando
576 2385 687 2432 bene
710 2387 875 2433 meritis
900 2387 1108 2435 fidelibus
1134 2405 1222 2435 non
1255 2389 1437 2434 concedi
1455 2390 1508 2434 fi-

117 2454 198 2503 lios
216 2472 333 2513 suos.
356 2467 404 2504 ut
427 2457 577 2504 sintin
595 2474 727 2517 regno
754 2458 833 2505 Dei
861 2475 961 2505 cum
994 2459 1254 2522 parentibus
1288 2459 1399 2519 suis;
1434 2460 1506 2506 sed

167 2557 179 2580 ¹
212 2568 226 2591 ι
257 2558 330 2594 Cor,
359 2567 410 2595 ιν,
441 2557 498 2594 46.
529 2574 574 2582 -
593 2555 610 2579 2
629 2556 776 2591 Ambros.
798 2556 854 2590 lib.
871 2557 912 2590 de
932 2557 1094 2592 paradiso.
1117 2576 1159 2582 —
1177 2555 1191 2580 ³
1209 2561 1313 2601 Apoe.
1336 2569 1392 2597 xx,
1409 2560 1440 2590 6.
1459 2577 1502 2583 —

117 2607 133 2633 ⁴
150 2611 266 2645 Jacob.
282 2622 322 2650 u,
347 2614 397 2643 13.
417 2630 460 2637 —
478 2610 492 2635 ⁵
509 2615 607 2645 Joan.
624 2623 676 2654 ιιι,
698 2614 731 2646 5.

1259 2681 1329 2726 29-
