<?xml version="1.0" encoding="UTF-8"?>
<!DOCTYPE html PUBLIC "-//W3C//DTD XHTML 1.0 Transitional//EN"
    "http://www.w3.org/TR/xhtml1/DTD/xhtml1-transitional.dtd">
<html xmlns="http://www.w3.org/1999/xhtml" xml:lang="en" lang="en">
 <head>
  <title>
</title>
<meta http-equiv="Content-Type" content="text/html;charset=utf-8" />
  <meta name='ocr-system' content='tesseract 3.04.00' />
  <meta name='ocr-capabilities' content='ocr_page ocr_carea ocr_par ocr_line ocrx_word'/>
</head>
<body>
  <div class='ocr_page' id='page_1' title='image "./operaomniaaccura37auguuoft/operaomniaaccura37auguuoft_0169.png"; bbox 0 0 1863 3262; ppageno 0'>
   <div class='ocr_carea' id='block_1_1' title="bbox 175 218 1499 283">
    <p class='ocr_par' dir='ltr' id='par_1_1' title="bbox 175 218 1499 283">
     <span class='ocr_line' id='line_1_1' title="bbox 175 218 1499 283; baseline 0.004 -23"><span class='ocrx_word' id='word_1_1' title='bbox 175 229 332 261; x_wconf 83' lang='lat' dir='ltr'>OPERIS</span> <span class='ocrx_word' id='word_1_2' title='bbox 368 228 630 261; x_wconf 81' lang='lat' dir='ltr'>IMPERFECTI</span> <span class='ocrx_word' id='word_1_3' title='bbox 665 228 843 260; x_wconf 82' lang='lat' dir='ltr'>CONTRA</span> <span class='ocrx_word' id='word_1_4' title='bbox 876 229 1121 274; x_wconf 81' lang='lat' dir='ltr'><strong>JULIANUM,</strong></span> <span class='ocrx_word' id='word_1_5' title='bbox 1161 230 1249 262; x_wconf 78' lang='grc' dir='ltr'>ΠΒ.</span> <span class='ocrx_word' id='word_1_6' title='bbox 1291 232 1352 265; x_wconf 86' lang='lat' dir='ltr'>lv.</span> <span class='ocrx_word' id='word_1_7' title='bbox 1411 218 1499 283; x_wconf 82' lang='grc'>159</span> 
     </span>
    </p>
   </div>
   <div class='ocr_carea' id='block_1_2' title="bbox 124 292 1514 2605">
    <p class='ocr_par' dir='ltr' id='par_1_2' title="bbox 126 292 1500 413">
     <span class='ocr_line' id='line_1_2' title="bbox 126 292 1500 352; baseline 0.005 -13"><span class='ocrx_word' id='word_1_8' title='bbox 126 292 261 340; x_wconf 89' lang='lat' dir='ltr'>bilem</span> <span class='ocrx_word' id='word_1_9' title='bbox 292 306 334 341; x_wconf 89' lang='lat' dir='ltr'>te</span> <span class='ocrx_word' id='word_1_10' title='bbox 354 312 449 349; x_wconf 86' lang='lat' dir='ltr'>eam</span> <span class='ocrx_word' id='word_1_11' title='bbox 480 294 634 342; x_wconf 88' lang='lat' dir='ltr'>sentire</span> <span class='ocrx_word' id='word_1_12' title='bbox 664 295 922 352; x_wconf 88' lang='lat' dir='ltr'>confirmes,</span> <span class='ocrx_word' id='word_1_13' title='bbox 950 306 1093 342; x_wconf 84' lang='lat' dir='ltr'>tamen</span> <span class='ocrx_word' id='word_1_14' title='bbox 1119 297 1272 343; x_wconf 89' lang='lat' dir='ltr'>crebro</span> <span class='ocrx_word' id='word_1_15' title='bbox 1305 315 1500 346; x_wconf 86' lang='lat' dir='ltr'>comme-</span> 
     </span>
     <span class='ocr_line' id='line_1_3' title="bbox 127 369 337 413; baseline 0 -3"><span class='ocrx_word' id='word_1_16' title='bbox 127 369 298 413; x_wconf 71' lang='lat' dir='ltr'>moras?</span> <span class='ocrx_word' id='word_1_17' title='bbox 318 389 337 410; x_wconf 75' lang='grc' dir='ltr'>ιο</span> 
     </span>
    </p>

    <p class='ocr_par' dir='ltr' id='par_1_3' title="bbox 128 433 1501 567">
     <span class='ocr_line' id='line_1_4' title="bbox 194 433 1501 504; baseline 0.004 -21"><span class='ocrx_word' id='word_1_18' title='bbox 194 437 308 484; x_wconf 75' lang='lat' dir='ltr'>Aue.</span> <span class='ocrx_word' id='word_1_19' title='bbox 347 433 623 495; x_wconf 82' lang='lat' dir='ltr'>Domabilem</span> <span class='ocrx_word' id='word_1_20' title='bbox 647 433 746 483; x_wconf 88' lang='lat' dir='ltr'>dico</span> <span class='ocrx_word' id='word_1_21' title='bbox 764 472 774 490; x_wconf 85' lang='lat'>‚</span> <span class='ocrx_word' id='word_1_22' title='bbox 791 433 836 484; x_wconf 90' lang='lat' dir='ltr'>id</span> <span class='ocrx_word' id='word_1_23' title='bbox 855 446 916 483; x_wconf 89' lang='lat' dir='ltr'>est</span> <span class='ocrx_word' id='word_1_24' title='bbox 934 473 946 494; x_wconf 86' lang='lat'>‚</span> <span class='ocrx_word' id='word_1_25' title='bbox 969 453 1142 484; x_wconf 86' lang='lat' dir='ltr'>carnem</span> <span class='ocrx_word' id='word_1_26' title='bbox 1160 476 1172 496; x_wconf 87' lang='lat'><strong>,</strong></span> <span class='ocrx_word' id='word_1_27' title='bbox 1194 439 1267 486; x_wconf 87' lang='lat' dir='ltr'>sed</span> <span class='ocrx_word' id='word_1_28' title='bbox 1287 457 1501 504; x_wconf 84' lang='lat' dir='ltr'>expugna-</span> 
     </span>
     <span class='ocr_line' id='line_1_5' title="bbox 128 504 871 567; baseline 0.004 -17"><span class='ocrx_word' id='word_1_29' title='bbox 128 504 295 554; x_wconf 82' lang='lat' dir='ltr'>toribus</span> <span class='ocrx_word' id='word_1_30' title='bbox 311 545 321 563; x_wconf 97' lang='lat'>,</span> <span class='ocrx_word' id='word_1_31' title='bbox 345 525 433 567; x_wconf 85' lang='lat' dir='ltr'>non</span> <span class='ocrx_word' id='word_1_32' title='bbox 448 504 749 553; x_wconf 77' lang='lat' dir='ltr'>laudatoribus</span> <span class='ocrx_word' id='word_1_33' title='bbox 767 510 871 566; x_wconf 69' lang='lat' dir='ltr'>eius,</span> 
     </span>
    </p>

    <p class='ocr_par' dir='ltr' id='par_1_4' title="bbox 193 575 1501 645">
     <span class='ocr_line' id='line_1_6' title="bbox 193 575 1501 645; baseline 0.003 -22"><span class='ocrx_word' id='word_1_34' title='bbox 193 575 291 626; x_wconf 88' lang='lat' dir='ltr'><strong>VII.</strong></span> <span class='ocrx_word' id='word_1_35' title='bbox 322 578 419 625; x_wconf 77' lang='lat' dir='ltr'><strong>JUL.</strong></span> <span class='ocrx_word' id='word_1_36' title='bbox 450 599 470 620; x_wconf 73' lang='grc' dir='ltr'>α</span> <span class='ocrx_word' id='word_1_37' title='bbox 491 579 628 623; x_wconf 88' lang='lat' dir='ltr'>Porro</span> <span class='ocrx_word' id='word_1_38' title='bbox 663 576 769 625; x_wconf 88' lang='lat' dir='ltr'>hinc</span> <span class='ocrx_word' id='word_1_39' title='bbox 800 588 899 641; x_wconf 88' lang='lat' dir='ltr'>post</span> <span class='ocrx_word' id='word_1_40' title='bbox 934 577 1216 625; x_wconf 77' lang='lat' dir='ltr'>modicum1:</span> <span class='ocrx_word' id='word_1_41' title='bbox 1244 600 1264 620; x_wconf 68' lang='grc' dir='ltr'>(ι</span> <span class='ocrx_word' id='word_1_42' title='bbox 1286 579 1369 626; x_wconf 93' lang='lat' dir='ltr'>Per</span> <span class='ocrx_word' id='word_1_43' title='bbox 1391 581 1501 645; x_wconf 87' lang='lat' dir='ltr'>quid</span> 
     </span>
    </p>

    <p class='ocr_par' dir='ltr' id='par_1_5' title="bbox 124 645 1512 2118">
     <span class='ocr_line' id='line_1_7' title="bbox 124 645 1503 712; baseline 0.004 -20"><span class='ocrx_word' id='word_1_44' title='bbox 124 645 258 707; x_wconf 84' lang='lat' dir='ltr'>igitur</span> <span class='ocrx_word' id='word_1_45' title='bbox 278 659 379 695; x_wconf 88' lang='lat' dir='ltr'>sunt</span> <span class='ocrx_word' id='word_1_46' title='bbox 400 649 482 706; x_wconf 80' lang='lat' dir='ltr'>sub</span> <span class='ocrx_word' id='word_1_47' title='bbox 508 647 684 694; x_wconf 87' lang='lat' dir='ltr'>diabolo</span> <span class='ocrx_word' id='word_1_48' title='bbox 707 646 907 711; x_wconf 83' lang='lat' dir='ltr'>parvuli,</span> <span class='ocrx_word' id='word_1_49' title='bbox 936 648 1011 711; x_wconf 87' lang='lat' dir='ltr'>qui</span> <span class='ocrx_word' id='word_1_50' title='bbox 1035 648 1087 695; x_wconf 90' lang='lat' dir='ltr'>de</span> <span class='ocrx_word' id='word_1_51' title='bbox 1111 650 1374 712; x_wconf 84' lang='lat' dir='ltr'>corporibus</span> <span class='ocrx_word' id='word_1_52' title='bbox 1400 669 1503 697; x_wconf 82' lang='lat' dir='ltr'>nas-</span> 
     </span>
     <span class='ocr_line' id='line_1_8' title="bbox 127 716 1504 784; baseline 0.002 -22"><span class='ocrx_word' id='word_1_53' title='bbox 127 727 288 773; x_wconf 74' lang='lat' dir='ltr'>cuntur</span> <span class='ocrx_word' id='word_1_54' title='bbox 305 735 406 782; x_wconf 72' lang='lat' dir='ltr'>quae</span> <span class='ocrx_word' id='word_1_55' title='bbox 428 716 531 773; x_wconf 76' lang='lat' dir='ltr'>fecit</span> <span class='ocrx_word' id='word_1_56' title='bbox 549 718 663 766; x_wconf 84' lang='lat' dir='ltr'>Deus</span> <span class='ocrx_word' id='word_1_57' title='bbox 677 755 688 774; x_wconf 84' lang='lat'><strong>,</strong></span> <span class='ocrx_word' id='word_1_58' title='bbox 715 717 769 763; x_wconf 88' lang='lat' dir='ltr'>de</span> <span class='ocrx_word' id='word_1_59' title='bbox 787 718 1092 764; x_wconf 78' lang='lat' dir='ltr'>commixtione</span> <span class='ocrx_word' id='word_1_60' title='bbox 1111 736 1230 765; x_wconf 81' lang='lat' dir='ltr'>sexus</span> <span class='ocrx_word' id='word_1_61' title='bbox 1256 737 1387 784; x_wconf 86' lang='lat' dir='ltr'>quem</span> <span class='ocrx_word' id='word_1_62' title='bbox 1411 721 1504 766; x_wconf 90' lang='lat' dir='ltr'>dis-</span> 
     </span>
     <span class='ocr_line' id='line_1_9' title="bbox 126 785 1488 849; baseline 0.004 -19"><span class='ocrx_word' id='word_1_63' title='bbox 126 785 258 835; x_wconf 84' lang='lat' dir='ltr'>tinxit</span> <span class='ocrx_word' id='word_1_64' title='bbox 279 787 512 834; x_wconf 87' lang='lat' dir='ltr'>formando</span> <span class='ocrx_word' id='word_1_65' title='bbox 529 824 540 845; x_wconf 83' lang='lat'>,</span> <span class='ocrx_word' id='word_1_66' title='bbox 570 785 644 834; x_wconf 90' lang='lat' dir='ltr'>sed</span> <span class='ocrx_word' id='word_1_67' title='bbox 667 787 968 834; x_wconf 85' lang='lat' dir='ltr'>benedicendo</span> <span class='ocrx_word' id='word_1_68' title='bbox 986 790 1212 849; x_wconf 83' lang='lat' dir='ltr'>conjunxit</span> <span class='ocrx_word' id='word_1_69' title='bbox 1227 827 1240 846; x_wconf 88' lang='lat'><strong><em>,</em></strong></span> <span class='ocrx_word' id='word_1_70' title='bbox 1266 801 1309 835; x_wconf 83' lang='lat' dir='ltr'>et</span> <span class='ocrx_word' id='word_1_71' title='bbox 1326 790 1488 836; x_wconf 88' lang='lat' dir='ltr'>foecun-</span> 
     </span>
     <span class='ocr_line' id='line_1_10' title="bbox 127 854 1505 924; baseline 0.003 -22"><span class='ocrx_word' id='word_1_72' title='bbox 127 854 307 911; x_wconf 80' lang='lat' dir='ltr'>ditatem</span> <span class='ocrx_word' id='word_1_73' title='bbox 328 858 554 905; x_wconf 88' lang='lat' dir='ltr'>inserendo</span> <span class='ocrx_word' id='word_1_74' title='bbox 583 858 897 922; x_wconf 80' lang='lat' dir='ltr'>multiplicavit</span> <span class='ocrx_word' id='word_1_75' title='bbox 928 860 1067 916; x_wconf 82' lang='lat' dir='ltr'>Deus,</span> <span class='ocrx_word' id='word_1_76' title='bbox 1094 871 1136 905; x_wconf 91' lang='lat' dir='ltr'>et</span> <span class='ocrx_word' id='word_1_77' title='bbox 1156 860 1273 923; x_wconf 89' lang='lat' dir='ltr'>ipsos</span> <span class='ocrx_word' id='word_1_78' title='bbox 1296 861 1505 924; x_wconf 86' lang='lat' dir='ltr'>parvulos</span> 
     </span>
     <span class='ocr_line' id='line_1_11' title="bbox 126 924 1504 992; baseline 0.003 -19"><span class='ocrx_word' id='word_1_79' title='bbox 126 924 181 973; x_wconf 87' lang='lat' dir='ltr'>de</span> <span class='ocrx_word' id='word_1_80' title='bbox 203 929 383 985; x_wconf 83' lang='lat' dir='ltr'>materia</span> <span class='ocrx_word' id='word_1_81' title='bbox 420 929 591 980; x_wconf 83' lang='lat' dir='ltr'>seminis</span> <span class='ocrx_word' id='word_1_82' title='bbox 613 928 717 975; x_wconf 84' lang='lat' dir='ltr'>fecit</span> <span class='ocrx_word' id='word_1_83' title='bbox 746 930 895 977; x_wconf 70' lang='lat' dir='ltr'>Deus?</span> <span class='ocrx_word' id='word_1_84' title='bbox 921 926 967 975; x_wconf 90' lang='lat' dir='ltr'>Si</span> <span class='ocrx_word' id='word_1_85' title='bbox 996 946 1074 992; x_wconf 86' lang='lat' dir='ltr'>per</span> <span class='ocrx_word' id='word_1_86' title='bbox 1100 931 1243 976; x_wconf 87' lang='lat' dir='ltr'>Deum</span> <span class='ocrx_word' id='word_1_87' title='bbox 1278 931 1504 977; x_wconf 82' lang='lat' dir='ltr'>materiam</span> 
     </span>
     <span class='ocr_line' id='line_1_12' title="bbox 125 999 1505 1066; baseline 0.003 -22"><span class='ocrx_word' id='word_1_88' title='bbox 125 1014 390 1062; x_wconf 73' lang='lat' dir='ltr'>corporum,</span> <span class='ocrx_word' id='word_1_89' title='bbox 417 1016 496 1063; x_wconf 87' lang='lat' dir='ltr'>per</span> <span class='ocrx_word' id='word_1_90' title='bbox 530 1001 672 1047; x_wconf 91' lang='lat' dir='ltr'>Deum</span> <span class='ocrx_word' id='word_1_91' title='bbox 703 999 903 1060; x_wconf 75' lang='lat' dir='ltr'>genitalia</span> <span class='ocrx_word' id='word_1_92' title='bbox 943 1017 1182 1064; x_wconf 86' lang='lat' dir='ltr'>corporum</span> <span class='ocrx_word' id='word_1_93' title='bbox 1201 1039 1212 1057; x_wconf 87' lang='lat'>‚</span> <span class='ocrx_word' id='word_1_94' title='bbox 1248 1019 1328 1066; x_wconf 83' lang='lat' dir='ltr'>per</span> <span class='ocrx_word' id='word_1_95' title='bbox 1363 1003 1505 1048; x_wconf 88' lang='lat' dir='ltr'>Deum</span> 
     </span>
     <span class='ocr_line' id='line_1_13' title="bbox 125 1070 1502 1133; baseline 0.002 -19"><span class='ocrx_word' id='word_1_96' title='bbox 125 1070 473 1125; x_wconf 78' lang='lat' dir='ltr'>commixtionem</span> <span class='ocrx_word' id='word_1_97' title='bbox 491 1070 760 1131; x_wconf 81' lang='lat' dir='ltr'>genitalium,</span> <span class='ocrx_word' id='word_1_98' title='bbox 773 1087 852 1133; x_wconf 86' lang='lat' dir='ltr'>per</span> <span class='ocrx_word' id='word_1_99' title='bbox 861 1072 1001 1116; x_wconf 91' lang='lat' dir='ltr'>Deum</span> <span class='ocrx_word' id='word_1_100' title='bbox 1015 1071 1145 1117; x_wconf 85' lang='lat' dir='ltr'>etiam</span> <span class='ocrx_word' id='word_1_101' title='bbox 1163 1072 1251 1118; x_wconf 89' lang='lat' dir='ltr'>vim</span> <span class='ocrx_word' id='word_1_102' title='bbox 1269 1072 1502 1128; x_wconf 87' lang='lat' dir='ltr'>seminum,</span> 
     </span>
     <span class='ocr_line' id='line_1_14' title="bbox 124 1140 1506 1205; baseline 0.002 -21"><span class='ocrx_word' id='word_1_103' title='bbox 124 1155 205 1202; x_wconf 83' lang='lat' dir='ltr'>per</span> <span class='ocrx_word' id='word_1_104' title='bbox 242 1140 381 1195; x_wconf 81' lang='lat' dir='ltr'>Deum</span> <span class='ocrx_word' id='word_1_105' title='bbox 420 1157 594 1205; x_wconf 90' lang='lat' dir='ltr'>quoque</span> <span class='ocrx_word' id='word_1_106' title='bbox 629 1140 826 1187; x_wconf 87' lang='lat' dir='ltr'>omnium</span> <span class='ocrx_word' id='word_1_107' title='bbox 853 1141 1126 1187; x_wconf 85' lang='lat' dir='ltr'>nascentium</span> <span class='ocrx_word' id='word_1_108' title='bbox 1156 1142 1344 1189; x_wconf 79' lang='lat' dir='ltr'>formam</span> <span class='ocrx_word' id='word_1_109' title='bbox 1377 1152 1506 1205; x_wconf 80' lang='lat' dir='ltr'>atque</span> 
     </span>
     <span class='ocr_line' id='line_1_15' title="bbox 124 1209 1506 1276; baseline 0.001 -20"><span class='ocrx_word' id='word_1_110' title='bbox 124 1209 263 1260; x_wconf 83' lang='lat' dir='ltr'>vitam</span> <span class='ocrx_word' id='word_1_111' title='bbox 284 1211 459 1261; x_wconf 78' lang='lat' dir='ltr'>existere</span> <span class='ocrx_word' id='word_1_112' title='bbox 477 1211 694 1257; x_wconf 83' lang='lat' dir='ltr'>confiteris</span> <span class='ocrx_word' id='word_1_113' title='bbox 713 1231 723 1264; x_wconf 83' lang='lat'><em>3</em></span> <span class='ocrx_word' id='word_1_114' title='bbox 744 1210 852 1275; x_wconf 90' lang='lat' dir='ltr'>quid</span> <span class='ocrx_word' id='word_1_115' title='bbox 871 1221 1000 1274; x_wconf 88' lang='lat' dir='ltr'>putas</span> <span class='ocrx_word' id='word_1_116' title='bbox 1023 1213 1299 1269; x_wconf 84' lang='lat' dir='ltr'>remansisse,</span> <span class='ocrx_word' id='word_1_117' title='bbox 1323 1222 1506 1276; x_wconf 85' lang='lat' dir='ltr'>propter</span> 
     </span>
     <span class='ocr_line' id='line_1_16' title="bbox 126 1279 1507 1345; baseline 0.001 -19"><span class='ocrx_word' id='word_1_118' title='bbox 126 1279 247 1342; x_wconf 85' lang='lat' dir='ltr'>quod</span> <span class='ocrx_word' id='word_1_119' title='bbox 269 1279 445 1332; x_wconf 76' lang='lat' dir='ltr'>diabolo</span> <span class='ocrx_word' id='word_1_120' title='bbox 471 1292 536 1327; x_wconf 83' lang='lat' dir='ltr'>tot</span> <span class='ocrx_word' id='word_1_121' title='bbox 559 1282 638 1327; x_wconf 90' lang='lat' dir='ltr'>Dei</span> <span class='ocrx_word' id='word_1_122' title='bbox 663 1298 793 1345; x_wconf 86' lang='lat' dir='ltr'>opera</span> <span class='ocrx_word' id='word_1_123' title='bbox 810 1281 1141 1327; x_wconf 65' lang='lat' dir='ltr'>transcribasp»</span> <span class='ocrx_word' id='word_1_124' title='bbox 1170 1283 1286 1342; x_wconf 83' lang='lat' dir='ltr'>Ergo</span> <span class='ocrx_word' id='word_1_125' title='bbox 1304 1282 1507 1327; x_wconf 84' lang='lat' dir='ltr'>haeresim</span> 
     </span>
     <span class='ocr_line' id='line_1_17' title="bbox 125 1350 1505 1417; baseline 0.001 -20"><span class='ocrx_word' id='word_1_126' title='bbox 125 1366 254 1407; x_wconf 71' lang='lat' dir='ltr'>vocas</span> <span class='ocrx_word' id='word_1_127' title='bbox 285 1351 457 1400; x_wconf 83' lang='lat' dir='ltr'>alterius</span> <span class='ocrx_word' id='word_1_128' title='bbox 483 1350 791 1417; x_wconf 82' lang='lat' dir='ltr'>disputationis</span> <span class='ocrx_word' id='word_1_129' title='bbox 816 1368 978 1414; x_wconf 88' lang='lat' dir='ltr'>corpus</span> <span class='ocrx_word' id='word_1_130' title='bbox 996 1388 1008 1407; x_wconf 90' lang='lat'><strong><em>,</em></strong></span> <span class='ocrx_word' id='word_1_131' title='bbox 1031 1356 1157 1412; x_wconf 65' lang='lat' dir='ltr'>cujus</span> <span class='ocrx_word' id='word_1_132' title='bbox 1180 1353 1380 1407; x_wconf 85' lang='lat' dir='ltr'>membra</span> <span class='ocrx_word' id='word_1_133' title='bbox 1404 1369 1505 1398; x_wconf 90' lang='lat' dir='ltr'>om—</span> 
     </span>
     <span class='ocr_line' id='line_1_18' title="bbox 125 1420 1021 1486; baseline 0.003 -21"><span class='ocrx_word' id='word_1_134' title='bbox 125 1420 198 1466; x_wconf 87' lang='lat' dir='ltr'>nia</span> <span class='ocrx_word' id='word_1_135' title='bbox 215 1432 334 1468; x_wconf 87' lang='lat' dir='ltr'>recta</span> <span class='ocrx_word' id='word_1_136' title='bbox 354 1433 482 1486; x_wconf 86' lang='lat' dir='ltr'>atque</span> <span class='ocrx_word' id='word_1_137' title='bbox 505 1421 722 1471; x_wconf 82' lang='lat' dir='ltr'>catholica</span> <span class='ocrx_word' id='word_1_138' title='bbox 742 1421 975 1470; x_wconf 79' lang='lat' dir='ltr'>confiteris.</span> <span class='ocrx_word' id='word_1_139' title='bbox 1000 1442 1021 1462; x_wconf 85' lang='lat'>»</span> 
     </span>
     <span class='ocr_line' id='line_1_19' title="bbox 128 1490 1507 1556; baseline 0.001 -19"><span class='ocrx_word' id='word_1_140' title='bbox 128 1520 132 1521; x_wconf 31' lang='grc' dir='ltr'><em>ν</em></span> <span class='ocrx_word' id='word_1_141' title='bbox 193 1492 308 1539; x_wconf 83' lang='lat' dir='ltr'><strong>AUG.</strong></span> <span class='ocrx_word' id='word_1_142' title='bbox 352 1493 618 1541; x_wconf 81' lang='lat' dir='ltr'>Novatiauos</span> <span class='ocrx_word' id='word_1_143' title='bbox 633 1529 646 1549; x_wconf 87' lang='lat'>,</span> <span class='ocrx_word' id='word_1_144' title='bbox 685 1492 868 1538; x_wconf 86' lang='lat' dir='ltr'>Arianos</span> <span class='ocrx_word' id='word_1_145' title='bbox 887 1528 900 1548; x_wconf 82' lang='grc'>,</span> <span class='ocrx_word' id='word_1_146' title='bbox 940 1490 1238 1538; x_wconf 85' lang='lat' dir='ltr'>Eunomianos</span> <span class='ocrx_word' id='word_1_147' title='bbox 1257 1529 1268 1549; x_wconf 85' lang='lat'><strong>,</strong></span> <span class='ocrx_word' id='word_1_148' title='bbox 1313 1492 1507 1556; x_wconf 82' lang='lat' dir='ltr'>aliosque</span> 
     </span>
     <span class='ocr_line' id='line_1_20' title="bbox 127 1562 1506 1625; baseline 0.001 -17"><span class='ocrx_word' id='word_1_149' title='bbox 127 1562 386 1621; x_wconf 80' lang='lat' dir='ltr'>nonnullos,</span> <span class='ocrx_word' id='word_1_150' title='bbox 413 1580 557 1610; x_wconf 88' lang='lat' dir='ltr'>nonne</span> <span class='ocrx_word' id='word_1_151' title='bbox 585 1564 716 1611; x_wconf 84' lang='lat' dir='ltr'>etiam</span> <span class='ocrx_word' id='word_1_152' title='bbox 737 1579 839 1608; x_wconf 90' lang='lat' dir='ltr'>cum</span> <span class='ocrx_word' id='word_1_153' title='bbox 864 1573 1006 1609; x_wconf 86' lang='lat' dir='ltr'>totum</span> <span class='ocrx_word' id='word_1_154' title='bbox 1029 1563 1292 1625; x_wconf 80' lang='lat' dir='ltr'>Symbolum</span> <span class='ocrx_word' id='word_1_155' title='bbox 1325 1563 1506 1609; x_wconf 88' lang='lat' dir='ltr'>confessi</span> 
     </span>
     <span class='ocr_line' id='line_1_21' title="bbox 125 1630 1506 1697; baseline 0.001 -20"><span class='ocrx_word' id='word_1_156' title='bbox 125 1630 316 1688; x_wconf 80' lang='lat' dir='ltr'>fuerint,</span> <span class='ocrx_word' id='word_1_157' title='bbox 339 1651 548 1687; x_wconf 79' lang='lat' dir='ltr'>vocamus</span> <span class='ocrx_word' id='word_1_158' title='bbox 571 1631 830 1681; x_wconf 68' lang='lat' dir='ltr'>haereticos?</span> <span class='ocrx_word' id='word_1_159' title='bbox 859 1634 917 1679; x_wconf 91' lang='lat' dir='ltr'>Ut</span> <span class='ocrx_word' id='word_1_160' title='bbox 937 1650 1038 1693; x_wconf 84' lang='lat' dir='ltr'>ergo</span> <span class='ocrx_word' id='word_1_161' title='bbox 1065 1633 1147 1679; x_wconf 86' lang='lat' dir='ltr'>alia</span> <span class='ocrx_word' id='word_1_162' title='bbox 1176 1644 1341 1681; x_wconf 82' lang='lat' dir='ltr'>taceam</span> <span class='ocrx_word' id='word_1_163' title='bbox 1364 1633 1506 1697; x_wconf 84' lang='lat' dir='ltr'>perti-</span> 
     </span>
     <span class='ocr_line' id='line_1_22' title="bbox 128 1704 1508 1768; baseline 0 -18"><span class='ocrx_word' id='word_1_164' title='bbox 128 1704 273 1756; x_wconf 77' lang='lat' dir='ltr'>nentia</span> <span class='ocrx_word' id='word_1_165' title='bbox 300 1704 356 1751; x_wconf 84' lang='lat' dir='ltr'>ad</span> <span class='ocrx_word' id='word_1_166' title='bbox 373 1705 575 1756; x_wconf 81' lang='lat' dir='ltr'>haeresim</span> <span class='ocrx_word' id='word_1_167' title='bbox 596 1714 809 1757; x_wconf 84' lang='lat' dir='ltr'>vestram;</span> <span class='ocrx_word' id='word_1_168' title='bbox 831 1704 1055 1768; x_wconf 88' lang='lat' dir='ltr'>quomodo</span> <span class='ocrx_word' id='word_1_169' title='bbox 1078 1721 1154 1751; x_wconf 88' lang='lat' dir='ltr'>vos</span> <span class='ocrx_word' id='word_1_170' title='bbox 1177 1722 1267 1750; x_wconf 90' lang='lat' dir='ltr'>non</span> <span class='ocrx_word' id='word_1_171' title='bbox 1283 1705 1348 1752; x_wconf 83' lang='lat' dir='ltr'>vis</span> <span class='ocrx_word' id='word_1_172' title='bbox 1374 1721 1508 1750; x_wconf 89' lang='lat' dir='ltr'>voce-</span> 
     </span>
     <span class='ocr_line' id='line_1_23' title="bbox 128 1774 1510 1840; baseline -0.001 -20"><span class='ocrx_word' id='word_1_173' title='bbox 128 1791 226 1822; x_wconf 89' lang='lat' dir='ltr'>mus</span> <span class='ocrx_word' id='word_1_174' title='bbox 256 1775 511 1834; x_wconf 85' lang='lat' dir='ltr'>haereticos,</span> <span class='ocrx_word' id='word_1_175' title='bbox 537 1776 616 1840; x_wconf 89' lang='lat' dir='ltr'>qui</span> <span class='ocrx_word' id='word_1_176' title='bbox 648 1775 812 1836; x_wconf 85' lang='lat' dir='ltr'>negatis</span> <span class='ocrx_word' id='word_1_177' title='bbox 845 1774 1052 1837; x_wconf 86' lang='lat' dir='ltr'>parvulos</span> <span class='ocrx_word' id='word_1_178' title='bbox 1082 1775 1176 1821; x_wconf 88' lang='lat' dir='ltr'>erui</span> <span class='ocrx_word' id='word_1_179' title='bbox 1207 1774 1261 1821; x_wconf 88' lang='lat' dir='ltr'>de</span> <span class='ocrx_word' id='word_1_180' title='bbox 1293 1784 1510 1838; x_wconf 78' lang='lat' dir='ltr'>potestate</span> 
     </span>
     <span class='ocr_line' id='line_1_24' title="bbox 129 1842 1512 1910; baseline 0 -20"><span class='ocrx_word' id='word_1_181' title='bbox 129 1847 407 1901; x_wconf 81' lang='lat' dir='ltr'>tenebrarum</span> <span class='ocrx_word' id='word_1_182' title='bbox 423 1884 436 1905; x_wconf 85' lang='lat'><strong>,</strong></span> <span class='ocrx_word' id='word_1_183' title='bbox 453 1847 631 1910; x_wconf 87' lang='lat' dir='ltr'>quando</span> <span class='ocrx_word' id='word_1_184' title='bbox 656 1844 975 1892; x_wconf 84' lang='lat' dir='ltr'>transferuutur</span> <span class='ocrx_word' id='word_1_185' title='bbox 995 1844 1050 1890; x_wconf 86' lang='lat' dir='ltr'>ad</span> <span class='ocrx_word' id='word_1_186' title='bbox 1073 1844 1300 1891; x_wconf 88' lang='lat' dir='ltr'>Christum</span> <span class='ocrx_word' id='word_1_187' title='bbox 1316 1882 1327 1901; x_wconf 86' lang='lat'>,</span> <span class='ocrx_word' id='word_1_188' title='bbox 1354 1842 1400 1890; x_wconf 87' lang='lat' dir='ltr'>in</span> <span class='ocrx_word' id='word_1_189' title='bbox 1415 1845 1512 1908; x_wconf 88' lang='lat' dir='ltr'>qui-</span> 
     </span>
     <span class='ocr_line' id='line_1_25' title="bbox 129 1914 1507 1981; baseline 0 -21"><span class='ocrx_word' id='word_1_190' title='bbox 129 1914 213 1967; x_wconf 85' lang='lat' dir='ltr'>hus</span> <span class='ocrx_word' id='word_1_191' title='bbox 224 1919 469 1980; x_wconf 84' lang='lat' dir='ltr'>accepturis</span> <span class='ocrx_word' id='word_1_192' title='bbox 484 1918 696 1981; x_wconf 86' lang='lat' dir='ltr'>Spiritum</span> <span class='ocrx_word' id='word_1_193' title='bbox 717 1926 916 1961; x_wconf 89' lang='lat' dir='ltr'>sanctum</span> <span class='ocrx_word' id='word_1_194' title='bbox 936 1925 1026 1960; x_wconf 86' lang='lat' dir='ltr'>tota</span> <span class='ocrx_word' id='word_1_195' title='bbox 1041 1915 1281 1978; x_wconf 85' lang='lat' dir='ltr'>antiquitus</span> <span class='ocrx_word' id='word_1_196' title='bbox 1295 1914 1507 1970; x_wconf 86' lang='lat' dir='ltr'>Ecclesia,</span> 
     </span>
     <span class='ocr_line' id='line_1_26' title="bbox 129 1983 1511 2050; baseline -0.003 -16"><span class='ocrx_word' id='word_1_197' title='bbox 129 2004 230 2050; x_wconf 86' lang='lat' dir='ltr'>quae</span> <span class='ocrx_word' id='word_1_198' title='bbox 262 1987 414 2034; x_wconf 83' lang='lat' dir='ltr'>laudat</span> <span class='ocrx_word' id='word_1_199' title='bbox 436 2005 594 2033; x_wconf 90' lang='lat' dir='ltr'>nomen</span> <span class='ocrx_word' id='word_1_200' title='bbox 617 1984 797 2032; x_wconf 87' lang='lat' dir='ltr'>Domini</span> <span class='ocrx_word' id='word_1_201' title='bbox 819 2002 843 2029; x_wconf 86' lang='lat' dir='ltr'>a</span> <span class='ocrx_word' id='word_1_202' title='bbox 866 1983 966 2029; x_wconf 90' lang='lat' dir='ltr'>solis</span> <span class='ocrx_word' id='word_1_203' title='bbox 1002 1995 1102 2029; x_wconf 87' lang='lat' dir='ltr'>ortu</span> <span class='ocrx_word' id='word_1_204' title='bbox 1125 2000 1261 2047; x_wconf 84' lang='lat' dir='ltr'>usque</span> <span class='ocrx_word' id='word_1_205' title='bbox 1298 1983 1355 2029; x_wconf 87' lang='lat' dir='ltr'>ad</span> <span class='ocrx_word' id='word_1_206' title='bbox 1379 2000 1511 2030; x_wconf 81' lang='lat' dir='ltr'>occa-</span> 
     </span>
     <span class='ocr_line' id='line_1_27' title="bbox 130 2054 1328 2118; baseline -0.003 -14"><span class='ocrx_word' id='word_1_207' title='bbox 130 2075 227 2109; x_wconf 84' lang='lat' dir='ltr'>sum</span> <span class='ocrx_word' id='word_1_208' title='bbox 245 2095 258 2115; x_wconf 88' lang='lat'>‚</span> <span class='ocrx_word' id='word_1_209' title='bbox 287 2059 477 2107; x_wconf 83' lang='lat' dir='ltr'>exsufflat</span> <span class='ocrx_word' id='word_1_210' title='bbox 495 2069 538 2104; x_wconf 88' lang='lat' dir='ltr'>et</span> <span class='ocrx_word' id='word_1_211' title='bbox 556 2057 764 2104; x_wconf 84' lang='lat' dir='ltr'>exorcisat</span> <span class='ocrx_word' id='word_1_212' title='bbox 784 2054 989 2118; x_wconf 89' lang='lat' dir='ltr'>spiritum</span> <span class='ocrx_word' id='word_1_213' title='bbox 1012 2054 1328 2100; x_wconf 67' lang='lat' dir='ltr'>immundum?</span> 
     </span>
    </p>

    <p class='ocr_par' dir='ltr' id='par_1_6' title="bbox 130 2123 1512 2400">
     <span class='ocr_line' id='line_1_28' title="bbox 195 2123 1506 2190; baseline -0.004 -15"><span class='ocrx_word' id='word_1_214' title='bbox 195 2128 321 2187; x_wconf 73' lang='lat' dir='ltr'>VIII,</span> <span class='ocrx_word' id='word_1_215' title='bbox 351 2129 375 2175; x_wconf 83' lang='lat' dir='ltr'><strong>J</strong></span> <span class='ocrx_word' id='word_1_216' title='bbox 385 2145 451 2176; x_wconf 72' lang='lat' dir='ltr'>ur„</span> <span class='ocrx_word' id='word_1_217' title='bbox 483 2148 504 2171; x_wconf 74' lang='grc' dir='ltr'><em>α</em></span> <span class='ocrx_word' id='word_1_218' title='bbox 529 2129 640 2174; x_wconf 84' lang='lat' dir='ltr'>Nam</span> <span class='ocrx_word' id='word_1_219' title='bbox 671 2136 771 2190; x_wconf 86' lang='lat' dir='ltr'>post</span> <span class='ocrx_word' id='word_1_220' title='bbox 791 2141 924 2188; x_wconf 85' lang='lat' dir='ltr'>quam</span> <span class='ocrx_word' id='word_1_221' title='bbox 955 2123 1256 2174; x_wconf 88' lang='lat' dir='ltr'>collectionem</span> <span class='ocrx_word' id='word_1_222' title='bbox 1282 2134 1474 2171; x_wconf 85' lang='lat' dir='ltr'>nostram</span> <span class='ocrx_word' id='word_1_223' title='bbox 1495 2160 1506 2181; x_wconf 91' lang='lat'>‚</span> 
     </span>
     <span class='ocr_line' id='line_1_29' title="bbox 130 2194 1512 2263; baseline -0.004 -18"><span class='ocrx_word' id='word_1_224' title='bbox 130 2216 233 2263; x_wconf 87' lang='lat' dir='ltr'>quae</span> <span class='ocrx_word' id='word_1_225' title='bbox 249 2210 371 2246; x_wconf 87' lang='lat' dir='ltr'>tanta</span> <span class='ocrx_word' id='word_1_226' title='bbox 386 2211 447 2246; x_wconf 84' lang='lat' dir='ltr'>est</span> <span class='ocrx_word' id='word_1_227' title='bbox 467 2200 649 2247; x_wconf 84' lang='lat' dir='ltr'>veritate</span> <span class='ocrx_word' id='word_1_228' title='bbox 673 2197 840 2243; x_wconf 88' lang='lat' dir='ltr'>munita</span> <span class='ocrx_word' id='word_1_229' title='bbox 855 2231 868 2253; x_wconf 90' lang='lat'>‚</span> <span class='ocrx_word' id='word_1_230' title='bbox 892 2206 940 2240; x_wconf 92' lang='lat' dir='ltr'>ut</span> <span class='ocrx_word' id='word_1_231' title='bbox 966 2195 1011 2240; x_wconf 90' lang='lat' dir='ltr'>in</span> <span class='ocrx_word' id='word_1_232' title='bbox 1035 2205 1075 2240; x_wconf 90' lang='lat' dir='ltr'>te</span> <span class='ocrx_word' id='word_1_233' title='bbox 1098 2205 1187 2240; x_wconf 88' lang='lat' dir='ltr'>tota</span> <span class='ocrx_word' id='word_1_234' title='bbox 1209 2194 1408 2251; x_wconf 80' lang='lat' dir='ltr'>ferretur,</span> <span class='ocrx_word' id='word_1_235' title='bbox 1432 2212 1512 2240; x_wconf 89' lang='lat' dir='ltr'>nec</span> 
     </span>
     <span class='ocr_line' id='line_1_30' title="bbox 132 2264 1508 2331; baseline -0.004 -16"><span class='ocrx_word' id='word_1_236' title='bbox 132 2269 333 2325; x_wconf 74' lang='lat' dir='ltr'>convicio,</span> <span class='ocrx_word' id='word_1_237' title='bbox 356 2287 450 2323; x_wconf 87' lang='lat' dir='ltr'>eam</span> <span class='ocrx_word' id='word_1_238' title='bbox 480 2280 686 2315; x_wconf 84' lang='lat' dir='ltr'>temerare</span> <span class='ocrx_word' id='word_1_239' title='bbox 710 2265 899 2331; x_wconf 86' lang='lat' dir='ltr'>quiveris</span> <span class='ocrx_word' id='word_1_240' title='bbox 919 2302 931 2321; x_wconf 87' lang='lat'>‚</span> <span class='ocrx_word' id='word_1_241' title='bbox 960 2266 1049 2310; x_wconf 86' lang='lat' dir='ltr'>Deo</span> <span class='ocrx_word' id='word_1_242' title='bbox 1071 2265 1270 2325; x_wconf 83' lang='lat' dir='ltr'>adigente</span> <span class='ocrx_word' id='word_1_243' title='bbox 1296 2264 1508 2321; x_wconf 84' lang='lat' dir='ltr'>laudasti,</span> 
     </span>
     <span class='ocr_line' id='line_1_31' title="bbox 133 2330 873 2400; baseline -0.005 -14"><span class='ocrx_word' id='word_1_244' title='bbox 133 2340 334 2390; x_wconf 84' lang='lat' dir='ltr'>effectum</span> <span class='ocrx_word' id='word_1_245' title='bbox 363 2330 504 2386; x_wconf 83' lang='lat' dir='ltr'>tamen</span> <span class='ocrx_word' id='word_1_246' title='bbox 527 2344 618 2400; x_wconf 76' lang='lat' dir='ltr'>ejus</span> <span class='ocrx_word' id='word_1_247' title='bbox 641 2354 831 2385; x_wconf 77' lang='lat' dir='ltr'>accusas,</span> <span class='ocrx_word' id='word_1_248' title='bbox 853 2357 873 2378; x_wconf 77' lang='lat'>&gt;2</span> 
     </span>
    </p>

    <p class='ocr_par' dir='ltr' id='par_1_7' title="bbox 133 2405 1514 2540">
     <span class='ocr_line' id='line_1_32' title="bbox 198 2405 1512 2468; baseline -0.003 -13"><span class='ocrx_word' id='word_1_249' title='bbox 198 2413 316 2456; x_wconf 72' lang='lat' dir='ltr'>Ano.</span> <span class='ocrx_word' id='word_1_250' title='bbox 358 2410 500 2467; x_wconf 86' lang='lat' dir='ltr'>Quem</span> <span class='ocrx_word' id='word_1_251' title='bbox 541 2409 649 2455; x_wconf 84' lang='lat' dir='ltr'>dicis</span> <span class='ocrx_word' id='word_1_252' title='bbox 679 2411 771 2468; x_wconf 84' lang='lat' dir='ltr'>ejus</span> <span class='ocrx_word' id='word_1_253' title='bbox 803 2406 1003 2451; x_wconf 84' lang='lat' dir='ltr'>effectum</span> <span class='ocrx_word' id='word_1_254' title='bbox 1025 2441 1037 2460; x_wconf 85' lang='lat'><strong>,</strong></span> <span class='ocrx_word' id='word_1_255' title='bbox 1071 2422 1162 2452; x_wconf 89' lang='lat' dir='ltr'>non</span> <span class='ocrx_word' id='word_1_256' title='bbox 1189 2405 1392 2465; x_wconf 84' lang='lat' dir='ltr'>intelligis</span> <span class='ocrx_word' id='word_1_257' title='bbox 1425 2423 1512 2452; x_wconf 90' lang='lat' dir='ltr'>esse</span> 
     </span>
     <span class='ocr_line' id='line_1_33' title="bbox 133 2475 1514 2540; baseline -0.003 -14"><span class='ocrx_word' id='word_1_258' title='bbox 133 2489 324 2535; x_wconf 84' lang='lat' dir='ltr'>vestrum</span> <span class='ocrx_word' id='word_1_259' title='bbox 355 2479 589 2526; x_wconf 86' lang='lat' dir='ltr'>defectum.</span> <span class='ocrx_word' id='word_1_260' title='bbox 630 2480 691 2525; x_wconf 86' lang='lat' dir='ltr'>Ex</span> <span class='ocrx_word' id='word_1_261' title='bbox 715 2479 782 2523; x_wconf 87' lang='lat' dir='ltr'>his</span> <span class='ocrx_word' id='word_1_262' title='bbox 817 2476 932 2522; x_wconf 91' lang='lat' dir='ltr'>enim</span> <span class='ocrx_word' id='word_1_263' title='bbox 962 2475 1073 2523; x_wconf 83' lang='lat' dir='ltr'>veris</span> <span class='ocrx_word' id='word_1_264' title='bbox 1097 2492 1197 2540; x_wconf 84' lang='lat' dir='ltr'>quae</span> <span class='ocrx_word' id='word_1_265' title='bbox 1227 2475 1370 2521; x_wconf 90' lang='lat' dir='ltr'>dicitis</span> <span class='ocrx_word' id='word_1_266' title='bbox 1390 2477 1514 2539; x_wconf 86' lang='lat' dir='ltr'>quasi</span> 
     </span>
    </p>

    <p class='ocr_par' dir='ltr' id='par_1_8' title="bbox 185 2558 868 2605">
     <span class='ocr_line' id='line_1_34' title="bbox 185 2558 868 2605; baseline -0.003 -10"><span class='ocrx_word' id='word_1_267' title='bbox 185 2560 196 2584; x_wconf 90' lang='lat'><strong>¹</strong></span> <span class='ocrx_word' id='word_1_268' title='bbox 213 2561 297 2595; x_wconf 84' lang='lat' dir='ltr'>Vide</span> <span class='ocrx_word' id='word_1_269' title='bbox 315 2561 375 2596; x_wconf 89' lang='lat' dir='ltr'>lib.</span> <span class='ocrx_word' id='word_1_270' title='bbox 399 2573 429 2594; x_wconf 84' lang='lat'>2.</span> <span class='ocrx_word' id='word_1_271' title='bbox 445 2561 485 2594; x_wconf 89' lang='lat' dir='ltr'>de</span> <span class='ocrx_word' id='word_1_272' title='bbox 503 2563 604 2605; x_wconf 86' lang='lat' dir='ltr'>Nupt.</span> <span class='ocrx_word' id='word_1_273' title='bbox 621 2566 657 2594; x_wconf 73' lang='lat' dir='ltr'>et</span> <span class='ocrx_word' id='word_1_274' title='bbox 667 2563 767 2594; x_wconf 82' lang='lat' dir='ltr'>Cone.</span> <span class='ocrx_word' id='word_1_275' title='bbox 783 2570 813 2594; x_wconf 88' lang='lat' dir='ltr'>c.</span> <span class='ocrx_word' id='word_1_276' title='bbox 834 2558 868 2593; x_wconf 67' lang='lat'>5:</span> 
     </span>
    </p>
   </div>
  </div>
 </body>
</html>
