1824 3236
249 264 342 323 486
672 280 706 310 s,
753 275 994 312 AUGUSTINI
1032 282 1234 313 EPISCOPI

257 347 504 394 innocentia
530 346 783 411 disputatur
805 385 815 404 ‚
858 357 898 393 et
916 346 933 376 1
972 359 1115 394 tamen
1141 346 1505 394 considerandum
1535 354 1627 404 est,

253 428 402 465 utrum
429 418 481 464 ad
505 419 718 479 J'ustitiam
746 417 968 465 voluntate
990 419 1135 466 redeat
1158 420 1234 484 qui
1254 420 1518 484 peccaverit,
1543 436 1631 465 non

255 489 309 536 ad
334 490 656 545 innocentiam3
680 490 792 536 sicut
813 490 887 536 illa
912 490 965 536 ad
993 491 1251 554 pudicitiam
1270 529 1279 547 ‚
1306 508 1393 536 non
1420 490 1472 536 ad
1495 490 1631 550 virgi-

252 561 430 607 nitatem
457 560 582 607 redit.
618 558 730 606 Nam
757 560 869 606 sicut
891 560 1324 621 inJ'ustitiajustitiae3
1351 562 1409 607 ita
1426 562 1633 607 innocen·

255 632 326 677 tiae
350 631 468 676 velut
490 634 580 690 ejus
605 632 872 677 eontrarium
894 669 904 688 ‚
931 643 1019 677 non
1041 632 1269 692 injustitia,
1296 632 1367 677 sed
1389 643 1530 678 reatus
1549 648 1634 694 op·-

252 701 432 765 ponitur
456 739 466 756 ‚
491 702 567 767 qui
594 702 785 748 hominis
820 702 1047 749 voluntate
1081 720 1169 749 non
1204 700 1372 749 tollitur
1396 741 1406 759 ‚
1444 703 1523 748 etsi
1545 706 1635 762 ejus

256 771 480 818 voluntate
511 772 564 818 sit
588 772 742 820 factus.
777 774 876 819 Non
901 773 1015 818 enim
1053 790 1203 820 verum
1228 773 1375 825 videt,
1413 772 1489 836 qui
1513 782 1641 836 putat

254 853 422 890 reatum
447 843 631 907 sibiipsi
655 845 803 890 tollere
823 845 1140 908 poenitentem3
1169 861 1423 909 quanquam
1443 855 1484 889 et
1502 844 1640 907 ipsam

257 914 564 978 poenitentiam
589 919 679 975 ejus
700 914 791 971 det,
815 915 934 980 quod
963 914 1200 979 Apostolus
1216 917 1447 962 confirmat
1464 914 1610 960 dicens
1626 951 1637 970 ,

258 986 367 1031 «Ne
399 983 509 1030 forte
541 982 625 1030 illis
662 985 778 1030 Deus
807 986 880 1032 det
916 986 1288 1050 poenitentiam2;
1315 1009 1334 1029 ³>
1368 985 1439 1033 sed
1475 994 1640 1032 reatum

260 1055 524 1119 apertissime
541 1056 657 1101 Deus
678 1056 806 1112 tollit,
833 1055 1002 1103 homini
1022 1057 1169 1104 dando
1187 1057 1499 1118 indulgentiam
1519 1078 1529 1111 ;
1555 1074 1642 1102 non

260 1126 343 1172 sibi
372 1127 464 1190 ipse
488 1125 648 1181 homo,
676 1127 842 1187 agendo
861 1128 1182 1191 poenitentiam.
1221 1125 1447 1174 Debemus
1477 1127 1643 1191 quippe

264 1196 389 1242 illum
415 1195 619 1253 recolere,
643 1198 720 1261 qui
738 1198 883 1245 locum
907 1199 1183 1263 poenitentiae
1200 1217 1286 1245 non
1309 1198 1475 1244 invenit
1492 1208 1644 1261 quam-

261 1267 324 1313 vis
350 1284 450 1314 cum
473 1268 678 1331 lacrymis
702 1269 1068 1332 quaesieriteamss.
1093 1275 1156 1316 Ac
1176 1288 1254 1334 per
1270 1264 1356 1316 hoc
1369 1280 1409 1315 et
1427 1268 1642 1332 poeniten-

261 1339 364 1384 tiam
387 1340 501 1399 egit.
528 1351 571 1385 et
601 1357 697 1386 reus
723 1343 957 1399 remansit,
987 1343 1089 1405 quia
1115 1344 1284 1388 veniam
1310 1358 1396 1387 non
1431 1340 1602 1403 aceepit
1629 1356 1639 1384 z

263 1420 305 1455 et
323 1409 385 1455 illi
412 1411 487 1474 qui
513 1409 660 1456 dicent
684 1411 795 1456 inter
822 1430 864 1458 se
880 1451 889 1468 ,
919 1435 938 1454 «
958 1413 1269 1459 Poenitentiam
1293 1422 1482 1472 agentes,
1507 1421 1547 1455 et
1567 1426 1644 1473 per

263 1502 283 1521 »
303 1481 547 1540 angustiam
578 1482 755 1545 spiritus
788 1494 1026 1543 gementes,
1065 1484 1185 1541 Quid
1218 1483 1344 1529 nobis
1376 1481 1544 1546 profuit
1569 1496 1643 1526 su-

264 1573 283 1594 »
305 1554 535 1617 perbia‘ssPn
551 1565 631 1602 etc,
651 1551 711 1600 rei
732 1555 881 1620 utique
901 1556 945 1602 in
963 1566 1190 1611 aeternum,
1213 1570 1301 1603 non
1323 1565 1502 1619 accepta
1521 1552 1644 1599 venia

264 1627 622 1688 permanebunt:
662 1627 774 1672 sieut
806 1628 935 1673 etiam
973 1628 1045 1674 ille
1082 1628 1135 1674 de
1175 1642 1264 1692 quo
1302 1627 1518 1673 Dominus
1553 1624 1640 1679 ait,

264 1718 285 1738 α
309 1698 404 1744 Non
433 1699 677 1743 remittetur
700 1698 755 1751 ei,
789 1697 860 1744 sed
887 1715 983 1745 reus
1001 1701 1081 1746 erit
1105 1698 1511 1764 aeternipeccati5.»
1533 1698 1646 1742 Eece

261 1768 436 1815 inventa
461 1779 522 1815 est
556 1769 802 1814 innocentia
834 1783 1041 1830 magnum
1072 1768 1264 1817 hominis
1295 1772 1458 1816 bonum
1478 1806 1489 1825 ,
1517 1777 1646 1831 atque

263 1840 323 1886 ita
347 1840 566 1896 naturale,
597 1851 645 1886 ut
670 1857 769 1886 cum
804 1840 877 1886 illa
903 1842 956 1887 sit
990 1841 1193 1888 conditus
1218 1842 1384 1906 primus
1411 1841 1546 1887 homo
1569 1875 1580 1894 ,
1606 1846 1647 1882 et

266 1912 379 1959 sicut
400 1927 476 1959 vos
499 1911 660 1963 dicitis?
686 1928 786 1958 eum
810 1912 883 1959 illa
898 1909 1092 1960 nascitur
1111 1913 1251 1960 omnis
1273 1908 1408 1959 homo
1429 1950 1439 1969 ‚
1462 1927 1563 1977 quae
1587 1920 1648 1954 ta-

265 1998 363 2031 men
387 1980 578 2031 hominis
603 1983 828 2030 voluntate
863 1984 986 2048 perdi
1016 1997 1180 2050 potest‚
1208 1997 1296 2032 non
1321 1994 1463 2049 potest
1483 1981 1607 2028 reddi
1632 1998 1643 2025 ι

265 2065 307 2100 et
339 2066 481 2101 reatus
520 2067 724 2115 magnum
763 2055 927 2102 malum
961 2056 1313 2120 innocentiaeque
1344 2053 1612 2101 contrarium
1633 2088 1644 2107 ,

264 2125 385 2189 quod
410 2135 552 2172 tamen
574 2137 761 2189 potestas
781 2127 989 2184 l·10minis‚
1013 2144 1113 2174 cum
1138 2128 1192 2174 sit
1210 2126 1526 2181 voluntarium,
1548 2140 1648 2187 pos-

265 2200 319 2247 sit
337 2193 493 2245 inferre
517 2235 526 2246 .
552 2209 631 2243 nee
662 2198 796 2261 possit
820 2198 996 2246 auferre.
1036 2200 1249 2245 Vides-ne
1273 2195 1647 2263 quemadmodum

264 2270 472 2331 generalis
492 2279 564 2315 tua
586 2268 731 2329 regula
759 2268 830 2314 illa
853 2269 1103 2330 frangatur,
1129 2287 1213 2334 qua
1237 2271 1427 2334 putabas
1452 2266 1647 2314 naturale

260 2343 427 2389 bonum
448 2378 458 2393 ,
492 2355 570 2386 nos
600 2336 824 2386 voluntate
856 2357 942 2386 non
968 2341 1177 2405 perdere3
1207 2342 1384 2405 quando
1420 2342 1645 2387 inventum

258 2425 320 2461 est
344 2413 465 2478 quod
491 2427 579 2459 non
604 2412 743 2458 solum
763 2423 936 2475 pereat,
979 2413 1049 2460 sed
1088 2432 1168 2459 nee
1200 2413 1345 2460 redeat
1384 2414 1607 2461 voluntate
1631 2447 1641 2465 ,

259 2484 470 2531 duntaxat
504 2483 730 2529 humana?
770 2484 885 2529 Deus
920 2494 1058 2530 autem
1094 2495 1235 2548 potest
1272 2485 1497 2531 hominem
1523 2493 1643 2531 reatu

302 2587 311 2609 ¹
337 2587 431 2616 Forte
461 2584 652 2614 addendum
671 2593 717 2614 esc
733 2610 741 2624 ,
762 2583 800 2614 de
819 2595 853 2615 re
871 2585 942 2626 quae
960 2584 1057 2615 animi
1075 2591 1120 2616 est
1139 2585 1330 2627 disputatur.
1351 2604 1389 2609 —
1420 2584 1434 2606 ²
1457 2597 1472 2615 ἰ
1495 2585 1579 2618 Tim.
1602 2597 1640 2626 ιι,

259 2644 369 2676 25.-
390 2628 404 2663 3
426 2639 528 2674 Hebr.
545 2651 609 2678 xxi,
632 2652 682 2679 17.
704 2657 749 2664 ·-
767 2637 780 2662 ⁴
798 2644 870 2684 Sap.
894 2652 924 2676 v,
947 2642 976 2672 3.
997 2639 1067 2664 ——5
1082 2644 1333 2683 Mare.111‚29.
