1863 3262
200 307 358 338 OPERIS
395 305 661 337 IMPERFECTI
699 303 876 335 CONTRA
912 303 1162 345 JL'LIANUM,
1202 306 1289 337 LIB.
1332 306 1401 337 111.
1508 307 1538 352 9

152 372 363 420 ledictum
381 388 543 427 semen,
565 370 647 416 nisi
665 387 712 416 ex
742 386 830 433 quo
866 387 946 434 per
966 387 1103 416 unum
1136 372 1358 418 hominem
1379 389 1541 436 pecca-

152 454 250 489 tum
269 442 455 489 intravit
484 442 530 487 in
569 440 823 486 mundum?
849 442 885 486 A
908 458 950 486 se
977 441 1082 505 ipsis
1102 453 1245 488 autem
1274 442 1433 488 mutari
1450 460 1540 489 non

153 523 373 578 poterant,
398 529 488 557 non
513 512 568 557 ab
586 511 883 574 omnipotente
906 512 998 557 Deo
1017 529 1027 556 ε
1048 513 1125 576 qui
1142 523 1285 558 tamen
1300 531 1371 559 eos
1390 514 1541 577 utique

146 583 403 644 justissimo,
432 582 633 646 quamvis
659 581 953 627 occultissimo
972 581 1167 641 judicio,
1192 600 1279 628 non
1319 585 1532 631 mutabat.

153 653 223 699 Ab
244 652 327 699 hac
350 653 463 698 enim
484 668 622 697 massa
664 669 752 697 non
789 652 973 698 arbitrio
992 689 1003 708 ,
1034 652 1105 698 sed
1125 653 1204 698 Dei
1223 654 1357 713 gratia
1376 672 1418 699 se
1440 671 1537 700 mu-

153 733 291 770 tatum
307 740 394 769 esse
411 723 577 769 sciebat
594 723 845 786 Apostolus,
873 723 1056 786 quando
1079 723 1272 781 dicebat,
1296 746 1316 766 α
1340 725 1534 782 Fuimu5‚

155 815 176 837 »
199 805 242 840 et
264 811 341 839 nos
365 805 520 840 natura
547 794 625 839 filii
649 795 743 848 irae,
770 794 882 839 sicut
910 805 953 839 et
970 794 1116 840 caeteri
1135 793 1166 839 ⁶.
1191 817 1211 837 ))

217 865 320 911 XII.
350 868 445 911 Jut.
473 886 493 906 «
515 864 649 921 Quod
665 863 767 910 licet
789 865 832 910 in
851 875 967 909 tanta
994 864 1091 910 luce
1118 867 1338 922 consistat,
1362 876 1410 911 ut
1425 865 1539 911 nihil

156 946 231 981 aut
256 935 497 980 absolutius
534 935 797 989 inveniatur,
838 946 910 980 aut
951 935 1124 980 verius:
1149 946 1292 981 tamen
1318 935 1542 1000 pollicitus

155 1022 270 1051 eram
290 1005 377 1050 hoc
394 1005 536 1068 ipsum
564 1005 726 1052 divinae
754 1022 821 1050 me
845 1004 948 1064 legis
966 1006 1215 1051 testimonio
1231 1006 1539 1070 comprobare,

155 1076 202 1123 id
222 1086 300 1133 est,
321 1076 642 1140 iniquissimum
659 1094 762 1134 esse,
787 1078 820 1122 si
850 1078 1147 1136 generantium
1175 1077 1332 1124 scelera
1355 1094 1540 1123 nascen-

157 1148 274 1193 tibus
296 1164 447 1193 eorum
472 1147 620 1193 liberis
640 1149 944 1211 imputentur3
968 1149 1117 1211 sicque
1140 1148 1357 1194 adversari
1381 1149 1537 1203 Deum,

158 1228 208 1264 ut
230 1219 358 1264 etiam
386 1219 431 1263 in
449 1234 524 1263 sua
545 1218 637 1278 lege
651 1219 986 1282 praescripserit,
1012 1236 1091 1264 nec
1117 1219 1199 1265 tale
1216 1219 1457 1282 quidquam
1475 1222 1543 1278 ju-

159 1288 403 1334 dicantium
431 1288 679 1334 deformitas
700 1299 983 1352 perpetraret.
1015 1290 1112 1334 Hoc
1132 1306 1199 1334 me
1221 1306 1320 1349 ergo
1341 1306 1540 1352 spopon-

158 1358 303 1404 deram
330 1357 608 1404 redditurum
637 1376 647 1403 ε
670 1359 744 1404 sed
760 1361 967 1422 quoniam
991 1358 1206 1405 secundus
1229 1359 1341 1405 liber
1360 1358 1543 1422 apostoli

160 1429 285 1474 Pauli
310 1428 576 1492 exponendis
598 1440 660 1475 est
677 1430 897 1476 sententiis
920 1441 1179 1494 occupatus,
1210 1430 1343 1490 hujus
1360 1429 1545 1475 volumi-

161 1500 227 1546 nis
248 1500 402 1563 primis
420 1500 622 1563 partibus
646 1500 776 1546 fidem
797 1501 1002 1561 congruit
1024 1501 1321 1564 promissionis
1349 1500 1537 1564 impleri.

102 1593 104 1595 ·
161 1571 364 1630 Legimus
399 1587 499 1631 ergo
539 1571 583 1616 in
609 1572 967 1628 Deuteronomio,
1005 1573 1051 1617 in
1071 1572 1266 1632 catalogo
1297 1582 1547 1634 praecepto-

166 1657 265 1687 rum
291 1641 453 1704 quibus
473 1641 563 1687 vita
580 1653 621 1688 et
643 1644 915 1689 conversatio
940 1643 1096 1707 populi
1140 1642 1256 1689 illius
1293 1642 1539 1697 ordinatur,

162 1711 292 1757 etiam
309 1711 397 1757 hoc
414 1712 679 1774 apertissime
700 1731 722 1759 a
743 1714 834 1759 Deo
851 1713 980 1759 fuisse
997 1713 1268 1760 mandatum.
1298 1713 1408 1758 Nam
1423 1724 1472 1758 ut
1494 1712 1548 1758 de

162 1781 520 1846 praecedentibus
543 1793 584 1828 et
604 1782 658 1828 de
682 1783 979 1847 sequentibus,
1012 1784 1125 1829 inter
1155 1801 1257 1848 quae
1281 1783 1334 1829 sit
1352 1783 1548 1829 colloca-

164 1863 277 1909 tum,
298 1853 434 1916 possit
460 1853 642 1914 intelligi
665 1871 676 1899 :
695 1876 711 1895 «ι
733 1855 832 1900 Non
858 1854 1102 1911 fraudabis,
1124 1855 1285 1918 inquit,
1306 1853 1549 1900 mercedem

165 1944 187 1965 »
209 1923 415 1986 pauperis
433 1934 475 1969 et
505 1924 668 1984 egentis
709 1941 757 1970 ex
788 1923 1002 1970 fratribus
1027 1925 1138 1982 tuis,
1163 1936 1238 1971 aut
1263 1943 1311 1970 ex
1333 1924 1548 1988 proselitis

166 2013 188 2035 r>
211 1993 287 2056 qui
304 2004 405 2039 sunt
428 1994 473 2039 in
487 1994 741 2039 civitatibus
761 1995 870 2048 tuis;
890 1995 1193 2058 quotidianam
1219 1994 1371 2042 reddes
1391 2011 1552 2040 merce-

166 2085 189 2107 »
211 2063 308 2109 dem
332 2064 474 2117 illius;
508 2082 597 2110 non
635 2064 808 2110 occidat
835 2065 898 2110 sol
935 2083 1065 2128 super
1085 2083 1207 2120 eam3
1243 2066 1346 2130 quia
1378 2084 1551 2131 pauper

167 2155 189 2176 ›>
211 2144 291 2188 est,
315 2144 357 2179 et
376 2134 420 2179 in
439 2151 487 2179 ea
519 2134 655 2180 habet
682 2151 801 2197 spem
817 2155 829 2189 ;
846 2146 887 2180 et
911 2153 999 2180 non
1020 2135 1313 2199 proclamabit
1336 2148 1487 2183 contra
1506 2148 1548 2183 te

169 2226 191 2247 >2
217 2203 271 2250 ad
291 2204 550 2262 Dominum,
578 2216 620 2251 et
653 2207 733 2251 erit
757 2205 802 2251 in
842 2216 883 2251 te
920 2217 1166 2270 peccatum.
1193 2207 1291 2252 Non
1317 2208 1557 2254 morientur

169 2296 191 2318 >>
212 2285 356 2340 patres
373 2293 455 2340 pro
479 2276 595 2333 filiis,
622 2287 664 2323 et
698 2277 777 2323 filii
807 2295 895 2323 non
935 2278 1177 2323 morientur
1211 2295 1294 2342 pro
1314 2279 1515 2342 patribus
1538 2297 1550 2325 ε

169 2366 190 2389 >>
209 2346 507 2410 unusquisque
523 2347 568 2393 in
588 2359 771 2411 peccato
798 2365 874 2394 suo
895 2349 1105 2394 morietur
1129 2349 1163 2396 2.
1191 2370 1212 2390 ))

238 2417 351 2464 Aue.
378 2418 440 2462 De
461 2417 560 2464 filiis
583 2418 671 2464 boc
691 2418 902 2479 dixitjam
918 2419 1032 2464 natis
1051 2436 1139 2465 non
1158 2420 1204 2465 in
1217 2420 1363 2483 primo
1378 2430 1556 2484 parente

172 2485 405 2544 damnatis,
431 2487 477 2534 in
497 2505 585 2553 quo
612 2506 758 2535 omnes
800 2501 1110 2553 peccaverunt,
1145 2502 1187 2537 et
1221 2492 1266 2537 in
1288 2508 1377 2556 quo
1413 2507 1560 2537 omnes

173 2558 436 2606 moriuntur.
467 2560 524 2605 Et
541 2559 629 2606 hoc
648 2559 826 2624 quidem
848 2571 1123 2627 praeceptum
1143 2561 1267 2612 dedit
1299 2561 1559 2610 hominibus

224 2638 235 2663 ¹
255 2639 373 2684 Ephes.
394 2654 436 2685 u,
454 2644 487 2676 3.
503 2660 547 2668 —-
561 2641 577 2666 2
594 2645 690 2676 Deut.
709 2654 800 2682 xxiv,
827 2650 878 2681 14.
