1824 3236
148 235 304 267 opums
341 233 602 266 lMPERFECTI
639 233 813 264 CONTRA
850 234 1096 276 ernun,
1135 235 1220 266 mu.
1264 235 1305 265 v.
1378 218 1465 265 381

99 313 198 348 sunt
215 301 343 349 mala.
374 301 471 347 Hoc
494 299 602 346 dicit
628 299 885 346 Ambrosius
904 299 951 345 1:
983 301 1089 346 hinc
1121 300 1352 364 perimitur
1378 300 1473 345 Ma-

99 372 298 418 nichaeus
326 389 337 417 :
375 371 463 417 hoc
484 386 565 433 pro
592 369 837 415 Manichaeo
863 382 990 430 negat
1013 382 1163 417 contra
1196 372 1473 418 Ambrosium

100 443 315 496 Julianus,
340 442 486 488 dicens
515 458 525 486 ε
555 462 576 482 «
597 440 642 486 Si
666 451 820 486 natura
845 457 956 504 opus
982 443 1058 487 Dei
1074 453 1151 498 est,
1173 461 1251 506 per
1271 461 1380 507 opus
1400 443 1478 489 Dei

101 532 212 579 opus
231 513 395 560 diaboli
415 511 594 558 transire
613 529 700 558 non
715 512 900 558 sinitur:
931 535 950 554 ›>
976 523 1023 558 ut
1046 514 1316 560 Manichaeus
1342 514 1478 571 dicat,

102 603 190 632 non
207 601 293 630 esse
312 583 510 629 homines
535 600 647 647 opus
676 583 773 637 Dei,
796 601 875 646 per
894 600 1005 647 quos
1031 585 1265 647 Apostolus
1289 586 1483 631 transisse

101 656 210 703 dicit
232 665 463 720 peccatum
486 664 528 699 et
545 664 725 700 mortem
743 690 754 710 ,
776 653 898 718 quod
914 665 977 699 est
998 671 1108 717 opus
1126 655 1292 701 diaboli
1306 656 1323 684 2
1346 673 1356 701 :
1375 673 1481 719 quo‘

103 727 220 774 niam
247 725 487 773 secundum
503 726 528 771 J
533 725 726 772 ulianum
749 743 760 770 ε
785 747 805 768 c<
825 727 908 772 Per
927 742 1039 789 opus
1059 727 1154 780 Dei,
1183 744 1291 790 opus
1320 727 1486 773 diaboli

104 798 284 846 transire
322 814 410 843 non
447 796 630 851 sinitur;
652 819 672 839 »
707 807 748 843 et
775 796 883 843 dicit
919 796 1154 860 Apostolus
1177 815 1256 860 per
1288 798 1485 843 homines

108 870 304 916 transisse
321 885 432 933 opus
457 867 650 922 diaboli3
677 885 764 914 non
788 878 888 914 sunt
909 885 1007 928 ergo
1033 867 1229 913 homines
1250 885 1358 932 opus
1388 867 1479 914 Dei.

105 940 346 986 Manichaei
370 949 433 985 est
457 938 536 984 ista
559 939 799 994 conclusio,
823 939 997 985 veniens
1013 938 1094 993 illi,
1117 938 1308 993 Juliane,
1334 939 1387 983 de
1414 937 1486 984 ad—

101 1011 268 1073 jutorio
288 1021 379 1058 tuo.
408 1009 493 1056 Sed
513 1010 748 1073 Apostolus
769 1027 851 1074 pro
871 1011 1052 1057 veritate
1077 1009 1316 1065 decertans,
1343 1021 1383 1055 et
1404 1011 1493 1055 ho··

106 1084 241 1130 mines
259 1082 368 1129 dicit
391 1099 478 1128 esse
500 1099 610 1145 opus
633 1082 731 1138 Dei,
761 1092 809 1128 ut
831 1092 1077 1145 prosternat
1097 1081 1394 1127 Manichaeum
1416 1101 1426 1133 ;
1449 1091 1491 1126 et

107 1172 186 1220 por
207 1171 318 1218 opus
353 1152 453 1209 Dei,
495 1152 582 1198 hoc
601 1163 677 1208 est,
702 1170 780 1216 per
804 1153 1003 1198 homines
1035 1152 1232 1198 transisse
1257 1169 1367 1215 opus
1391 1151 1490 1197 dia-

107 1225 218 1282 boli,
243 1235 292 1272 ut
325 1241 426 1271 cum
450 1223 525 1269 illo
548 1234 795 1287 prosternat
809 1235 852 1270 et
875 1223 1093 1286 teipsum.

173 1296 331 1343 XLIV.
355 1296 454 1342 JUL.
482 1315 502 1336 «
521 1294 639 1340 Illud
666 1305 806 1340 tamen
822 1294 1052 1349 admoneo,
1076 1293 1210 1339 solere
1233 1295 1360 1339 etiam
1390 1305 1428 1338 te
1449 1294 1493 1338 in

110 1367 281 1431 scriptis
299 1366 385 1412 tuis
411 1365 609 1411 tenebras
633 1381 722 1410 non
738 1364 883 1411 dicere
902 1375 1161 1417 ereaturam,
1200 1363 1273 1410 sed
1300 1364 1493 1409 absentia

110 1436 289 1486 luminis
313 1452 537 1482 remanere
555 1435 869 1481 obscuritatem
889 1456 899 1490 3
923 1446 969 1481 ut
987 1434 1099 1480 nihil
1116 1434 1234 1480 aliud
1252 1436 1305 1480 sit
1322 1436 1497 1480 obtene-

111 1509 273 1565 bratio,
306 1524 438 1570 quam
458 1505 699 1570 splendoris
712 1506 914 1553 exclusio.
949 1505 1080 1563 Quod
1107 1522 1206 1565 ergo
1230 1505 1492 1561 excluditur,

112 1589 357 1626 creaturam
379 1576 665 1639 vocas;quod
684 1587 892 1632 remanet,
915 1577 1113 1622 tenebras
1136 1593 1146 1620 :
1169 1576 1290 1639 quod
1317 1576 1494 1639 quidem

113 1649 340 1710 vulgatum
366 1666 389 1693 a
413 1647 691 1711 philosophis
715 1658 803 1701 est3
832 1665 911 1693 nec
943 1664 1063 1693 nunc
1081 1663 1232 1710 quaero
1264 1665 1498 1693 verum—ne

115 1736 202 1766 esse
240 1729 435 1783 putetur,
466 1736 519 1764 an
548 1717 707 1764 falsum
732 1736 742 1764 t
771 1718 843 1764 sed
870 1718 980 1764 illud
1000 1718 1192 1773 incuICO,
1224 1719 1423 1763 tenebras
1451 1729 1495 1763 tu

114 1807 205 1837 non
221 1790 330 1836 dicis
343 1807 430 1835 esse
445 1788 563 1835 aliud
579 1806 710 1853 quam
732 1789 845 1834 nihil
869 1807 878 1834 :
903 1790 947 1834 in
972 1788 1148 1834 homine
1169 1799 1331 1844 autem,
1358 1788 1403 1834 id
1417 1799 1494 1844 est,

120 1878 252 1924 opere
288 1861 368 1906 Dei
404 1859 568 1905 malum
605 1859 702 1904 ideo
738 1860 920 1905 extitisse
945 1860 1277 1918 argumentaris,
1303 1860 1407 1921 quia
1445 1859 1499 1904 de

119 1931 260 1977 nihilo
278 1931 418 1976 factus
443 1939 562 1975 erat:
591 1946 765 1975 causam
778 1947 877 1989 ergo
904 1929 1005 1974 mali
1030 1928 1139 1974 illud
1160 1929 1347 1974 nihilum
1370 1929 1498 1975 fuisse

121 2002 369 2058 confirmas,
388 1999 509 2064 quod
532 1999 723 2045 nihilum
740 2000 936 2045 tenebras
956 2000 1082 2044 etiam
1106 2000 1379 2062 pronuntias.
1410 2001 1498 2045 Ne-

121 2072 359 2118 cessitatem
399 2071 546 2133 itaque
579 2070 681 2115 mali
712 2070 765 2115 de
794 2070 1070 2115 tenebrarum
1101 2069 1210 2115 dicis
1247 2070 1500 2116 conditione

122 2141 392 2188 descendere.
433 2141 572 2200 Igitur
608 2141 742 2186 necin
783 2141 869 2185 hoc
909 2159 930 2185 a
968 2151 1241 2203 praeceptore
1285 2141 1498 2197 dissentis,

123 2214 332 2277 quoniam
353 2213 618 2260 voluntatem
647 2212 804 2258 malain
830 2211 992 2274 pariter
1010 2212 1180 2257 aeteruis
1210 2213 1398 2258 tenebris
1422 2212 1502 2259 de—

123 2295 301 2348 putatis.
330 2305 349 2325 >³

190 2358 304 2401 Aue.
338 2353 476 2399 Paulo
502 2363 599 2399 ante
618 2356 708 2413 jam
733 2353 816 2399 tibi
834 2352 888 2398 de
910 2352 1052 2398 nihilo
1069 2351 1507 2416 nihildicentiquan-

126 2437 219 2472 tum
243 2435 390 2488 aperte
416 2423 559 2487 potui,
586 2424 863 2487 breviterque
888 2422 1092 2486 respondi
1115 2440 1125 2467 :
1151 2432 1192 2467 et
1211 2440 1329 2468 nunc
1348 2423 1506 2471 frustra

126 2496 180 2543 ad
205 2495 402 2542 tenebras
425 2493 602 2540 voluisti
627 2492 787 2553 fugere.
822 2494 922 2539 Non
945 2492 1100 2539 latebis
1129 2510 1139 2538 ε
1162 2492 1309 2540 lumen
1345 2495 1512 2561 quippe

175 2579 186 2602 ¹
206 2577 358 2611 Ainbros.
375 2577 429 2610 lib.
445 2576 486 2609 de
499 2579 587 2608 Isaac
600 2581 631 2608 et
646 2574 762 2608 Anima
782 2587 808 2609 e.
833 2588 861 2616 7.
884 2592 928 2599 —-
949 2574 964 2597 ²
982 2579 1077 2609 Rom.
1100 2586 1126 2613 v,
1152 2587 1200 2608 (2.
