1824 3236
259 262 349 322 590
663 273 695 303 s.
743 271 985 303 Ancus‘rmi
1022 270 1223 301 Ei‘iscorr

253 340 393 395 diens,
417 350 459 385 et
478 339 523 384 in
547 354 695 384 omnes
718 337 918 382 homines
945 353 1047 383 cum
1068 346 1204 382 morte
1223 336 1530 400 pertransiens,
1553 335 1645 382 aliis

253 428 428 476 quoque.
471 410 630 455 additis
663 407 1021 471 multiplicatum,
1062 424 1142 454 nec
1180 408 1244 454 lex
1270 419 1418 456 sancta
1455 419 1497 453 et
1525 411 1644 468 jtlsta

257 493 298 529 et
315 483 427 527 bona
447 481 589 545 quivit
614 480 779 526 auferre
798 479 960 525 :virtus
979 479 1093 525 enim
1112 479 1260 542 potius
1283 482 1374 539 ejus
1397 480 1544 524 effecta
1562 488 1640 533 est,

255 570 355 599 cum
387 552 616 615 prohibita
654 549 1009 613 concupiscentia
1046 549 1181 609 magis
1225 549 1490 605 ardesceret,
1522 559 1564 593 et
1589 547 1645 593 ad

254 623 630 688 praevaricationis
648 622 873 668 cumulum
888 620 1149 684 perveniret.
1175 620 1295 676 Quid
1314 637 1415 681 ergo
1436 620 1641 674 restabat,

257 696 339 740 nisi
352 706 396 740 ut
413 695 547 755 gratia
564 693 839 740 subveniret?
857 692 1061 738 «Gratias
1078 692 1226 754 itaque
1244 692 1336 737 Deo
1349 692 1423 755 qui
1435 690 1647 737 datnobis

257 787 277 808 >³
300 766 530 812 victoriam
570 782 648 828 per
690 764 927 809 Dominum
952 773 1149 807 nostrum
1176 762 1324 807 Jesum
1351 761 1599 817 Christum3
1625 781 1645 802 ›>

255 837 331 899 qui
363 847 508 882 nostra
532 835 685 881 debita*
702 832 965 879 dimittendo
981 869 991 889 ,
1026 843 1067 878 et
1092 849 1170 878 nos
1190 832 1234 878 in
1256 832 1534 878 tentationem
1557 847 1646 877 non

252 906 477 953 inferendo
493 907 548 952 ad
572 906 849 952 novissimam
868 903 1098 950 victoriam
1117 940 1128 958 ,
1156 920 1244 966 qua
1265 920 1380 948 mors
1397 903 1524 949 etiam
1546 918 1648 948 cor-

254 979 372 1041 poris
391 978 694 1033 absorbeatur,
717 976 898 1022 adducit
917 995 929 1029 ;
952 986 1000 1021 ut
1021 974 1097 1038 qui
1114 974 1342 1034 gloriatur,
1380 991 1470 1020 non
1502 974 1647 1020 confi-

253 1049 328 1095 dat
347 1049 392 1094 in
406 1049 566 1096 virtute
589 1065 682 1103 sua,
707 1046 780 1092 sed
805 1047 849 1092 in
878 1046 1066 1091 Domino
1092 1045 1301 1104 glorietur
1320 1044 1355 1092 1.

322 1121 431 1166 Haec
448 1131 563 1166 recta
583 1130 623 1164 et
641 1119 859 1165 catholica
886 1117 1010 1173 fides,
1037 1117 1083 1162 in
1106 1134 1192 1181 qua
1210 1116 1337 1162 etiam
1354 1115 1590 1162 didicimus
1606 1125 1649 1161 et

257 1204 472 1247 tenemus,
494 1201 676 1237 mortem
695 1206 870 1253 quoquc
891 1188 1087 1251 corporis
1099 1204 1147 1233 eo
1164 1187 1312 1233 aculeo
1329 1188 1509 1243 factam,
1528 1184 1648 1249 quod

256 1274 318 1309 est
338 1273 586 1326 peccatum,
615 1271 786 1306 tantum
809 1278 830 1305 a
853 1259 1202 1304 Manichaeorum
1217 1275 1360 1304 errore
1382 1257 1550 1304 diversa
1572 1265 1646 1311 est,

257 1334 383 1398 eique
406 1334 552 1397 potius
583 1331 831 1378 declaratur
857 1330 1052 1385 adversa,
1082 1340 1129 1374 ut
1154 1328 1380 1375 vobiscum
1416 1327 1479 1373 illi
1498 1327 1648 1373 dicant

257 1405 420 1468 potius,
443 1421 575 1467 quam
601 1403 852 1456 nobiscum,
877 1401 938 1446 sic
957 1400 1184 1445 mortalem
1219 1398 1361 1444 Adam
1391 1397 1576 1452 factum,
1601 1406 1649 1442 ut

254 1477 340 1522 sive
360 1485 579 1538 peccaret,
601 1474 688 1520 sive
705 1490 793 1518 non
813 1482 1030 1535 peccaret,
1057 1470 1293 1516 moriturus
1314 1479 1433 1514 esset.
1457 1469 1547 1514 Nec
1573 1478 1647 1512 ta-

258 1564 357 1592 men
376 1546 472 1592 ideo
498 1563 573 1592 vos
597 1544 867 1590 llslanicbaeos
890 1543 1096 1598 dicimus,
1126 1541 1229 1605 quia
1253 1551 1295 1586 et
1312 1557 1388 1587 vos
1420 1539 1507 1585 hoc
1529 1538 1645 1584 dici-

255 1619 351 1663 citis
376 1635 386 1661 :
426 1634 505 1662 nec
529 1616 683 1661 videtis
705 1626 866 1670 tamen,
895 1630 1034 1676 neque
1053 1630 1131 1658 nos
1150 1630 1171 1657 a
1190 1611 1316 1658 vobis
1337 1611 1435 1657 ideo
1453 1610 1540 1656 dici
1561 1609 1639 1656 de-

258 1689 359 1734 bere
384 1687 674 1741 Manichaeos,
702 1685 805 1748 quia
821 1684 985 1730 malum
1001 1701 1086 1729 esse
1107 1682 1527 1746 concupiscentiam,
1555 1697 1644 1744 qua

255 1776 356 1806 caro
383 1757 660 1821 concupiscit
675 1756 880 1802 adversus
901 1755 1119 1818 spiritum,
1139 1766 1178 1801 et
1193 1755 1256 1800 illi
1281 1765 1323 1799 et
1338 1771 1417 1799 nos
1437 1753 1640 1799 dicimus

257 1831 342 1877 Sed
362 1847 436 1876 vos
459 1830 516 1874 ab
537 1829 612 1883 eis,
632 1828 676 1873 in
696 1844 745 1872 eo
765 1826 885 1891 quod
902 1826 1031 1872 simul
1049 1826 1210 1882 dicitis,
1229 1825 1426 1871 dissimili
1448 1823 1644 1887 quidem,

254 1911 553 1948 verumtamen
591 1898 674 1944 alio
697 1915 842 1944 errore
862 1897 1049 1953 distatis,
1080 1896 1155 1959 qui
1180 1906 1364 1942 mortem
1395 1895 1537 1941 carnis
1560 1911 1647 1939 non

256 1973 368 2019 sicut
390 1972 451 2017 illi
468 1981 637 2016 naturae
657 1969 850 2015 tribuitis
878 1969 1046 2022 alienae,
1070 1968 1285 2031 nobisque
1304 1966 1543 2030 permixtae,
1574 1965 1647 2010 sed

255 2061 348 2089 eam
376 2052 546 2088 naturae
571 2040 693 2085 nullo
720 2039 885 2085 vitiatae
912 2038 1350 2101 peccatoimpingitis
1369 2047 1530 2082 nostrae
1559 2054 1569 2081 ι
1598 2053 1647 2081 ac

255 2115 316 2159 sie
338 2112 590 2177 paradisum
613 2110 928 2155 honestissimae
955 2126 1003 2154 ac
1014 2108 1274 2154 felicissimae
1298 2107 1552 2171 voluptatis,
1573 2105 1647 2151 fu-

256 2185 435 2230 neribus
460 2193 734 2228 mortuorum
760 2191 801 2225 et
822 2180 1094 2226 eruciatibus
1114 2179 1392 2224 morientium
1417 2176 1648 2223 infeliciter

256 2266 384 2319 atque
409 2251 872 2314 indecenterimpletis.
900 2251 987 2294 Nos
1010 2266 1130 2301 vero,
1157 2249 1202 2293 in
1221 2266 1269 2294 eo
1292 2248 1411 2312 quod
1437 2265 1537 2294 cum
1557 2248 1647 2292 Ma-

255 2326 438 2371 nichaeis
455 2323 643 2369 dicimus
670 2321 1070 2386 concupiscentiam
1090 2321 1245 2366 carnis.
1280 2336 1366 2383 qua
1385 2330 1535 2364 contra
1561 2319 1647 2380 spi-

253 2398 384 2442 ritum
408 2394 701 2457 concupiscit,
731 2393 893 2438 malum
922 2409 1007 2436 esse
1028 2429 1037 2446 ,
1063 2402 1190 2454 atque
1211 2409 1234 2436 a
1267 2392 1396 2435 Patre
1432 2406 1519 2434 non
1546 2406 1645 2442 esse,

256 2485 341 2513 non
368 2468 423 2512 ab
443 2466 501 2511 cis
533 2466 617 2510 alio
636 2502 646 2515 ,
672 2463 876 2527 quamvis
900 2462 1114 2517 dissimili,
1149 2473 1289 2506 tamen
1317 2462 1413 2524 ipso
1438 2459 1645 2505 haeretico

252 2555 412 2590 errore,
440 2536 513 2582 sed
535 2536 754 2581 catholica
771 2535 949 2582 veritate
965 2533 1195 2589 distamus,
1219 2531 1319 2595 quia
1337 2533 1460 2578 istam
1483 2529 1642 2575 discor-

303 2625 351 2653 ¹2
374 2622 452 2653 Cor.
469 2632 499 2659 x,
522 2632 556 2659 ις
