1824 3236
301 240 394 286 358
733 256 767 286 s,
811 254 1052 287 Ancusrim
1089 256 1292 288 EPISCOPI

305 321 365 367 rei
387 319 639 381 conditione
667 320 844 379 subtiles
862 358 873 379 ,
914 340 1020 386 quas
1044 322 1275 383 adjuvante
1301 323 1478 370 Christo
1507 324 1681 372 confido

306 391 587 456 pinguescere
603 428 613 446 ,
637 391 759 454 prius
783 391 990 448 intentus,
1011 411 1105 446 mox
1129 411 1302 440 securus
1321 396 1528 458 sequitur.
1551 398 1682 453 Quae-

305 463 393 509 sisti
416 479 515 522 ergo
531 499 541 518 ,
567 461 682 507 unde
708 462 870 515 malum
895 481 905 508 ι
933 463 1169 524 interrogo.
1193 465 1314 528 quod
1347 465 1509 511 malum
1533 466 1651 511 dicas
1668 502 1679 520 ‚

305 549 536 578 commune
561 531 676 577 enim
700 532 788 592 hoc
817 550 975 598 nomen
1001 544 1060 579 est
1083 534 1227 597 culpae
1258 545 1300 580 et
1325 535 1562 589 vindictae3
1593 552 1682 580 cze-

305 614 448 649 terum
471 603 649 658 abusive
662 603 928 667 supplicium
946 605 1107 651 malum
1128 615 1325 662 vocatur,
1351 624 1452 652 cum
1476 607 1686 666 gravitate

303 678 394 734 ejus
416 691 504 738 quo
529 674 714 732 infertur
733 674 892 735 judicii
916 676 1175 723 vindicetur.
1205 678 1458 741 Respondes
1477 715 1487 734 ,
1514 677 1567 723 de
1588 695 1686 741 pec-

305 756 401 806 cato
422 756 462 791 te
488 745 656 801 dicere,
681 763 768 792 non
789 746 842 791 de
861 744 1094 809 supplicio.
1119 768 1140 789 >³

371 817 486 867 ΑΗΕ.
517 816 931 879 Aperuistiomnino
952 816 1180 867 stultitiam
1208 827 1347 869 tuam,
1373 829 1583 881 quantum
1609 835 1689 881 po-

302 886 423 947 tuisti
441 923 451 943 ,
471 886 548 949 qui
573 886 734 932 malum
761 887 980 950 confiteris
1003 904 1090 933 esse
1118 904 1317 951 peccare,
1350 899 1391 934 et
1412 889 1574 934 malum
1602 906 1689 934 non

306 974 392 1004 esse
416 956 526 1002 dicis
542 993 552 1011 ,
577 957 650 1002 sed
670 957 847 1002 abusive
875 957 1040 1006 malum
1066 958 1243 1013 vocari,
1281 959 1500 1022 supplicio
1534 959 1692 1023 sempi-

305 1029 417 1082 terni
438 1028 547 1088 ignis
569 1028 730 1075 ardere.
757 1028 842 1074 Sed
858 1039 989 1078 tantae
1013 1029 1297 1077 absurditatis
1313 1031 1522 1094 rationein
1546 1031 1690 1076 reddis

307 1099 522 1159 egregiam
555 1115 566 1143 ε
598 1119 619 1140 «
640 1099 859 1156 Abusive,
891 1100 1064 1162 inquiS,
1103 1100 1375 1163 supplicium
1412 1101 1576 1147 malum
1607 1098 1690 1146 vo*-

304 1181 452 1225 catur,
481 1187 582 1215 cum
609 1171 820 1229 gravitate
852 1175 943 1231 ejus
967 1188 1054 1234 qno
1094 1171 1284 1218 infertur
1309 1172 1469 1231 judicii
1498 1171 1690 1217 vindice-

308 1253 394 1288 tur.
419 1263 439 1283 2>
470 1241 515 1286 Si
549 1258 649 1300 ergo
670 1278 680 1297 ,
717 1252 766 1287 ut
800 1241 886 1290 hoc
913 1242 1056 1298 dicas,
1101 1242 1295 1289 damnati
1315 1260 1496 1306 poenam
1533 1240 1620 1288 non
1647 1260 1693 1287 ex

310 1312 483 1359 miseria
526 1312 758 1374 patientis,
797 1312 870 1365 sed
905 1331 952 1358 ex
983 1313 1151 1373 justitia
1176 1314 1422 1361 damnantis
1451 1313 1690 1376 appendi53

309 1385 381 1431 dic
407 1384 609 1446 apertius,
631 1383 799 1436 bonum
821 1401 907 1430 esse
924 1385 1195 1448 supplicium
1214 1422 1223 1441 ,
1241 1385 1362 1449 quod
1386 1385 1566 1443 abusive
1586 1384 1696 1429 dicis

309 1454 477 1517 mal‘um
504 1454 666 1500 vocari.
704 1454 986 1518 Supplicium
1013 1467 1075 1500 est
1108 1457 1223 1514 enim
1250 1472 1383 1518 poena
1421 1454 1590 1518 peccati
1617 1492 1626 1509 ‚
1655 1466 1698 1500 et

307 1529 423 1586 J‘usta
452 1536 516 1574 est
548 1525 699 1589 utique
724 1523 858 1588 poena
883 1526 1085 1588 peccati:
1115 1529 1284 1584 justum
1308 1535 1371 1570 est
1406 1525 1554 1587 itaque
1588 1522 1697 1588 supss

311 1596 518 1661 plicium3
546 1606 588 1641 et
620 1613 747 1642 omne
772 1596 891 1659 qnod
911 1600 1079 1656 justum
1105 1608 1166 1657 est
1185 1634 1194 1651 ,
1222 1597 1391 1643 bonum
1410 1596 1502 1642 est‘t
1532 1596 1699 1653 bonnm

312 1678 374 1714 est
390 1684 489 1727 ergo
507 1667 793 1730 supplicium.
831 1667 985 1713 Nonne
1010 1669 1169 1722 cernis,
1197 1668 1280 1713 nisi
1301 1668 1360 1713 ita
1386 1667 1646 1713 damnatum
1675 1685 1698 1711 a

313 1738 550 1784 damnante
569 1734 825 1797 distinguas,
852 1749 900 1783 nt
922 1738 1060 1801 ipsam
1081 1738 1405 1800 damnationem
1423 1775 1434 1793 ,
1458 1737 1577 1801 quod
1597 1753 1700 1799 sup-

315 1809 500 1874 plicium
541 1819 600 1854 est
628 1819 668 1854 et
692 1825 824 1872 poena
847 1810 1041 1872 peccati,
1077 1810 1243 1855 bonum
1269 1808 1447 1873 quidem
1478 1816 1593 1871 vopus
1615 1825 1701 1853 esse

318 1897 474 1926 asseras
495 1879 742 1933 damnantis
760 1917 772 1937 ‚
801 1880 874 1926 sed
898 1880 1094 1927 damnati
1128 1881 1301 1925 exitium
1343 1879 1504 1924 malum
1535 1897 1545 1923 :
1575 1895 1662 1923 non
1686 1914 1697 1933 ,

317 1952 522 2015 inquam,
549 1951 704 2006 cerniS,
733 1951 813 2003 nisi
836 1950 935 1997 haec
959 1968 1008 1997 ea
1042 1951 1209 1998 ratione
1234 1949 1476 2012 distinguas
1500 1985 1509 2005 ‚
1538 1947 1593 2000 ad
1618 1945 1705 1993 hoc

323 2033 362 2068 te
386 2021 568 2086 perduci
595 2032 641 2067 ut
676 2021 794 2069 dicas
812 2059 823 2079 ,
860 2021 1059 2075 homines
1094 2021 1216 2067 malis
1246 2020 1453 2084 operibus
1476 2019 1562 2064 suis
1582 2055 1592 2075 ,
1617 2035 1707 2063 non

322 2093 376 2139 ad
398 2093 511 2147 mala
539 2110 639 2156 quae
662 2084 889 2156 patiantur
919 2094 1141 2154 graviora,
1174 2092 1294 2156 quod
1324 2107 1477 2136 verum
1501 2100 1592 2145 est,
1632 2088 1705 2134 sed

322 2164 377 2210 ad
399 2165 517 2210 bona
533 2165 680 2227 potius
699 2165 941 2228 pervenire,
968 2164 1091 2228 quod
1110 2175 1199 2209 tam
1221 2162 1378 2208 falsum
1405 2171 1491 2218 est,
1516 2170 1558 2206 et
1586 2170 1707 2205 tanta

320 2235 511 2293 vanitate
531 2235 711 2290 dicitur,
735 2246 784 2281 ut
807 2235 886 2285 ista
911 2253 1059 2300 sapere
1083 2245 1254 2279 tantum
1279 2232 1334 2277 sit
1354 2230 1520 2276 malu'm
1538 2266 1549 2288 ,
1569 2247 1708 2294 quan-

322 2303 419 2362 tuni
436 2316 498 2356 est
520 2306 650 2361 etiam
676 2306 821 2358 cordis
844 2308 951 2355 caeci
984 2305 1291 2370 supplicium?
1317 2303 1458 2363 Igitur
1484 2318 1572 2347 non
1589 2301 1709 2346 abu-

323 2377 410 2423 sive
446 2388 630 2433 vocatur
664 2377 856 2432 malum3
885 2378 957 2424 sed
982 2393 1159 2441 prorsus
1198 2375 1362 2421 maium
1400 2382 1463 2418 est
1486 2371 1669 2436 patienti
1694 2388 1704 2415 ε

322 2450 491 2503 bonum
516 2459 578 2495 est
597 2460 739 2501 autem
761 2449 962 2506 facienti,
990 2451 1093 2513 quia
1118 2449 1288 2509 justum
1315 2456 1377 2491 est
1404 2460 1582 2507 poenam
1602 2444 1709 2488 irro-

322 2536 422 2580 gare
444 2521 663 2583 peccanti.
701 2521 746 2571 Si
771 2520 955 2571 delirare
974 2539 1064 2567 non
1088 2521 1152 2567 vis
1172 2557 1182 2576 ,
1210 2519 1290 2565 ista
1316 2515 1550 2574 distingue.

390 2591 575 2645 XXVII·
599 2595 624 2639 J
631 2609 698 2641 UL.
724 2613 745 2635 ι(
767 2591 940 2649 Quaeris
960 2609 1061 2653 ergo
1079 2590 1195 2638 unde
1221 2587 1376 2636 sithoc
1394 2583 1707 2648 malum,quod
