1824 3236
274 250 366 296 562
568 235 575 242 ⁶
698 265 731 288 s.
777 259 1019 290 »iueus'rrm
1054 257 1259 288 EPISCOPI

279 328 441 376 dicatio
461 363 472 383 ‚
507 326 584 390 qui
615 343 702 372 non
734 325 997 388 praedicaret
1028 324 1072 370 in
1111 323 1288 370 Christo
1326 321 1654 389 similitudinem

278 398 419 445 carnis
448 396 615 461 peccati
641 434 651 452 ‚
678 396 759 441 nisi
781 396 963 441 aliorum
989 411 1165 441 earnem
1198 393 1324 438 sciret
1349 409 1435 438 esse
1463 392 1647 456 peceati.

276 472 367 517 Nec
391 486 529 516 vacua
546 479 606 514 est
628 468 732 513 fides
757 478 900 513 nostra
919 505 928 523 ‚
960 485 1046 530 qua
1068 475 1280 513 vacuatur
1298 464 1474 510 haeresis
1494 474 1647 511 vestra.

274 542 364 587 Nec
381 540 474 586 falsi
496 551 618 586 testes
640 540 922 585 inveniuntur
950 535 1194 601 Apostoli‘l,
1223 536 1298 599 qui
1324 534 1652 581 similitudinem

272 612 414 658 carnis
436 611 608 674 peccati
629 610 880 656 discernunt
901 628 921 654 a.
936 626 1063 654 carne
1083 609 1278 670 peccati,
1302 606 1422 670 quod
1442 624 1529 652 non
1547 605 1654 652 facit

268 682 445 728 haeresis
460 693 598 727 vestra
613 717 623 737 ‚
644 690 686 725 et
708 680 767 726 sic
786 698 833 725 ex
851 679 1009 725 semine
1032 677 1172 723 David
1194 677 1485 736 evangelizant
1505 676 1652 722 Chris-

267 764 360 798 tum
380 774 391 807 ;
415 763 461 798 ut
488 763 630 798 tamen
652 751 705 797 de
730 751 899 814 Spiritu
923 760 1072 795 sancto
1092 760 1244 794 natum
1273 759 1464 794 asserant
1490 759 1532 793 et
1558 748 1651 794 vir-

267 824 365 883 gine
385 824 523 868 Maria
542 860 553 880 ,
582 840 670 868 non
690 821 742 867 dc
766 823 905 867 earnis
926 820 1281 883 concupiscentia
1296 858 1307 877 ,
1335 830 1383 865 ut
1401 819 1650 866 similitudi-

264 912 362 940 nem
390 894 531 940 carnis
558 894 727 957 peccati
762 893 972 946 liaberet,
1001 908 1177 936 caruem
1214 908 1314 938 vvero
1355 892 1525 954 peceati
1563 892 1649 937 ha-

262 966 365 1011 bere
388 982 477 1010 non
506 975 663 1027 posset.
694 965 783 1009 Nec
809 962 1138 1009 miserabiliores
1161 979 1307 1007 sumus
1331 962 1536 1008 omnibus
1562 962 1650 1008 ho-

260 1037 454 1082 minibus
480 1036 561 1081 ista
586 1033 834 1091 credentes3
859 1034 930 1079 sed
959 1051 1132 1079 carnem
1163 1033 1328 1078 (ghristi
1352 1052 1374 1078 a
1393 1050 1520 1079 carne
1537 1051 1647 1097 pec-

261 1108 347 1154 cati
366 1125 454 1152 nou
474 1124 559 1153 esse
581 1106 763 1153 discreta
773 1124 829 1157 ιη,
851 1123 1003 1165 magna
1024 1105 1191 1151 miseria
1208 1104 1439 1152 credimus.
1457 1105 1646 1151 Proinde

260 1178 675 1238 argumentationem
703 1187 821 1221 tuam
850 1194 959 1222 vana
976 1176 1253 1222 conclusione
1272 1176 1548 1232 determinas,
1572 1177 1645 1222 di—

259 1266 377 1304 cens,
403 1270 423 1289 <‹
438 1251 631 1310 Apparet
649 1247 798 1306 igitur,
820 1247 985 1292 crimen
1012 1247 1246 1293 voluntatis
1266 1264 1352 1292 esse
1367 1284 1378 1303 ‚
1406 1264 1492 1292 non
1511 1248 1643 1293 semi-·

258 1320 337 1366 nis.
357 1342 376 1362 ³>
403 1320 499 1364 Hoc
525 1318 702 1364 omnino
722 1318 910 1364 inaniter
933 1318 1144 1364 intulisti:
1164 1318 1372 1381 quoniam
1399 1319 1637 1382 superiora,

256 1408 303 1437 ex
326 1390 488 1454 quibus
513 1407 605 1435 eam
637 1388 879 1434 consectam
906 1400 1032 1452 putas
1052 1426 1062 1444 ‚
1095 1389 1402 1452 consequentia
1437 1407 1526 1435 non
1554 1407 1641 1436 esse

254 1460 514 1516 monstravi3
544 1471 585 1506 et
612 1459 771 1523 procul
796 1460 959 1517 dubio,
987 1461 1089 1523 quia
1121 1461 1167 1505 in
1192 1460 1393 1524 paradiso
1422 1477 1508 1506 esse
1531 1478 1639 1524 pos-

252 1543 369 1588 sent,
398 1530 518 1577 nulla
552 1548 638 1576 esse
663 1540 761 1594 post
789 1530 1040 1594 paradisum
1076 1531 1181 1578 vitia
1212 1531 1483 1578 nascentium
1505 1567 1516 1587 ,
1557 1531 1638 1578 nisi

253 1604 367 1649 mala
394 1602 616 1649 voluntate
648 1603 891 1666 primorum
919 1603 1189 1663 gignentium
1219 1603 1475 1650 vitiarentur
1503 1613 1544 1649 et
1566 1620 1636 1649 se-

250 1691 384 1720 mma.

322 1746 414 1791 Cur
436 1761 522 1789 non
542 1760 642 1803 ergo
662 1743 806 1807 potius
829 1743 912 1788 tibi
930 1743 1092 1789 dicitur
1112 1745 1185 1806 (ut
1204 1762 1280 1790 nos
1299 1747 1525 1802 veraciter,
1546 1761 1633 1809 qua

255 1827 305 1862 tu
336 1814 547 1860 fallaciter
572 1831 670 1859 usus
692 1831 734 1859 es
755 1851 765 1869 ,
804 1813 952 1859 eadem
985 1813 1124 1858 forma
1155 1816 1501 1862 ratiocinationis
1530 1828 1631 1863 uta-

260 1902 361 1932 mur
382 1903 392 1930 :
416 1887 433 1947 >
466 1885 511 1930 Si
532 1884 735 1929 Christus
768 1885 903 1930 homo
931 1885 976 1930 in
997 1885 1281 1931 similitudine
1306 1888 1447 1932 carnis
1472 1888 1641 1951 peccati

262 1956 315 2003 ad
334 1956 530 2002 homines
549 1955 702 2000 missus
724 1966 785 2001 est
807 1992 817 2011 ,
843 1956 1067 2018 quomodo
1093 1974 1180 2001 non
1201 1957 1382 2020 quidam
1413 1959 1458 2004 in
1484 1960 1608 2005 vobis
1625 1996 1637 2016 ,

261 2027 333 2072 sed
358 2043 505 2072 omnes
527 2042 603 2072 vos
628 2025 798 2081 dicitis‚
825 2025 951 2073 aliam
976 2026 1046 2071 cui
1068 2027 1121 2071 sit
1150 2028 1229 2073 ista
1258 2029 1430 2084 similis,
1466 2047 1642 2075 carnem

263 2115 352 2143 non
375 2114 460 2142 esse
478 2097 671 2159 peccati,
691 2097 723 2140 si
744 2113 831 2141 non
851 2106 912 2141 est
932 2096 1013 2142 alia
1031 2114 1131 2142 caro
1152 2100 1352 2160 peccati?
1375 2100 1420 2145 Si
1441 2100 1643 2146 Christus

263 2185 352 2213 non
373 2166 531 2212 habuit
556 2167 883 2212 similitudinem
903 2167 1044 2212 carnis
1061 2169 1229 2230 peccati
1249 2205 1259 2225 ‚
1290 2170 1427 2216 inanis
1443 2182 1503 2217 est
1521 2188 1642 2235 prae-

266 2239 429 2284 dicatio
449 2241 539 2298 ejus
558 2238 634 2301 qui
656 2238 742 2283 hoc
763 2237 869 2282 dixit
883 2275 893 2293 ‚
914 2238 1052 2284 inanis
1072 2250 1133 2284 est
1155 2251 1195 2285 et
1220 2240 1323 2286 fides
1341 2242 1548 2288 Ecclesiae
1573 2260 1644 2288 ca-

266 2310 446 2355 tholicae
465 2326 563 2372 quae
582 2309 668 2354 hoc
687 2308 873 2354 eredidit
891 2329 901 2362 ς
929 2310 1146 2355 invenitur
1167 2322 1307 2357 autem
1323 2324 1364 2358 et
1384 2313 1513 2360 falsus
1529 2314 1645 2360 testis

269 2379 526 2444 Apostolus,
563 2380 639 2442 qui
673 2380 963 2425 testimonium
999 2380 1105 2426 dixit
1141 2382 1342 2429 adversus
1384 2385 1608 2432 Christum
1628 2422 1639 2439 ‚

267 2452 369 2514 quia
392 2451 719 2496 similitudinem
737 2451 878 2496 carnis
897 2453 1064 2514 peceati
1088 2454 1269 2510 habuit,
1298 2473 1427 2518 quam
1445 2474 1533 2502 non
1556 2457 1643 2503 ha-

267 2521 380 2568 buit.
412 2521 495 2566 Sed
514 2521 546 2566 si
567 2521 654 2567 hoc
667 2521 884 2568 credimus
903 2560 913 2578 9
933 2523 1137 2570 fidelibus
1156 2543 1241 2571 non
1267 2528 1482 2574 sociamur
1501 2529 1643 2576 homi-

318 2605 328 2626 l
349 2607 446 2637 Rom.
466 2614 532 2641 vlu,
554 2605 584 2636 3.
