1824 3236
327 275 421 324 308
744 288 778 318 s,
821 287 1063 318 AUGUsTtNt
1097 288 1301 318 EPisooei

325 374 472 404 meum
489 355 572 401 tuis
590 364 689 400 octo
707 352 892 400 refutare
906 354 1071 399 coneris
1083 391 1093 410 ,
1116 352 1412 416 multiplicans
1431 352 1488 398 eis
1508 354 1701 400 laborem

325 429 515 474 filiorum
543 426 714 480 Adam3
740 443 828 489 quo
860 425 1007 471 labore
1029 425 1219 481 discant,
1242 424 1408 470 etiamsi
1440 443 1565 471 nemo
1594 443 1702 489 pec-

326 510 487 556 casset,
517 499 560 545 in
593 499 688 561 ipso
712 497 911 561 paradiso
937 515 978 542 se
996 496 1125 542 fuisse
1147 497 1421 542 laboraturos
1439 533 1448 549 ,
1472 508 1518 542 ut
1537 497 1703 543 littera-

323 583 470 618 torum
506 570 667 626 libros,
705 579 746 613 et
779 569 900 632 prius
921 568 1036 632 ipsas
1059 569 1222 614 litteras
1248 568 1473 614 discerent.
1516 569 1622 613 Haec
1644 577 1704 613 est

322 642 439 689 enirn
462 652 603 689 vestra
628 639 841 704 przeelara
874 640 1049 685 seientia
1065 677 1075 695 ‚
1105 640 1214 684 nulli
1243 639 1472 685 hominum
1498 656 1704 701 eompre-

320 713 575 769 hensibilis,
599 712 680 757 nisi
707 710 999 775 prudentibus
1023 710 1151 766 raris,
1172 727 1249 754 nec
1275 709 1378 772 ipsis
1397 710 1475 755 nisi
1497 710 1704 755 laboran—

321 785 441 830 tibus
460 783 638 829 miseris.

387 856 465 902 lV.
496 856 595 900 JL'L.
625 875 646 895 α
664 856 773 899 Cum
794 852 924 912 igitur
944 851 989 896 id
1011 869 1033 896 a
1052 851 1179 896 nobis
1207 850 1381 897 abunde
1395 861 1558 897 constet
1576 851 1706 895 effec-

321 937 417 973 tum
439 945 448 971 ε
472 938 617 971 tamen
633 925 735 988 quia
754 925 873 986 operi
889 934 1035 968 nostro
1051 924 1242 968 nascitur
1261 922 1512 983 longitudo,
1540 923 1706 985 sapiens

318 997 456 1043 lector
474 996 714 1055 intelligat,
741 995 867 1039 nobis
893 994 1070 1056 quidem
1099 994 1338 1058 optabilem
1362 994 1491 1040 fuisse
1512 993 1702 1039 brevita-

319 1079 407 1115 tem
427 1105 439 1125 ,
469 1067 542 1114 sed
557 1066 737 1127 exegisse
757 1082 898 1112 eausae
916 1066 1208 1111 necessitatem
1228 1103 1239 1122 ,
1261 1077 1308 1112 ut
1326 1083 1443 1111 error
1468 1065 1616 1111 szeeuli
1638 1065 1706 1110 fa-

319 1156 424 1188 vore
465 1139 681 1194 diffusior,
723 1137 877 1183 latiore
917 1136 1107 1183 veritatis
1145 1138 1235 1183 acie
1270 1138 1529 1185 vinceretur.
1575 1136 1706 1181 Haud

316 1210 452 1272 igitur
476 1210 530 1256 de
554 1209 695 1255 nihilo
721 1218 805 1265 est,
832 1207 953 1272 quod
987 1225 1124 1253 serino
1159 1219 1301 1254 noster
1325 1209 1580 1256 extenditur.
1615 1209 1708 1255 Ad-

313 1285 416 1343 jutu
435 1282 550 1327 enim
570 1281 736 1327 Christi
756 1296 976 1343 praesumo
999 1279 1199 1336 confore,
1221 1290 1270 1326 ut
1288 1280 1409 1326 nulla
1429 1298 1530 1343 pars
1548 1281 1708 1343 impie-

316 1354 443 1411 tatis,
468 1363 622 1399 contra
651 1368 784 1415 quam
817 1351 944 1395 nobis
968 1361 1187 1396 certarnen
1213 1361 1274 1397 est
1293 1389 1303 1407 ,
1347 1364 1422 1397 aut
1445 1351 1708 1411 negligenter

316 1424 502 1489 quaesita
518 1462 528 1479 ‚
552 1434 626 1469 aut
647 1423 790 1467 minus
808 1422 983 1467 inventa
1003 1459 1013 1477 ,
1038 1432 1111 1466 aut
1131 1422 1277 1467 attrita
1303 1422 1578 1467 mediocriter
1602 1439 1708 1467 een—

316 1506 473 1541 seatur.
502 1495 594 1540 Nee
609 1492 719 1539 illud
738 1509 837 1552 ergo
864 1491 1092 1555 desperare
1109 1493 1177 1538 vel
1201 1510 1460 1556 possumus,
1485 1492 1552 1538 vel
1571 1492 1707 1537 debe-

318 1583 416 1612 mus
431 1603 442 1623 ,
485 1565 693 1629 quoniam
734 1580 939 1627 processu
978 1574 1222 1626 temporum
1260 1575 1491 1626 tempestas
1526 1564 1706 1609 excitata

321 1636 520 1682 considat
539 1673 548 1691 ‚
572 1646 614 1680 et
636 1635 894 1680 auctoritate
918 1635 1165 1697 sapientum
1190 1635 1343 1695 vulgus
1364 1635 1569 1694 ignavum
1588 1633 1707 1697 quod

319 1724 439 1753 nunc
456 1706 690 1770 perstrepit
713 1705 956 1764 corrigatur
984 1723 994 1750 :
1023 1705 1095 1750 sed
1118 1706 1206 1751 voti
1225 1723 1356 1770 quain
1381 1705 1602 1750 sententiae
1623 1704 1708 1749 mi-

322 1794 405 1823 nor
418 1795 546 1823 causa
561 1788 641 1833 est;
657 1794 854 1839 quemvis
871 1794 983 1821 enini
1004 1787 1138 1822 status
1154 1794 1295 1822 reruni
1312 1787 1469 1822 exitum
1482 1786 1702 1828 sortiatur,

323 1849 545 1894 constabit
568 1849 695 1893 nobis
711 1848 818 1892 ratio
837 1857 879 1892 et
905 1848 1183 1908 benignitatis
1203 1859 1243 1893 et
1265 1847 1380 1894 lidei.
1417 1848 1568 1910 Neque
1592 1846 1707 1892 enim

327 1919 569 1984 pendemus
590 1919 641 1964 ad
661 1919 961 1984 prosperitatis
977 1919 1204 1982 popularis
1222 1929 1437 1964 eventum.
1466 1918 1635 1963 Scitum
1653 1926 1715 1962 est

329 1991 546 2053 siquidem
570 1990 678 2036 illud
704 1990 832 2034 trium
857 1989 898 2034 in
919 1990 1147 2053 Babylone
1168 2007 1429 2053 puerorum,
1458 1989 1531 2052 qui
1563 2005 1663 2034 euin
1691 2006 1712 2033 a

330 2078 426 2120 rege
466 2061 776 2124 superbissimo
805 2060 867 2104 ad
907 2060 1172 2105 adorandam
1210 2071 1393 2105 statuam
1440 2069 1709 2118 cogerenttn·‚

336 2130 581 2176 fidelissime
602 2132 876 2185 restiterunt,
895 2148 1033 2193 neque
1059 2130 1214 2174 anhela
1239 2140 1339 2174 sunt
1356 2130 1530 2174 fornace
1547 2139 1714 2174 conter-

336 2202 407 2247 riti
426 2239 436 2257 ,
457 2219 558 2265 quae
583 2219 760 2247 aceensa
782 2201 934 2246 eratin
962 2200 1258 2259 religiosorum
1282 2211 1480 2245 voratum
1500 2222 1510 2254 ;
1533 2217 1716 2262 respon-

335 2272 578 2336 deruntque
601 2283 648 2317 ut
673 2284 715 2317 et
739 2272 841 2317 fidei
858 2282 899 2317 et
919 2271 1175 2317 constaniiae
1194 2272 1462 2330 congruebat
1483 2287 1494 2315 ε
1523 2272 1716 2315 «Potens

337 2354 456 2400 »est‚
485 2343 714 2406 inquiunt,
754 2344 891 2397 Deus,
933 2358 956 2386 o
990 2342 1102 2397 Rex,
1129 2341 1314 2386 liberare
1351 2358 1427 2387 nos
1461 2338 1514 2386 d'e
1542 2341 1715 2387 fornace

337 2413 543 2468 »]1a‹:4;»
562 2413 633 2460 sed
655 2413 819 2458 etiamsi
841 2429 928 2458 non
944 2411 1118 2468 liberet,
1141 2413 1247 2458 scito
1268 2412 1474 2475 quoniam
1494 2412 1596 2458 deos
1619 2423 1715 2457 tuos

336 2503 424 2531 non
439 2485 622 2531 colimus
640 2522 650 2542 ,
668 2502 748 2530 nec
766 2494 949 2529 statuam
965 2500 1098 2546 quam
1119 2484 1283 2529 erexisti
1301 2483 1542 2530 adoramus.
1569 2483 1715 2539 Quam

335 2567 535 2602 sanetum
560 2567 708 2603 votum
738 2554 907 2615 judicio
939 2554 1235 2614 miscuerunt,
1274 2572 1354 2601 nee
1378 2565 1521 2602 tamen
1547 2553 1715 2601 consilii

385 2642 395 2662 ¹
413 2642 495 2676 Dan,
512 2652 565 2675 111.
