1863 3262
171 282 326 314 omnus
361 277 626 313 ῙΜΡΕΒΕΕΟΤῙ
661 280 837 313 coNrRA
871 281 1118 327 summum,
1158 287 1245 321 Lm.
1288 292 1355 321 111.
1429 276 1483 326 61

119 358 206 394 tem
240 364 440 394 numeros
474 346 800 393 multitudinem
834 359 1151 411 propagatamg
1185 358 1494 405 accommoda-

118 419 205 465 tius
221 418 275 464 ad
290 417 462 464 laudem
478 418 621 481 operis
645 421 735 478 ejus
759 435 848 494 esse
870 419 1142 481 perpendens
1155 458 1165 477 ,
1189 424 1221 468 si
1236 443 1282 470 ex
1298 443 1385 473 uno
1402 446 1490 487 eOS,

119 506 251 553 quam
269 506 316 536 ex
335 488 509 534 duobus
528 488 691 534 diceret
712 500 962 552 procreatos
980 509 991 543 ;
1015 491 1197 538 maxime
1221 512 1321 542 cum
1346 498 1390 543 in
1404 499 1495 547 lau-

117 560 183 607 dis
207 570 464 621 augmento,
492 577 625 623 quam
650 559 827 606 ultimus
850 577 989 606 sermo
1013 563 1296 623 cumulabat,
1324 570 1493 618 nullum

115 641 222 677 esset
242 631 437 677 historiae
450 630 748 694 dispendium,
762 648 891 695 quam
911 648 1041 695 supra
1061 633 1288 698 utriusque
1299 655 1495 701 personae

117 701 529 749 commemoratione
554 702 846 766 suppleverat.
868 724 889 744 »

181 776 304 820 AUG.
333 773 422 829 Qui
448 783 487 818 te
510 772 624 819 nihil
643 773 787 820 dicere
807 790 894 819 non
915 773 1118 834 intelligit
1136 812 1147 831 ,
1168 776 1498 842 quidintelligat

116 842 277 889 nescio.
309 843 486 890 Dixeras
513 844 773 907 Apostolum
798 854 1028 907 propterea
1045 843 1197 890 dixisse
1214 883 1225 904 ,
1257 851 1336 894 Per
1358 867 1498 898 unum

117 912 342 959 hominem
361 924 593 977 peccatum
613 915 791 961 intravit
808 913 1103 971 inmundum,
1129 916 1232 978 quia
1252 922 1497 984 exemplum

116 985 331 1049 peccandi
359 985 495 1032 homo
525 986 596 1032 ille
620 987 787 1033 caeteris
819 986 1044 1050 praebuit:
1070 1008 1091 1029 α
1117 988 1229 1034 Nam
1254 990 1287 1037 si
1317 1009 1498 1051 genera-

117 1055 277 1102 tionem
302 1056 482 1121 (inquit)
510 1074 560 1106 eo
577 1056 674 1103 loco
697 1057 827 1105 vellet
851 1057 1051 1117 intelligi,
1073 1075 1151 1121 per
1175 1058 1286 1107 duos
1305 1062 1494 1123 diceret,

116 1143 205 1172 non
221 1143 300 1190 per
322 1143 461 1173 unum
476 1126 510 1174 4.
539 1148 559 1168 >³
580 1132 694 1174 Cum
714 1128 876 1191 potius,
900 1128 935 1172 si
953 1128 1199 1190 exemplum
1221 1131 1350 1178 vellet
1374 1135 1498 1182 intel-

117 1195 210 1256 ligi,
256 1215 331 1261 per
359 1206 494 1244 unam
523 1197 712 1254 diceret,
751 1216 841 1244 non
866 1215 946 1262 per
965 1213 1104 1243 unum
1127 1236 1137 1254 ,
1168 1217 1299 1263 quam
1333 1218 1503 1252 constat

117 1267 248 1313 etiam
279 1268 366 1332 ipsi
387 1268 483 1315 viro
508 1285 586 1314 suo
621 1269 868 1331 exemplum
896 1268 1137 1332 praebuisse
1157 1274 1387 1332 peccandi.
1415 1278 1500 1323 Sed

118 1338 220 1400 quia
263 1338 537 1398 generatione
567 1349 799 1401 peccatum
839 1338 1019 1385 intravit
1050 1338 1096 1384 in
1130 1342 1378 1402 mundum,
1412 1349 1502 1395 sola

116 1409 436 1469 regeneratione
453 1409 717 1467 sanandum,
737 1410 835 1456 ideo
860 1409 967 1456 dixit
986 1427 1067 1473 per
1081 1427 1217 1458 unum
1241 1432 1251 1459 ε
1269 1417 1372 1479 quia
1391 1419 1502 1466 sicut

118 1478 304 1525 humani
320 1479 565 1544 exemplum
582 1480 754 1544 peccati
773 1480 913 1544 coepit
927 1498 950 1526 a
974 1480 1178 1540 foemina,
1197 1483 1257 1529 sic
1285 1491 1501 1545 generatio

119 1550 258 1613 coepit
282 1568 304 1596 a
329 1550 422 1597 viro
445 1587 456 1607 ‚
493 1551 825 1614 conceptionem
848 1550 1017 1614 quippe
1048 1568 1149 1614 quae
1185 1554 1239 1601 ad
1272 1556 1500 1607 foeminam

118 1621 332 1683 pertinet,
362 1620 588 1667 seminatio
611 1638 710 1684 quae
736 1621 789 1667 ad
814 1621 953 1668 virum
979 1623 1194 1684 pertinet,
1229 1627 1350 1674 nullo
1372 1630 1501 1677 dubi-

120 1699 240 1737 tante
268 1691 494 1755 praecedit.
528 1691 613 1737 Sed
649 1709 747 1738 ecce
779 1691 1005 1739 inventum
1033 1702 1095 1738 est
1129 1695 1499 1747 evidentissimum

126 1762 421 1809 testimonium
441 1801 452 1818 ,
483 1763 572 1810 sive
604 1781 627 1809 a
661 1773 701 1810 te
736 1763 832 1827 ipso
851 1800 862 1820 ,
897 1764 984 1809 sive
1009 1764 1065 1809 ab
1101 1765 1185 1811 alio
1208 1768 1285 1831 qui
1308 1769 1394 1817 hoc
1421 1773 1501 1819 tibi

120 1831 311 1879 fortassis
336 1834 500 1894 objecit
518 1870 530 1890 ,
559 1833 639 1879 ubi
671 1833 761 1879 sine
782 1833 871 1879 ulla
903 1833 1188 1893 ambiguitate
1219 1839 1275 1884 ab
1308 1857 1394 1888 uno
1419 1845 1502 1889 orti

125 1902 234 1949 dicti
251 1915 352 1950 sunt
371 1903 729 1959 innumerabiles,
761 1921 862 1949 cum
883 1904 1026 1950 virum
1041 1916 1082 1950 et
1109 1906 1336 1955 foeminam
1353 1949 1364 1968 ,
1393 1913 1502 1960 duos

124 1974 274 2038 utique
288 1985 507 2037 parentes,
532 1984 582 2019 ut
601 1974 818 2019 orirentur
843 1974 1082 2020 habuerint
1106 1993 1116 2020 ε
1149 1978 1223 2023 sed
1248 1979 1414 2029 dictum
1442 1997 1504 2031 est

123 2045 376 2101 rectissime,
393 2055 579 2108 propter
599 2043 820 2089 exordium
839 2044 1142 2103 generationis,
1166 2050 1286 2111 quod
1303 2070 1325 2097 a
1344 2056 1503 2100 semine

123 2115 205 2162 viri
226 2126 301 2162 est.
329 2116 526 2179 Denique
549 2131 650 2160 cum
669 2113 910 2160 laudabilia
931 2114 1031 2159 fidei
1058 2119 1250 2180 exempla
1279 2138 1504 2187 propone-

123 2196 207 2241 ret,
228 2186 285 2231 ab
305 2186 400 2249 ipso
420 2185 531 2231 Abel
554 2185 711 2248 coepit,
733 2195 775 2230 et
795 2197 1135 2232 commemorato
1157 2189 1381 2239 Abraham
1403 2214 1505 2258 per-

124 2255 243 2302 venit
262 2255 316 2301 ad
339 2256 505 2302 Saram.
530 2259 626 2300 Jam
651 2255 802 2319 utique
824 2256 877 2300 ab
895 2255 970 2301 illo
990 2258 1244 2316 transierat,
1267 2273 1308 2307 et
1335 2264 1387 2309 de
1414 2271 1448 2326 ej
1459 2284 1505 2313 us

126 2329 311 2385 conjuge
326 2326 588 2390 loquebatur
611 2343 622 2370 z
649 2335 691 2369 et
714 2336 859 2371 tamen
884 2342 986 2370 cum
1006 2326 1060 2373 ad
1082 2333 1406 2380 memorandam
1428 2353 1504 2395 ge-

126 2395 392 2441 nerationem
415 2396 615 2442 immensi
637 2395 797 2459 populi
817 2406 996 2442 ventum
1023 2408 1154 2457 esset,
1186 2401 1240 2446 ad
1274 2403 1396 2449 illum
1432 2423 1504 2452 re-

128 2481 272 2512 versus
296 2476 382 2523 est3
408 2467 510 2529 quia
529 2466 602 2512 ille
635 2466 812 2527 genuit,
837 2465 957 2530 quod
986 2467 1059 2513 illa
1082 2472 1266 2532 peperit.
1300 2473 1420 2530 Quid
1437 2477 1470 2522 si
1490 2515 1501 2531 ‚

127 2546 179 2582 ut
210 2536 421 2583 debueras
436 2574 447 2596 ,
476 2537 687 2598 cogitares
707 2574 718 2596 ,
743 2555 832 2587 non
848 2538 1174 2603 blasphemares
1204 2542 1377 2592 fidelem
1401 2548 1504 2595 fidei

176 2617 188 2642 ¹
208 2615 284 2654 Lib.
308 2630 341 2657 2,
357 2631 393 2656 n.
411 2620 454 2652 56
472 2624 504 2653 et
524 2620 604 2654 183.
