1824 3236
168 286 322 316 orfitus
360 284 621 315 miri-:arnon
659 282 831 314 coxrna
871 281 1117 324 JULIANUM,
1157 285 1242 315 Lm.
1287 286 1326 314 v.
1391 268 1475 314 361

109 352 256 416 punit,
284 350 403 414 quod
421 350 558 396 libera
578 348 798 396 voluntate
825 365 902 411 per
927 365 969 393 se
994 348 1086 411 ipse
1116 347 1356 405 commisit,
1380 365 1481 394 cum

110 432 323 486 potuisset
339 437 505 468 cavere.
522 441 542 462 »

178 495 296 541 Aue.
323 492 421 538 Hoc
439 491 703 554 imputatum
723 500 786 536 est
807 489 951 553 primo
974 489 1144 536 homini
1160 529 1170 548 ‚
1198 490 1316 554 quod
1344 499 1487 554 posset

112 580 286 619 cavere,
315 562 348 607 si
372 561 498 608 vellet
516 578 527 606 :
550 561 622 607 sed
648 564 739 621 ejus
757 570 940 624 peccato
955 560 1153 607 universa
1170 561 1297 607 etiam
1316 561 1360 606 in
1381 577 1487 623 pos-

110 634 209 680 teris
229 643 384 678 natura
402 632 553 678 vitiata
574 632 796 679 Salvatore
817 648 929 694 opus
949 631 1088 677 habet
1103 632 1490 710 ‚utpossitcavere

110 714 312 768 peccata,
333 702 512 762 quando
533 703 661 749 etiam
683 713 785 748 aetas
812 702 1062 757 accesserit,
1089 718 1175 765 qua
1194 702 1256 747 uti
1268 701 1405 779 possit
1425 718 1492 746 ra-

111 774 240 819 tionis
256 772 429 819 officio:
451 784 549 819 ante
571 774 686 819 hanc.
705 790 806 819 vero
827 783 998 818 aetatem
1021 772 1131 817 inest
1150 789 1197 817 ex
1215 772 1377 831 origine
1396 789 1489 816 rca-

114 856 182 890 tus
213 844 485 904 generatione
514 855 791 901 contractus,
830 843 1150 904 regeneratione
1174 841 1484 888 detrahendus.

115 914 246 972 Quod
268 931 343 960 vos
381 914 580 974 negando
600 952 610 971 ‚
642 914 904 978 apertissime
932 913 1076 960 dicitis
1099 914 1324 959 Christum
1344 913 1492 958 Jesum

112 1001 201 1030 non
221 1001 308 1029 esse
330 985 478 1030 Jesum
498 985 710 1048 parvulis;
742 985 817 1048 qui
840 995 1073 1047 propterea
1108 995 1212 1030 teste
1244 983 1401 1039 Angelo
1432 982 1493 1027 sic

113 1052 348 1110 vocatur1,
374 1055 479 1117 quia
513 1055 680 1101 salvum
717 1055 846 1101 faciet
875 1054 1090 1118 populum
1125 1071 1247 1100 suum
1268 1091 1278 1105 ,
1310 1054 1379 1117 (in
1406 1069 1494 1116 quo

114 1123 282 1188 populo
308 1124 514 1188 parvulos
533 1143 618 1171 esse
639 1143 728 1171 non
750 1125 882 1171 vultis
897 1162 908 1181 ,
930 1127 946 1187 )
968 1143 989 1170 a
1011 1126 1202 1189 peccatis
1226 1141 1391 1171 eorum.

181 1195 321 1242 XXX.
352 1196 452 1242 JuL.
479 1216 500 1237 <t
523 1195 608 1241 Sed
634 1207 681 1241 ut
700 1196 826 1242 nobis
844 1199 935 1255 jam
953 1196 1034 1242 ista
1053 1212 1142 1241 non
1164 1195 1411 1250 lubricant,
1438 1193 1498 1237 ita

118 1282 141 1310 a
165 1265 413 1311 Manichaeo
432 1275 473 1310 et
493 1266 771 1312 Traduciano
808 1266 988 1328 paribus
1017 1265 1172 1311 animis
1202 1265 1488 1328 repelluntur.

119 1335 349 1381 Videamus
368 1353 467 1396 ergo
494 1336 602 1400 quid
626 1336 709 1400 ipsi
733 1337 896 1382 dicant.
925 1336 1200 1382 Manichaeus
1235 1336 1390 1382 scribit
1414 1352 1497 1379 na-

118 1405 254 1452 turale
281 1424 366 1452 csso
398 1418 627 1470 peccatum
661 1425 672 1452 ι
707 1407 860 1452 annuit
895 1407 1162 1466 Augustinus
1186 1406 1383 1452 naturale
1412 1422 1497 1451 csse

118 1488 366 1541 peccatum.
398 1479 542 1524 Ambo
556 1495 656 1538 ergo
675 1479 731 1524 ab
747 1496 822 1535 ea,
848 1496 977 1542 quam
999 1478 1315 1541 praemisimus,
1338 1476 1498 1522 defini-

121 1549 238 1595 tione
266 1548 554 1606 dissentiunt,
576 1549 830 1612 habentque
855 1551 900 1595 in
924 1549 1113 1594 naturali
1135 1549 1303 1612 peccati
1325 1564 1503 1594 nuncu-

121 1620 298 1683 patione
318 1619 564 1680 collegium.
590 1619 824 1667 Videamus
844 1619 951 1683 quid
977 1619 1126 1665 dicant
1138 1619 1269 1664 etiam
1287 1619 1339 1664 de
1354 1635 1504 1679 genere

121 1691 292 1753 peccati
307 1726 318 1746 ‚
343 1689 388 1735 id
411 1701 498 1746 est,
520 1690 641 1754 quod
659 1701 816 1754 putant
837 1707 922 1736 esse
946 1701 1176 1753 peccatum
1194 1727 1204 1745 ‚
1231 1689 1351 1754 quod
1373 1689 1503 1734 ambo

125 1759 323 1806 naturale
344 1762 634 1819 confirmant,
660 1778 713 1807 ne
730 1761 842 1808 forte
858 1761 926 1808 vel
956 1761 1001 1807 in
1025 1771 1227 1823 sequente
1255 1759 1393 1821 gradu
1415 1758 1509 1804 dis-

125 1831 324 1878 sentiant.
352 1831 473 1888 Quid
499 1831 654 1878 scribit
684 1832 961 1877 Manichaeus
986 1831 1038 1877 ad
1064 1831 1228 1877 filiam?
1256 1829 1506 1893 Concupis-

125 1902 315 1948 centiam
348 1903 514 1958 carnis,
540 1902 733 1950 etaillam
763 1903 1033 1965 voluptatem
1061 1901 1364 1948 foecunditatis
1385 1900 1507 1964 operi

127 1972 384 2018 destinatam
405 2009 416 2029 ,
436 1989 514 2035 per
533 1972 621 2018 hoc
640 1973 822 2035 probari
837 1972 1100 2018 diabolicam
1122 2010 1132 2028 ‚
1152 1989 1230 2035 per
1254 1971 1374 2035 quod
1398 1987 1509 2034 opus

128 2047 218 2104 ejus
240 2043 476 2106 publicum
510 2042 616 2089 vitet
641 2053 879 2120 aspectum.
915 2042 1036 2099 Quid
1063 2043 1360 2121 Augustinus?
1386 2041 1509 2086 Idem

127 2131 208 2178 per
231 2113 445 2159 01nnia2·
435 2148 446 2158 .
471 2134 490 2152 α
513 2113 593 2158 Illa
617 2113 971 2177 concupiscentia
998 2114 1140 2159 carnis
1163 2113 1301 2159 frutex
1327 2123 1390 2158 est
1417 2111 1510 2157 dia-

129 2184 248 2239 boli;
282 2201 429 2239 causa,
467 2183 532 2230 lex
569 2184 763 2247 peccati,
798 2201 898 2247 quae
937 2184 1098 2239 evitat,
1138 2184 1310 2247 inquit,
1346 2183 1524 2246 ubique

133 2267 446 2319 conspectum,
469 2266 511 2301 et
534 2255 693 2318 quaerit
710 2254 916 2318 pudendo
942 2266 1214 2302 secretum.»
1236 2257 1267 2300 li
1273 2271 1349 2314 rgo
1367 2271 1444 2300 nec
1459 2253 1514 2299 de

132 2327 310 2391 pliore‚
338 2344 418 2372 nec
450 2326 503 2371 de
534 2336 738 2389 sequente
771 2324 873 2370 mali
905 2326 1069 2371 ratione
1090 2324 1356 2371 discordant.
1394 2323 1514 2380 Ouid

134 2397 340 2443 tertium?
360 2399 575 2456 Cumjam
598 2394 812 2458 quaeritur
826 2395 940 2441 unde
953 2396 1006 2441 sit
1025 2395 1186 2441 malum
1206 2432 1216 2450 ‚
1244 2396 1281 2439 M
1292 2393 1518 2440 anichaeus

136 2467 190 2515 de
207 2479 382 2526 natura,
400 2467 566 2531 inquit,
587 2465 861 2511 tenebrarum
880 2477 1054 2513 aeterna.
1081 2465 1201 2523 Quid
1226 2465 1517 2525 Augustinus?

187 2568 198 2589 ¹
217 2565 336 2599 Matth.
358 2578 384 2601 1.
402 2577 456 2597 21.
473 2583 514 2589 -
537 2562 552 2586 ²
571 2561 656 2595 vide
672 2572 767 2607 supra
786 2562 841 2596 lib.
865 2565 896 2597 3.
920 2575 950 2596 n.
973 2573 1047 2609 177·
1070 2563 1195 2600 et184.
1219 2562 1289 2594 Lib.
1311 2572 1341 2596 τ.
1360 2561 1400 2593 dc
1416 2563 1513 2604 Nupt.

139 2628 170 2655 et
187 2624 289 2655 Cone.
310 2633 337 2654 c.
360 2624 413 2654 23.
432 2620 515 2653 lbid.
531 2631 558 2652 c.
581 2631 596 2659 7
609 2644 616 2653 .
