1824 3236
302 257 393 318 [270
711 269 745 299 s.
790 268 1033 300 Aucus'rini
1070 270 1273 301 EPISCOPI

303 335 419 392 Quid
457 335 600 381 (licam
634 334 686 380 de
717 334 832 380 vitiis
865 337 1138 391 animorum,
1178 337 1338 400 quibus
1376 349 1477 384 sunt
1500 339 1680 403 quidam

303 418 457 452 natura
479 406 721 461 libidinosi,
742 405 920 468 quidam
947 407 1174 456 iracundi.
1196 408 1375 471 quidam
1410 410 1678 465 meticulosi,

300 477 480 542 quidam
503 477 703 522 obliviosi
727 513 738 532 ‚
767 477 946 539 quidam
968 479 1251 534 tardicordes,
1282 479 1461 543 quidam
1487 481 1687 526 excordes

307 559 435 611 atque
451 548 508 593 ita
525 547 650 601 fatui,
672 557 719 592 ut
739 548 858 593 malit
878 549 1011 594 homo
1032 566 1132 596 cum
1149 550 1413 611 quibusdam
1436 551 1685 613 pecoribus,

306 635 435 682 quam
464 635 562 663 cum
584 618 744 663 talibus
763 618 1018 664 hominibus
1047 619 1224 664 vivere>
1248 620 1372 665 Adde
1397 621 1580 680 gemitus
1603 639 1688 683 pa—

307 689 510 735 rientium
530 726 540 745 ,
579 689 791 752 fletusque
824 689 1094 734 nascentium
1120 727 1125 744 ,
1171 690 1390 735 cruciatus
1415 691 1687 746 dolentium,

311 759 608 820 languentium
647 760 816 805 labores
841 798 850 809 ,
886 771 1097 805 tormenta
1137 760 1275 805 multa
1310 760 1588 807 morientium
1611 798 1621 818 ,
1653 771 1695 806 et

310 831 503 896 pericula
529 830 668 876 inulto
696 831 824 894 plura
847 831 1104 877 viventium.
1140 831 1248 877 Ilaec
1278 832 1440 889 omnia,
1464 842 1593 895 atque
1614 831 1695 877 alia

313 902 415 947 talia
435 939 445 957 ,
474 901 560 946 sive
585 905 732 963 pejora
750 938 759 956 ‚
795 918 893 964 quae
924 901 1067 946 verbis
1095 902 1299 960 congruis
1327 901 1476 947 saltem
1507 901 1696 947 breviter

312 989 654 1017 commemorare
674 973 772 1034 quis
789 972 981 1018 sufficit?
1005 971 1166 1017 secund
1176 989 1197 1016 u
1207 990 1246 1017 m
1268 990 1453 1018 errorem
1473 983 1662 1018 vestrum
1681 1009 1691 1028 ,

313 1043 385 1089 sed
412 1043 540 1106 plane
569 1053 721 1088 contra
746 1042 962 1106 pudorem
995 1054 1185 1089 vestrum
1205 1081 1215 1092 ,
1258 1055 1331 1089 aut
1359 1044 1502 1089 fronte
1525 1044 1697 1107 impro-

316 1115 505 1166 bissima,
532 1125 606 1160 aut
626 1132 758 1160 manu
774 1114 908 1159 fronti
928 1115 1128 1178 opposita
1146 1152 1155 1169 ‚
1180 1115 1222 1160 in
1249 1116 1323 1160 nei
1343 1115 1545 1179 paradiso
1573 1115 1697 1175 cogi-

318 1185 423 1231 mini
445 1185 676 1242 collocare,
708 1196 749 1230 et
766 1186 909 1231 dicere
926 1185 1073 1231 futura
1101 1196 1140 1231 et
1164 1186 1227 1231 ibi
1246 1187 1344 1232 haec
1362 1186 1506 1241 fuisse,
1534 1186 1699 1232 etiamsi

318 1274 445 1302 nemo
471 1267 702 1320 peccasset.
745 1257 914 1312 Dicite,
956 1257 1088 1303 dicite
1118 1275 1127 1301 ε
1162 1274 1240 1302 cur
1272 1258 1384 1302 enim
1424 1257 1701 1305 revereamini

318 1328 601 1374 debonestare
626 1339 690 1373 tot
715 1346 763 1376 ac
797 1329 923 1374 tantis
947 1329 1062 1375 vitiis
1093 1339 1134 1373 ct
1168 1328 1489 1375 calamitatibus
1518 1329 1662 1375 locum
1686 1366 1697 1385 ,

318 1416 446 1463 quem
474 1399 637 1444 nefario
675 1399 876 1459 dogmate
902 1418 923 1444 a
950 1400 1075 1445 vobis
1109 1398 1249 1444 facitis
1275 1399 1491 1445 alienum?
1526 1402 1635 1445 lN'am
1669 1399 1702 1444 si

321 1469 558 1534 aliquando
578 1470 685 1515 illuc
719 1471 880 1515 intrare
903 1470 1211 1533 disponeretis,
1237 1487 1462 1533 nunqnam
1487 1470 1577 1516 illic
1603 1470 1703 1515 talia

321 1541 552 1604 poneretis,
592 1543 678 1586 Aut
699 1541 731 1586 si
765 1541 902 1586 vincit
922 1540 1069 1604 pudor
1091 1541 1135 1586 in
1159 1540 1367 1586 cordibus
1387 1541 1534 1587 vestris
1550 1577 1560 1597 ‚
1594 1551 1635 1586 et
1658 1540 1703 1586 in

320 1612 417 1657 loco
443 1612 516 1657 tali
538 1612 637 1657 talia
657 1613 921 1657 constituere
940 1611 1193 1657 erubescitis
1208 1648 1218 1668 ,
1241 1611 1490 1658 horrescitis
1508 1649 1517 1667 ,
1541 1612 1705 1657 obmu-

322 1682 496 1738 tescitis„
513 1693 554 1728 et
570 1693 713 1728 tamen
733 1683 867 1728 errori
887 1693 1041 1738 vestro7
1063 1700 1151 1746 quo
1170 1700 1256 1728 non
1275 1683 1448 1729 creditis
1465 1684 1704 1728 humanam

318 1764 518 1799 naturam
542 1754 673 1817 primi
697 1754 889 1798 hominis
911 1754 1270 1816 praevaricatione
1289 1754 1485 1799 vitiatam
1507 1754 1705 1817 pertina-

321 1825 426 1870 citer
447 1825 740 1870 adliaerescitis
761 1845 771 1878 3
799 1825 1056 1888 respondete
1084 1825 1343 1870 Manichaeis
1363 1825 1478 1870 unde
1506 1825 1702 1880 sintista‚

322 1913 375 1941 ne
406 1895 469 1941 illi
505 1913 553 1940 ea
588 1895 640 1940 de
678 1896 984 1941 commixtione
1006 1895 1157 1941 alienae
1187 1894 1401 1958 malaeque
1432 1905 1599 1940 naturae
1622 1912 1707 1940 esse

323 1966 604 2013 concludant.
638 1968 673 2012 A
698 1967 825 2012 nobis
849 1967 961 2012 enim
989 1983 1091 2011 cum
1119 1966 1207 2011 hoc
1234 1966 1498 2028 requiritur,
1524 1982 1708 2030 respon-

323 2037 476 2083 demus
504 2056 592 2083 non
616 2038 711 2083 baec
735 2056 821 2083 esse
847 2039 900 2083 de
925 2037 1210 2101 permixtione
1230 2037 1382 2082 alienae
1398 2075 1408 2092 ‚
1429 2037 1502 2082 sed
1526 2037 1579 2082 de
1603 2054 1707 2082 nos-

324 2120 404 2154 trae
440 2109 804 2171 praevaricatione
840 2121 1040 2163 naturae⁷
1085 2126 1163 2171 per
1200 2125 1297 2153 eum
1323 2110 1399 2171 qui
1432 2108 1478 2153 in
1504 2108 1707 2171 paradiso

324 2179 534 2240 dejectus,
566 2180 673 2225 etde
698 2180 900 2242 paradiso
928 2184 1088 2239 ejectus
1108 2190 1185 2233 est,
1215 2196 1266 2223 ne
1286 2179 1330 2224 in
1350 2179 1447 2224 loco
1468 2177 1709 2224 beatitudi-

326 2251 392 2296 nis
411 2261 602 2296 maneret
626 2261 779 2296 natura
798 2250 1001 2296 damnata
1016 2287 1025 2305 ‚
1050 2261 1091 2295 et
1116 2250 1221 2295 vitia
1242 2249 1308 2294 vel
1329 2249 1546 2312 supplicia
1565 2286 1576 2306 ‚
1609 2266 1709 2312 quae

326 2333 518 2386 posteros
536 2325 627 2381 ejus
650 2315 804 2368 merito
819 2322 990 2368 fuerant
1011 2331 1211 2367 secutura
1231 2358 1241 2375 ,
1275 2321 1319 2366 in
1346 2338 1394 2366 eo
1422 2320 1519 2366 loco
1542 2331 1677 2367 essent:
1694 2357 1704 2372 ‚

328 2394 404 2439 ubi
428 2393 544 2439 nulla
571 2411 656 2439 esse
683 2394 886 2440 sinuntur
911 2393 1037 2439 mala.
1060 2393 1145 2438 Vos
1166 2403 1308 2438 autem
1331 2392 1435 2438 dum
1450 2392 1611 2452 negatis
1630 2392 1709 2437 ista

329 2464 395 2509 vel
417 2464 627 2509 deformia
648 2464 714 2510 vel
739 2481 986 2510 aerumnosa
1010 2463 1063 2509 de
1087 2463 1248 2508 meritis
1262 2464 1426 2509 vitiatae
1449 2474 1607 2509 nostrae
1628 2480 1700 2508 na-

330 2545 439 2580 turae
466 2535 628 2591 venire,
654 2535 1007 2581 commixtionem
1040 2535 1288 2598 permittitis
1315 2535 1634 2598 alienae,atque
1651 2534 1709 2579 ita

330 2606 470 2652 miseri
496 2616 537 2651 et
564 2607 832 2653 Manichaeos
855 2606 1063 2666 adjuvare
1097 2605 1303 2666 cogimini
1323 2643 1332 2660 ‚
1359 2616 1401 2652 et
1427 2605 1538 2652 mala
1567 2604 1638 2650 illa
1667 2606 1709 2650 in
