<?xml version="1.0" encoding="UTF-8"?>
<!DOCTYPE html PUBLIC "-//W3C//DTD XHTML 1.0 Transitional//EN"
    "http://www.w3.org/TR/xhtml1/DTD/xhtml1-transitional.dtd">
<html xmlns="http://www.w3.org/1999/xhtml" xml:lang="en" lang="en">
 <head>
  <title>
</title>
<meta http-equiv="Content-Type" content="text/html;charset=utf-8" />
  <meta name='ocr-system' content='tesseract 3.04.00' />
  <meta name='ocr-capabilities' content='ocr_page ocr_carea ocr_par ocr_line ocrx_word'/>
</head>
<body>
  <div class='ocr_page' id='page_1' title='image "./operaomniaaccura37auguuoft/operaomniaaccura37auguuoft_0443.png"; bbox 0 0 1824 3236; ppageno 0'>
   <div class='ocr_carea' id='block_1_1' title="bbox 160 286 1483 342">
    <p class='ocr_par' dir='ltr' id='par_1_1' title="bbox 160 286 1483 342">
     <span class='ocr_line' id='line_1_1' title="bbox 160 286 1483 342; baseline 0.002 -14"><span class='ocrx_word' id='word_1_1' title='bbox 160 299 315 329; x_wconf 60' lang='lat' dir='ltr'><strong>omanis</strong></span> <span class='ocrx_word' id='word_1_2' title='bbox 353 296 613 328; x_wconf 59' lang='lat' dir='ltr'><strong>lzirssnfncrl</strong></span> <span class='ocrx_word' id='word_1_3' title='bbox 649 295 821 326; x_wconf 52' lang='lat' dir='ltr'><strong>cou‘rssfx</strong></span> <span class='ocrx_word' id='word_1_4' title='bbox 860 297 1108 336; x_wconf 58' lang='lat' dir='ltr'><strong>JffltANtffl,</strong></span> <span class='ocrx_word' id='word_1_5' title='bbox 1151 301 1233 331; x_wconf 75' lang='lat' dir='ltr'><strong>tin.</strong></span> <span class='ocrx_word' id='word_1_6' title='bbox 1281 302 1338 332; x_wconf 74' lang='lat' dir='ltr'><strong>vr.</strong></span> <span class='ocrx_word' id='word_1_7' title='bbox 1392 286 1483 342; x_wconf 71' lang='lat'><strong>433</strong></span> 
     </span>
    </p>
   </div>
   <div class='ocr_carea' id='block_1_2' title="bbox 110 361 1507 2615">
    <p class='ocr_par' dir='ltr' id='par_1_2' title="bbox 110 361 1506 1697">
     <span class='ocr_line' id='line_1_2' title="bbox 112 361 1485 427; baseline 0.002 -17"><span class='ocrx_word' id='word_1_8' title='bbox 112 364 221 410; x_wconf 89' lang='lat' dir='ltr'><strong>nulli</strong></span> <span class='ocrx_word' id='word_1_9' title='bbox 242 363 426 411; x_wconf 85' lang='lat' dir='ltr'><strong>naturali</strong></span> <span class='ocrx_word' id='word_1_10' title='bbox 445 361 613 410; x_wconf 83' lang='lat' dir='ltr'>crimini</span> <span class='ocrx_word' id='word_1_11' title='bbox 630 361 917 423; x_wconf 78' lang='lat' dir='ltr'><strong>mancipatos,</strong></span> <span class='ocrx_word' id='word_1_12' title='bbox 940 365 1243 427; x_wconf 83' lang='lat' dir='ltr'><strong>eosquelil›era</strong></span> <span class='ocrx_word' id='word_1_13' title='bbox 1263 367 1485 414; x_wconf 79' lang='lat' dir='ltr'><strong>voluntate</strong></span> 
     </span>
     <span class='ocr_line' id='line_1_3' title="bbox 110 432 1486 499; baseline 0.002 -18"><span class='ocrx_word' id='word_1_14' title='bbox 110 453 326 499; x_wconf 82' lang='lat' dir='ltr'>peccasse,</span> <span class='ocrx_word' id='word_1_15' title='bbox 354 435 499 481; x_wconf 84' lang='lat' dir='ltr'><strong>sedita</strong></span> <span class='ocrx_word' id='word_1_16' title='bbox 525 432 763 493; x_wconf 79' lang='lat' dir='ltr'><strong>granditer,</strong></span> <span class='ocrx_word' id='word_1_17' title='bbox 793 444 838 479; x_wconf 83' lang='lat' dir='ltr'><strong>ut</strong></span> <span class='ocrx_word' id='word_1_18' title='bbox 861 435 1004 480; x_wconf 82' lang='lat' dir='ltr'><strong>onmia</strong></span> <span class='ocrx_word' id='word_1_19' title='bbox 1045 437 1086 481; x_wconf 91' lang='lat' dir='ltr'><strong>in</strong></span> <span class='ocrx_word' id='word_1_20' title='bbox 1116 448 1267 483; x_wconf 72' lang='lat' dir='ltr'><strong>natura</strong></span> <span class='ocrx_word' id='word_1_21' title='bbox 1303 455 1376 484; x_wconf 87' lang='lat' dir='ltr'><strong>sua</strong></span> <span class='ocrx_word' id='word_1_22' title='bbox 1408 440 1486 484; x_wconf 84' lang='lat' dir='ltr'><strong>Dei</strong></span> 
     </span>
     <span class='ocr_line' id='line_1_4' title="bbox 112 503 1489 570; baseline 0.002 -17"><span class='ocrx_word' id='word_1_23' title='bbox 112 507 308 553; x_wconf 83' lang='lat' dir='ltr'><strong>instituta</strong></span> <span class='ocrx_word' id='word_1_24' title='bbox 325 507 582 552; x_wconf 71' lang='lat' dir='ltr'>subruerent</span> <span class='ocrx_word' id='word_1_25' title='bbox 606 503 638 550; x_wconf 43' lang='lat'><strong>›1-</strong></span> <span class='ocrx_word' id='word_1_26' title='bbox 665 526 684 545; x_wconf 92' lang='lat'>»</span> <span class='ocrx_word' id='word_1_27' title='bbox 718 504 850 560; x_wconf 89' lang='lat' dir='ltr'><strong>lllud,</strong></span> <span class='ocrx_word' id='word_1_28' title='bbox 887 505 1045 568; x_wconf 80' lang='lat' dir='ltr'><strong>inquit,</strong></span> <span class='ocrx_word' id='word_1_29' title='bbox 1091 519 1319 570; x_wconf 76' lang='lat' dir='ltr'><strong>peceatum</strong></span> <span class='ocrx_word' id='word_1_30' title='bbox 1364 510 1489 556; x_wconf 67' lang='lat' dir='ltr'><strong>valde</strong></span> 
     </span>
     <span class='ocr_line' id='line_1_5' title="bbox 112 573 1490 639; baseline 0.003 -17"><span class='ocrx_word' id='word_1_31' title='bbox 112 581 253 637; x_wconf 87' lang='lat' dir='ltr'><strong>majus</strong></span> <span class='ocrx_word' id='word_1_32' title='bbox 295 587 425 639; x_wconf 80' lang='lat' dir='ltr'><strong>atque</strong></span> <span class='ocrx_word' id='word_1_33' title='bbox 462 574 589 620; x_wconf 88' lang='lat' dir='ltr'><strong>altius</strong></span> <span class='ocrx_word' id='word_1_34' title='bbox 613 573 816 620; x_wconf 83' lang='lat' dir='ltr'><strong>diabolus</strong></span> <span class='ocrx_word' id='word_1_35' title='bbox 842 576 997 631; x_wconf 80' lang='lat' dir='ltr'><strong>infixit,</strong></span> <span class='ocrx_word' id='word_1_36' title='bbox 1025 594 1156 639; x_wconf 79' lang='lat' dir='ltr'><strong>quam</strong></span> <span class='ocrx_word' id='word_1_37' title='bbox 1187 590 1287 624; x_wconf 86' lang='lat' dir='ltr'><strong>sunt</strong></span> <span class='ocrx_word' id='word_1_38' title='bbox 1314 580 1390 625; x_wconf 82' lang='lat' dir='ltr'><strong>ista</strong></span> <span class='ocrx_word' id='word_1_39' title='bbox 1410 581 1490 626; x_wconf 80' lang='lat' dir='ltr'><strong>ho-</strong></span> 
     </span>
     <span class='ocr_line' id='line_1_6' title="bbox 114 645 1492 710; baseline 0.002 -17"><span class='ocrx_word' id='word_1_40' title='bbox 114 647 306 693; x_wconf 81' lang='lat' dir='ltr'><strong>minibus</strong></span> <span class='ocrx_word' id='word_1_41' title='bbox 331 656 435 691; x_wconf 87' lang='lat' dir='ltr'><strong>nota</strong></span> <span class='ocrx_word' id='word_1_42' title='bbox 465 656 660 708; x_wconf 85' lang='lat' dir='ltr'><strong>peccata.</strong></span> <span class='ocrx_word' id='word_1_43' title='bbox 704 645 829 691; x_wconf 83' lang='lat' dir='ltr'>Unde</span> <span class='ocrx_word' id='word_1_44' title='bbox 860 645 934 690; x_wconf 91' lang='lat' dir='ltr'><strong>illo</strong></span> <span class='ocrx_word' id='word_1_45' title='bbox 961 663 1116 706; x_wconf 77' lang='lat' dir='ltr'><strong>magno</strong></span> <span class='ocrx_word' id='word_1_46' title='bbox 1150 649 1277 710; x_wconf 83' lang='lat' dir='ltr'><strong>primi</strong></span> <span class='ocrx_word' id='word_1_47' title='bbox 1302 650 1492 696; x_wconf 87' lang='lat' dir='ltr'><strong>hominis</strong></span> 
     </span>
     <span class='ocr_line' id='line_1_7' title="bbox 111 716 1495 781; baseline 0.004 -19"><span class='ocrx_word' id='word_1_48' title='bbox 111 728 314 781; x_wconf 85' lang='lat' dir='ltr'><strong>peccato,</strong></span> <span class='ocrx_word' id='word_1_49' title='bbox 333 728 489 762; x_wconf 84' lang='lat' dir='ltr'><strong>natura</strong></span> <span class='ocrx_word' id='word_1_50' title='bbox 510 716 572 761; x_wconf 84' lang='lat' dir='ltr'><strong>ibi</strong></span> <span class='ocrx_word' id='word_1_51' title='bbox 592 727 734 762; x_wconf 86' lang='lat' dir='ltr'><strong>nostra</strong></span> <span class='ocrx_word' id='word_1_52' title='bbox 750 720 794 762; x_wconf 89' lang='lat' dir='ltr'><strong>in</strong></span> <span class='ocrx_word' id='word_1_53' title='bbox 814 717 1000 763; x_wconf 86' lang='lat' dir='ltr'><strong>deterius</strong></span> <span class='ocrx_word' id='word_1_54' title='bbox 1017 731 1304 776; x_wconf 85' lang='lat' dir='ltr'><strong>commutata,</strong></span> <span class='ocrx_word' id='word_1_55' title='bbox 1323 739 1408 767; x_wconf 85' lang='lat' dir='ltr'><strong>non</strong></span> <span class='ocrx_word' id='word_1_56' title='bbox 1431 740 1495 768; x_wconf 90' lang='lat' dir='ltr'><strong>so-</strong></span> 
     </span>
     <span class='ocr_line' id='line_1_8' title="bbox 112 786 1491 852; baseline 0.003 -19"><span class='ocrx_word' id='word_1_57' title='bbox 112 786 202 833; x_wconf 91' lang='lat' dir='ltr'><strong>lum</strong></span> <span class='ocrx_word' id='word_1_58' title='bbox 225 787 342 833; x_wconf 83' lang='lat' dir='ltr'><strong>facta</strong></span> <span class='ocrx_word' id='word_1_59' title='bbox 357 798 421 832; x_wconf 89' lang='lat' dir='ltr'><strong>est</strong></span> <span class='ocrx_word' id='word_1_60' title='bbox 441 787 679 850; x_wconf 69' lang='lat' dir='ltr'><strong>peccatriX,</strong></span> <span class='ocrx_word' id='word_1_61' title='bbox 709 788 988 833; x_wconf 72' lang='lat' dir='ltr'><strong>verumetiam</strong></span> <span class='ocrx_word' id='word_1_62' title='bbox 1016 800 1186 847; x_wconf 81' lang='lat' dir='ltr'><strong>generat</strong></span> <span class='ocrx_word' id='word_1_63' title='bbox 1209 802 1456 852; x_wconf 76' lang='lat' dir='ltr'>peccatores</span> <span class='ocrx_word' id='word_1_64' title='bbox 1480 810 1491 837; x_wconf 71' lang='grc' dir='ltr'>ε</span> 
     </span>
     <span class='ocr_line' id='line_1_9' title="bbox 113 858 1494 925; baseline 0.003 -21"><span class='ocrx_word' id='word_1_65' title='bbox 113 868 154 904; x_wconf 87' lang='lat' dir='ltr'><strong>et</strong></span> <span class='ocrx_word' id='word_1_66' title='bbox 179 869 324 904; x_wconf 83' lang='lat' dir='ltr'><strong>tamen</strong></span> <span class='ocrx_word' id='word_1_67' title='bbox 359 858 451 921; x_wconf 86' lang='lat' dir='ltr'><strong>ipse</strong></span> <span class='ocrx_word' id='word_1_68' title='bbox 494 858 693 917; x_wconf 78' lang='lat' dir='ltr'>languor,</span> <span class='ocrx_word' id='word_1_69' title='bbox 723 876 810 921; x_wconf 82' lang='lat' dir='ltr'><strong>quo</strong></span> <span class='ocrx_word' id='word_1_70' title='bbox 848 859 957 903; x_wconf 75' lang='lat' dir='ltr'><strong>bene</strong></span> <span class='ocrx_word' id='word_1_71' title='bbox 984 859 1158 905; x_wconf 81' lang='lat' dir='ltr'><strong>vivendi</strong></span> <span class='ocrx_word' id='word_1_72' title='bbox 1186 862 1320 906; x_wconf 68' lang='lat' dir='ltr'><strong>virtus</strong></span> <span class='ocrx_word' id='word_1_73' title='bbox 1348 863 1494 925; x_wconf 75' lang='lat' dir='ltr'><strong>periit,</strong></span> 
     </span>
     <span class='ocr_line' id='line_1_10' title="bbox 114 927 1496 996; baseline 0.003 -22"><span class='ocrx_word' id='word_1_74' title='bbox 114 945 201 974; x_wconf 91' lang='lat' dir='ltr'><strong>non</strong></span> <span class='ocrx_word' id='word_1_75' title='bbox 237 940 299 975; x_wconf 89' lang='lat' dir='ltr'><strong>est</strong></span> <span class='ocrx_word' id='word_1_76' title='bbox 327 939 499 984; x_wconf 83' lang='lat' dir='ltr'><strong>natura,</strong></span> <span class='ocrx_word' id='word_1_77' title='bbox 524 927 596 973; x_wconf 83' lang='lat' dir='ltr'><strong>sed</strong></span> <span class='ocrx_word' id='word_1_78' title='bbox 617 928 786 975; x_wconf 86' lang='lat' dir='ltr'><strong>vitium.</strong></span> <span class='ocrx_word' id='word_1_79' title='bbox 831 929 945 974; x_wconf 78' lang='lat' dir='ltr'><strong>lllud</strong></span> <span class='ocrx_word' id='word_1_80' title='bbox 973 946 1073 989; x_wconf 83' lang='lat' dir='ltr'><strong>ergo</strong></span> <span class='ocrx_word' id='word_1_81' title='bbox 1108 942 1355 992; x_wconf 81' lang='lat' dir='ltr'><strong>peccatum,</strong></span> <span class='ocrx_word' id='word_1_82' title='bbox 1377 932 1496 996; x_wconf 78' lang='lat' dir='ltr'><strong>quod</strong></span> 
     </span>
     <span class='ocr_line' id='line_1_11' title="bbox 113 998 1499 1064; baseline 0.001 -20"><span class='ocrx_word' id='word_1_83' title='bbox 113 999 259 1061; x_wconf 91' lang='lat' dir='ltr'><strong>ipsum</strong></span> <span class='ocrx_word' id='word_1_84' title='bbox 276 999 499 1044; x_wconf 90' lang='lat' dir='ltr'><strong>hominem</strong></span> <span class='ocrx_word' id='word_1_85' title='bbox 525 998 570 1043; x_wconf 87' lang='lat' dir='ltr'><strong>in</strong></span> <span class='ocrx_word' id='word_1_86' title='bbox 588 998 790 1061; x_wconf 79' lang='lat' dir='ltr'>paradiso</span> <span class='ocrx_word' id='word_1_87' title='bbox 814 1000 999 1045; x_wconf 76' lang='lat' dir='ltr'><strong>mutavit</strong></span> <span class='ocrx_word' id='word_1_88' title='bbox 1014 999 1056 1044; x_wconf 89' lang='lat' dir='ltr'><strong>in</strong></span> <span class='ocrx_word' id='word_1_89' title='bbox 1079 1003 1218 1063; x_wconf 85' lang='lat' dir='ltr'><strong>pejus,</strong></span> <span class='ocrx_word' id='word_1_90' title='bbox 1240 1003 1342 1064; x_wconf 86' lang='lat' dir='ltr'><strong>quia</strong></span> <span class='ocrx_word' id='word_1_91' title='bbox 1362 1003 1499 1048; x_wconf 85' lang='lat' dir='ltr'><strong>multo</strong></span> 
     </span>
     <span class='ocr_line' id='line_1_12' title="bbox 114 1069 1502 1134; baseline 0.004 -18"><span class='ocrx_word' id='word_1_92' title='bbox 114 1080 176 1116; x_wconf 89' lang='lat' dir='ltr'><strong>est</strong></span> <span class='ocrx_word' id='word_1_93' title='bbox 198 1069 407 1130; x_wconf 81' lang='lat' dir='ltr'>grandius</span> <span class='ocrx_word' id='word_1_94' title='bbox 429 1086 561 1133; x_wconf 89' lang='lat' dir='ltr'><strong>quam</strong></span> <span class='ocrx_word' id='word_1_95' title='bbox 584 1070 783 1129; x_wconf 85' lang='lat' dir='ltr'><strong>judicare</strong></span> <span class='ocrx_word' id='word_1_96' title='bbox 805 1088 882 1117; x_wconf 90' lang='lat' dir='ltr'><strong>nos</strong></span> <span class='ocrx_word' id='word_1_97' title='bbox 904 1088 1155 1134; x_wconf 80' lang='lat' dir='ltr'><strong>possumus,</strong></span> <span class='ocrx_word' id='word_1_98' title='bbox 1185 1073 1239 1117; x_wconf 86' lang='lat' dir='ltr'><strong>ab</strong></span> <span class='ocrx_word' id='word_1_99' title='bbox 1260 1075 1379 1119; x_wconf 86' lang='lat' dir='ltr'><strong>omni</strong></span> <span class='ocrx_word' id='word_1_100' title='bbox 1400 1093 1502 1121; x_wconf 84' lang='lat' dir='ltr'><strong>nas-</strong></span> 
     </span>
     <span class='ocr_line' id='line_1_13' title="bbox 115 1139 1502 1208; baseline 0.004 -23"><span class='ocrx_word' id='word_1_101' title='bbox 115 1150 237 1186; x_wconf 83' lang='lat' dir='ltr'><strong>cente</strong></span> <span class='ocrx_word' id='word_1_102' title='bbox 261 1139 465 1186; x_wconf 87' lang='lat' dir='ltr'><strong>trahitur.</strong></span> <span class='ocrx_word' id='word_1_103' title='bbox 497 1160 517 1181; x_wconf 83' lang='lat'><strong>&lt;‹</strong></span> <span class='ocrx_word' id='word_1_104' title='bbox 549 1140 662 1185; x_wconf 84' lang='lat' dir='ltr'><strong>Ecce</strong></span> <span class='ocrx_word' id='word_1_105' title='bbox 687 1157 820 1203; x_wconf 87' lang='lat' dir='ltr'><strong>quam</strong></span> <span class='ocrx_word' id='word_1_106' title='bbox 846 1151 993 1204; x_wconf 88' lang='lat' dir='ltr'><strong>aperte</strong></span> <span class='ocrx_word' id='word_1_107' title='bbox 1025 1141 1132 1204; x_wconf 89' lang='lat' dir='ltr'><strong>quid</strong></span> <span class='ocrx_word' id='word_1_108' title='bbox 1170 1143 1342 1189; x_wconf 80' lang='lat' dir='ltr'><strong>sentiret</strong></span> <span class='ocrx_word' id='word_1_109' title='bbox 1366 1160 1502 1208; x_wconf 88' lang='lat' dir='ltr'><strong>expo-</strong></span> 
     </span>
     <span class='ocr_line' id='line_1_14' title="bbox 115 1210 1502 1274; baseline 0.004 -18"><span class='ocrx_word' id='word_1_110' title='bbox 115 1210 233 1256; x_wconf 82' lang='lat' dir='ltr'><strong>suit:</strong></span> <span class='ocrx_word' id='word_1_111' title='bbox 260 1211 413 1268; x_wconf 88' lang='lat' dir='ltr'><strong>Primi,</strong></span> <span class='ocrx_word' id='word_1_112' title='bbox 444 1210 608 1274; x_wconf 85' lang='lat' dir='ltr'><strong>inquit,</strong></span> <span class='ocrx_word' id='word_1_113' title='bbox 639 1211 703 1256; x_wconf 91' lang='lat' dir='ltr'><strong>illi</strong></span> <span class='ocrx_word' id='word_1_114' title='bbox 728 1212 926 1257; x_wconf 83' lang='lat' dir='ltr'><strong>homines</strong></span> <span class='ocrx_word' id='word_1_115' title='bbox 964 1212 1125 1257; x_wconf 83' lang='lat' dir='ltr'><strong>bonam</strong></span> <span class='ocrx_word' id='word_1_116' title='bbox 1155 1212 1348 1260; x_wconf 75' lang='lat' dir='ltr'><strong>habuere</strong></span> <span class='ocrx_word' id='word_1_117' title='bbox 1370 1225 1502 1261; x_wconf 82' lang='lat' dir='ltr'><strong>natu-</strong></span> 
     </span>
     <span class='ocr_line' id='line_1_15' title="bbox 115 1281 1506 1344; baseline 0.004 -18"><span class='ocrx_word' id='word_1_118' title='bbox 115 1298 207 1327; x_wconf 86' lang='lat' dir='ltr'><strong>ram</strong></span> <span class='ocrx_word' id='word_1_119' title='bbox 228 1318 240 1336; x_wconf 85' lang='lat'><strong>,</strong></span> <span class='ocrx_word' id='word_1_120' title='bbox 282 1281 356 1327; x_wconf 89' lang='lat' dir='ltr'><strong>sed</strong></span> <span class='ocrx_word' id='word_1_121' title='bbox 391 1291 620 1344; x_wconf 85' lang='lat' dir='ltr'><strong>peccatum</strong></span> <span class='ocrx_word' id='word_1_122' title='bbox 664 1290 752 1326; x_wconf 80' lang='lat' dir='ltr'><strong>tam</strong></span> <span class='ocrx_word' id='word_1_123' title='bbox 797 1282 990 1326; x_wconf 80' lang='lat' dir='ltr'><strong>immane</strong></span> <span class='ocrx_word' id='word_1_124' title='bbox 1009 1318 1019 1337; x_wconf 93' lang='lat'><strong>,</strong></span> <span class='ocrx_word' id='word_1_125' title='bbox 1068 1293 1154 1327; x_wconf 82' lang='lat' dir='ltr'><strong>tam</strong></span> <span class='ocrx_word' id='word_1_126' title='bbox 1197 1283 1506 1331; x_wconf 80' lang='lat' dir='ltr'><strong>inaestimabile</strong></span> 
     </span>
     <span class='ocr_line' id='line_1_16' title="bbox 115 1351 1503 1414; baseline 0.004 -18"><span class='ocrx_word' id='word_1_127' title='bbox 115 1361 432 1414; x_wconf 83' lang='lat' dir='ltr'><strong>perpetrarunt</strong></span> <span class='ocrx_word' id='word_1_128' title='bbox 460 1388 471 1407; x_wconf 90' lang='lat'><strong>,</strong></span> <span class='ocrx_word' id='word_1_129' title='bbox 499 1361 546 1397; x_wconf 88' lang='lat' dir='ltr'><strong>ut</strong></span> <span class='ocrx_word' id='word_1_130' title='bbox 569 1351 774 1397; x_wconf 77' lang='lat' dir='ltr'><strong>virtutem</strong></span> <span class='ocrx_word' id='word_1_131' title='bbox 822 1351 933 1396; x_wconf 82' lang='lat' dir='ltr'><strong>bene</strong></span> <span class='ocrx_word' id='word_1_132' title='bbox 972 1352 1147 1398; x_wconf 79' lang='lat' dir='ltr'><strong>vivendi</strong></span> <span class='ocrx_word' id='word_1_133' title='bbox 1186 1354 1503 1412; x_wconf 79' lang='lat' dir='ltr'><strong>interimerent,</strong></span> 
     </span>
     <span class='ocr_line' id='line_1_17' title="bbox 116 1420 1505 1489; baseline 0.004 -22"><span class='ocrx_word' id='word_1_134' title='bbox 116 1420 243 1468; x_wconf 82' lang='lat' dir='ltr'><strong>liberi</strong></span> <span class='ocrx_word' id='word_1_135' title='bbox 276 1422 446 1467; x_wconf 88' lang='lat' dir='ltr'><strong>arbitrii</strong></span> <span class='ocrx_word' id='word_1_136' title='bbox 474 1421 621 1467; x_wconf 91' lang='lat' dir='ltr'><strong>lumen</strong></span> <span class='ocrx_word' id='word_1_137' title='bbox 650 1423 961 1481; x_wconf 80' lang='lat' dir='ltr'><strong>extinguerent,</strong></span> <span class='ocrx_word' id='word_1_138' title='bbox 989 1422 1179 1468; x_wconf 79' lang='lat' dir='ltr'><strong>facerent</strong></span> <span class='ocrx_word' id='word_1_139' title='bbox 1206 1424 1249 1469; x_wconf 89' lang='lat' dir='ltr'><strong>in</strong></span> <span class='ocrx_word' id='word_1_140' title='bbox 1285 1425 1505 1489; x_wconf 85' lang='lat' dir='ltr'><strong>reliquum</strong></span> 
     </span>
     <span class='ocr_line' id='line_1_18' title="bbox 116 1491 1502 1556; baseline 0.002 -18"><span class='ocrx_word' id='word_1_141' title='bbox 116 1491 331 1555; x_wconf 83' lang='lat' dir='ltr'><strong>peccandi</strong></span> <span class='ocrx_word' id='word_1_142' title='bbox 361 1492 686 1544; x_wconf 82' lang='lat' dir='ltr'><strong>necessitatem3</strong></span> <span class='ocrx_word' id='word_1_143' title='bbox 732 1509 784 1537; x_wconf 89' lang='lat' dir='ltr'><strong>ne</strong></span> <span class='ocrx_word' id='word_1_144' title='bbox 822 1492 893 1538; x_wconf 89' lang='lat' dir='ltr'><strong>cui</strong></span> <span class='ocrx_word' id='word_1_145' title='bbox 918 1503 1026 1538; x_wconf 84' lang='lat' dir='ltr'><strong>esset</strong></span> <span class='ocrx_word' id='word_1_146' title='bbox 1053 1494 1259 1556; x_wconf 73' lang='lat' dir='ltr'><strong>possibile</strong></span> <span class='ocrx_word' id='word_1_147' title='bbox 1283 1494 1337 1540; x_wconf 84' lang='lat' dir='ltr'><strong>de</strong></span> <span class='ocrx_word' id='word_1_148' title='bbox 1356 1513 1502 1541; x_wconf 89' lang='lat' dir='ltr'><strong>eorum</strong></span> 
     </span>
     <span class='ocr_line' id='line_1_19' title="bbox 117 1563 1505 1627; baseline 0.003 -19"><span class='ocrx_word' id='word_1_149' title='bbox 117 1564 252 1626; x_wconf 80' lang='lat' dir='ltr'><strong>stirpe</strong></span> <span class='ocrx_word' id='word_1_150' title='bbox 287 1566 496 1619; x_wconf 82' lang='lat' dir='ltr'><strong>nascenti,</strong></span> <span class='ocrx_word' id='word_1_151' title='bbox 528 1563 574 1608; x_wconf 89' lang='lat' dir='ltr'><strong>in</strong></span> <span class='ocrx_word' id='word_1_152' title='bbox 598 1563 809 1609; x_wconf 87' lang='lat' dir='ltr'><strong>virtutum</strong></span> <span class='ocrx_word' id='word_1_153' title='bbox 838 1563 994 1609; x_wconf 83' lang='lat' dir='ltr'><strong>decora</strong></span> <span class='ocrx_word' id='word_1_154' title='bbox 1019 1565 1193 1619; x_wconf 87' lang='lat' dir='ltr'><strong>conari,</strong></span> <span class='ocrx_word' id='word_1_155' title='bbox 1215 1577 1261 1627; x_wconf 12' lang='lat' dir='ltr'><strong>*et</strong></span> <span class='ocrx_word' id='word_1_156' title='bbox 1279 1565 1505 1613; x_wconf 79' lang='lat' dir='ltr'><strong>declinatis</strong></span> 
     </span>
     <span class='ocr_line' id='line_1_20' title="bbox 118 1633 872 1697; baseline -0.001 -17"><span class='ocrx_word' id='word_1_157' title='bbox 118 1633 231 1680; x_wconf 84' lang='lat' dir='ltr'><strong>vitiis</strong></span> <span class='ocrx_word' id='word_1_158' title='bbox 249 1645 496 1697; x_wconf 83' lang='lat' dir='ltr'><strong>compotem</strong></span> <span class='ocrx_word' id='word_1_159' title='bbox 513 1634 607 1679; x_wconf 88' lang='lat' dir='ltr'><strong>fieri</strong></span> <span class='ocrx_word' id='word_1_160' title='bbox 619 1634 872 1680; x_wconf 67' lang='lat' dir='ltr'><strong>sanctitatis.</strong></span> 
     </span>
    </p>

    <p class='ocr_par' dir='ltr' id='par_1_3' title="bbox 118 1704 1507 2615">
     <span class='ocr_line' id='line_1_21' title="bbox 185 1704 1507 1767; baseline 0.003 -17"><span class='ocrx_word' id='word_1_161' title='bbox 185 1706 300 1751; x_wconf 74' lang='lat' dir='ltr'><strong>AcG.</strong></span> <span class='ocrx_word' id='word_1_162' title='bbox 327 1704 495 1750; x_wconf 88' lang='lat' dir='ltr'><strong>Videris</strong></span> <span class='ocrx_word' id='word_1_163' title='bbox 514 1704 622 1760; x_wconf 90' lang='lat' dir='ltr'><strong>tibi,</strong></span> <span class='ocrx_word' id='word_1_164' title='bbox 649 1704 719 1750; x_wconf 89' lang='lat' dir='ltr'><strong>vel</strong></span> <span class='ocrx_word' id='word_1_165' title='bbox 736 1706 867 1750; x_wconf 85' lang='lat' dir='ltr'><strong>etiam</strong></span> <span class='ocrx_word' id='word_1_166' title='bbox 893 1705 1170 1750; x_wconf 85' lang='lat' dir='ltr'><strong>consortibus</strong></span> <span class='ocrx_word' id='word_1_167' title='bbox 1196 1707 1279 1752; x_wconf 89' lang='lat' dir='ltr'><strong>tuis</strong></span> <span class='ocrx_word' id='word_1_168' title='bbox 1304 1708 1507 1767; x_wconf 79' lang='lat' dir='ltr'><strong>Pelagia-</strong></span> 
     </span>
     <span class='ocr_line' id='line_1_22' title="bbox 118 1773 1505 1838; baseline 0.003 -18"><span class='ocrx_word' id='word_1_169' title='bbox 118 1774 184 1820; x_wconf 90' lang='lat' dir='ltr'><strong>nis</strong></span> <span class='ocrx_word' id='word_1_170' title='bbox 201 1773 366 1838; x_wconf 83' lang='lat' dir='ltr'><strong>aliquid</strong></span> <span class='ocrx_word' id='word_1_171' title='bbox 384 1774 544 1831; x_wconf 86' lang='lat' dir='ltr'><strong>dicere,</strong></span> <span class='ocrx_word' id='word_1_172' title='bbox 563 1790 664 1820; x_wconf 88' lang='lat' dir='ltr'><strong>cum</strong></span> <span class='ocrx_word' id='word_1_173' title='bbox 684 1773 833 1820; x_wconf 84' lang='lat' dir='ltr'><strong>relicta</strong></span> <span class='ocrx_word' id='word_1_174' title='bbox 855 1774 1114 1820; x_wconf 82' lang='lat' dir='ltr'><strong>auctoritate</strong></span> <span class='ocrx_word' id='word_1_175' title='bbox 1129 1775 1292 1832; x_wconf 74' lang='lat' dir='ltr'><strong>divina,</strong></span> <span class='ocrx_word' id='word_1_176' title='bbox 1314 1777 1505 1824; x_wconf 77' lang='lat' dir='ltr'><strong>humana</strong></span> 
     </span>
     <span class='ocr_line' id='line_1_23' title="bbox 119 1846 1505 1906; baseline 0.003 -14"><span class='ocrx_word' id='word_1_177' title='bbox 119 1846 310 1893; x_wconf 83' lang='lat' dir='ltr'><strong>vanitate</strong></span> <span class='ocrx_word' id='word_1_178' title='bbox 326 1847 523 1906; x_wconf 83' lang='lat' dir='ltr'><strong>jactaris,</strong></span> <span class='ocrx_word' id='word_1_179' title='bbox 549 1856 591 1891; x_wconf 90' lang='lat' dir='ltr'><strong>et</strong></span> <span class='ocrx_word' id='word_1_180' title='bbox 614 1846 1062 1905; x_wconf 79' lang='lat' dir='ltr'><strong>argumentationibus</strong></span> <span class='ocrx_word' id='word_1_181' title='bbox 1078 1846 1221 1892; x_wconf 83' lang='lat' dir='ltr'><strong>cordis</strong></span> <span class='ocrx_word' id='word_1_182' title='bbox 1250 1848 1314 1893; x_wconf 87' lang='lat' dir='ltr'><strong>tui</strong></span> <span class='ocrx_word' id='word_1_183' title='bbox 1339 1862 1505 1896; x_wconf 76' lang='lat' dir='ltr'><strong>sancta-</strong></span> 
     </span>
     <span class='ocr_line' id='line_1_24' title="bbox 121 1915 1502 1981; baseline 0.003 -19"><span class='ocrx_word' id='word_1_184' title='bbox 121 1933 219 1962; x_wconf 86' lang='lat' dir='ltr'><strong>rum</strong></span> <span class='ocrx_word' id='word_1_185' title='bbox 242 1918 567 1979; x_wconf 82' lang='lat' dir='ltr'><strong>Scripturarum</strong></span> <span class='ocrx_word' id='word_1_186' title='bbox 593 1917 760 1961; x_wconf 83' lang='lat' dir='ltr'><strong>veritati</strong></span> <span class='ocrx_word' id='word_1_187' title='bbox 798 1915 1037 1961; x_wconf 76' lang='lat' dir='ltr'><strong>adversaris</strong></span> <span class='ocrx_word' id='word_1_188' title='bbox 1067 1927 1109 1962; x_wconf 89' lang='lat' dir='ltr'><strong>et</strong></span> <span class='ocrx_word' id='word_1_189' title='bbox 1132 1917 1363 1981; x_wconf 81' lang='lat' dir='ltr'><strong>obstrepis.</strong></span> <span class='ocrx_word' id='word_1_190' title='bbox 1393 1920 1502 1966; x_wconf 82' lang='lat' dir='ltr'><strong>Nam</strong></span> 
     </span>
     <span class='ocr_line' id='line_1_25' title="bbox 123 1985 1506 2050; baseline 0.003 -18"><span class='ocrx_word' id='word_1_191' title='bbox 123 1987 272 2050; x_wconf 85' lang='lat' dir='ltr'><strong>utique</strong></span> <span class='ocrx_word' id='word_1_192' title='bbox 307 1987 340 2031; x_wconf 89' lang='lat' dir='ltr'><strong>si</strong></span> <span class='ocrx_word' id='word_1_193' title='bbox 375 1985 626 2031; x_wconf 80' lang='lat' dir='ltr'><strong>Christiano</strong></span> <span class='ocrx_word' id='word_1_194' title='bbox 658 1996 785 2049; x_wconf 78' lang='lat' dir='ltr'><strong>atque</strong></span> <span class='ocrx_word' id='word_1_195' title='bbox 820 1985 1042 2031; x_wconf 77' lang='lat' dir='ltr'><strong>catholico</strong></span> <span class='ocrx_word' id='word_1_196' title='bbox 1078 1987 1223 2032; x_wconf 86' lang='lat' dir='ltr'><strong>animo</strong></span> <span class='ocrx_word' id='word_1_197' title='bbox 1265 1989 1506 2037; x_wconf 78' lang='lat' dir='ltr'><strong>attenderes</strong></span> 
     </span>
     <span class='ocr_line' id='line_1_26' title="bbox 121 2055 1505 2126; baseline 0.004 -24"><span class='ocrx_word' id='word_1_198' title='bbox 121 2055 239 2121; x_wconf 89' lang='lat' dir='ltr'><strong>quod</strong></span> <span class='ocrx_word' id='word_1_199' title='bbox 259 2056 319 2102; x_wconf 81' lang='lat' dir='ltr'><strong>ait</strong></span> <span class='ocrx_word' id='word_1_200' title='bbox 344 2056 594 2119; x_wconf 70' lang='lat' dir='ltr'><strong>Apostolus,</strong></span> <span class='ocrx_word' id='word_1_201' title='bbox 613 2078 633 2097; x_wconf 83' lang='lat'>«</span> <span class='ocrx_word' id='word_1_202' title='bbox 654 2057 828 2119; x_wconf 83' lang='lat' dir='ltr'><strong>Corpus</strong></span> <span class='ocrx_word' id='word_1_203' title='bbox 851 2055 1027 2119; x_wconf 85' lang='lat' dir='ltr'><strong>quidem</strong></span> <span class='ocrx_word' id='word_1_204' title='bbox 1052 2067 1272 2103; x_wconf 89' lang='lat' dir='ltr'><strong>mortuum</strong></span> <span class='ocrx_word' id='word_1_205' title='bbox 1291 2070 1350 2105; x_wconf 85' lang='lat' dir='ltr'><strong>est</strong></span> <span class='ocrx_word' id='word_1_206' title='bbox 1370 2078 1505 2126; x_wconf 83' lang='lat' dir='ltr'><strong>prop-</strong></span> 
     </span>
     <span class='ocr_line' id='line_1_27' title="bbox 122 2125 1502 2190; baseline 0.006 -19"><span class='ocrx_word' id='word_1_207' title='bbox 122 2138 232 2173; x_wconf 83' lang='lat' dir='ltr'><strong>»ter</strong></span> <span class='ocrx_word' id='word_1_208' title='bbox 271 2126 553 2190; x_wconf 79' lang='lat' dir='ltr'><strong>peceatum2.</strong></span> <span class='ocrx_word' id='word_1_209' title='bbox 587 2149 606 2167; x_wconf 67' lang='grc' dir='ltr'><strong><em>υ</em></strong></span> <span class='ocrx_word' id='word_1_210' title='bbox 648 2126 840 2189; x_wconf 62' lang='lat' dir='ltr'><strong>profecto</strong></span> <span class='ocrx_word' id='word_1_211' title='bbox 875 2125 1132 2186; x_wconf 74' lang='lat' dir='ltr'><strong>intelligeres</strong></span> <span class='ocrx_word' id='word_1_212' title='bbox 1167 2138 1253 2173; x_wconf 81' lang='lat' dir='ltr'><strong>tam</strong></span> <span class='ocrx_word' id='word_1_213' title='bbox 1281 2131 1502 2188; x_wconf 84' lang='lat' dir='ltr'><strong>granditer</strong></span> 
     </span>
     <span class='ocr_line' id='line_1_28' title="bbox 120 2197 1502 2263; baseline 0.004 -19"><span class='ocrx_word' id='word_1_214' title='bbox 120 2215 320 2263; x_wconf 82' lang='lat' dir='ltr'><strong>peccasse</strong></span> <span class='ocrx_word' id='word_1_215' title='bbox 360 2197 551 2261; x_wconf 86' lang='lat' dir='ltr'><strong>primum</strong></span> <span class='ocrx_word' id='word_1_216' title='bbox 579 2197 821 2253; x_wconf 83' lang='lat' dir='ltr'><strong>hominem,</strong></span> <span class='ocrx_word' id='word_1_217' title='bbox 848 2207 896 2243; x_wconf 88' lang='lat' dir='ltr'><strong>ut</strong></span> <span class='ocrx_word' id='word_1_218' title='bbox 940 2214 989 2243; x_wconf 86' lang='lat' dir='ltr'><strong>eo</strong></span> <span class='ocrx_word' id='word_1_219' title='bbox 1021 2209 1217 2260; x_wconf 81' lang='lat' dir='ltr'><strong>peccato,</strong></span> <span class='ocrx_word' id='word_1_220' title='bbox 1246 2217 1330 2245; x_wconf 89' lang='lat' dir='ltr'><strong>non</strong></span> <span class='ocrx_word' id='word_1_221' title='bbox 1376 2205 1502 2250; x_wconf 83' lang='lat' dir='ltr'><strong>unius</strong></span> 
     </span>
     <span class='ocr_line' id='line_1_29' title="bbox 121 2267 1498 2336; baseline 0.004 -22"><span class='ocrx_word' id='word_1_222' title='bbox 121 2268 332 2326; x_wconf 81' lang='lat' dir='ltr'><strong>hominis,</strong></span> <span class='ocrx_word' id='word_1_223' title='bbox 347 2267 421 2314; x_wconf 87' lang='lat' dir='ltr'><strong>sed</strong></span> <span class='ocrx_word' id='word_1_224' title='bbox 440 2268 569 2313; x_wconf 86' lang='lat' dir='ltr'><strong>totius</strong></span> <span class='ocrx_word' id='word_1_225' title='bbox 588 2268 752 2327; x_wconf 83' lang='lat' dir='ltr'><strong>generis</strong></span> <span class='ocrx_word' id='word_1_226' title='bbox 775 2267 958 2312; x_wconf 80' lang='lat' dir='ltr'><strong>humani</strong></span> <span class='ocrx_word' id='word_1_227' title='bbox 973 2278 1137 2313; x_wconf 83' lang='lat' dir='ltr'><strong>mutata</strong></span> <span class='ocrx_word' id='word_1_228' title='bbox 1158 2280 1312 2316; x_wconf 84' lang='lat' dir='ltr'><strong>natura</strong></span> <span class='ocrx_word' id='word_1_229' title='bbox 1339 2287 1384 2317; x_wconf 82' lang='lat' dir='ltr'><strong>ex</strong></span> <span class='ocrx_word' id='word_1_230' title='bbox 1401 2290 1498 2336; x_wconf 80' lang='lat' dir='ltr'><strong>pos-</strong></span> 
     </span>
     <span class='ocr_line' id='line_1_30' title="bbox 122 2338 1497 2404; baseline 0.004 -19"><span class='ocrx_word' id='word_1_231' title='bbox 122 2338 325 2386; x_wconf 85' lang='lat' dir='ltr'><strong>sibilitate</strong></span> <span class='ocrx_word' id='word_1_232' title='bbox 350 2338 694 2384; x_wconf 75' lang='lat' dir='ltr'><strong>immortalitatis</strong></span> <span class='ocrx_word' id='word_1_233' title='bbox 712 2339 758 2384; x_wconf 87' lang='lat' dir='ltr'><strong>in</strong></span> <span class='ocrx_word' id='word_1_234' title='bbox 783 2339 1075 2384; x_wconf 81' lang='lat' dir='ltr'><strong>necessitatem</strong></span> <span class='ocrx_word' id='word_1_235' title='bbox 1097 2340 1245 2386; x_wconf 85' lang='lat' dir='ltr'><strong>mortis</strong></span> <span class='ocrx_word' id='word_1_236' title='bbox 1268 2340 1386 2404; x_wconf 77' lang='lat' dir='ltr'><strong>lapsa</strong></span> <span class='ocrx_word' id='word_1_237' title='bbox 1403 2361 1497 2391; x_wconf 88' lang='lat' dir='ltr'><strong>cor-</strong></span> 
     </span>
     <span class='ocr_line' id='line_1_31' title="bbox 122 2409 1495 2474; baseline 0.005 -19"><span class='ocrx_word' id='word_1_238' title='bbox 122 2409 282 2455; x_wconf 83' lang='lat' dir='ltr'><strong>ruerit:</strong></span> <span class='ocrx_word' id='word_1_239' title='bbox 300 2409 357 2454; x_wconf 87' lang='lat' dir='ltr'><strong>ita</strong></span> <span class='ocrx_word' id='word_1_240' title='bbox 373 2420 421 2454; x_wconf 90' lang='lat' dir='ltr'><strong>ut</strong></span> <span class='ocrx_word' id='word_1_241' title='bbox 436 2409 563 2454; x_wconf 80' lang='lat' dir='ltr'><strong>etiam</strong></span> <span class='ocrx_word' id='word_1_242' title='bbox 580 2409 657 2471; x_wconf 86' lang='lat' dir='ltr'><strong>qui</strong></span> <span class='ocrx_word' id='word_1_243' title='bbox 676 2420 992 2454; x_wconf 86' lang='lat' dir='ltr'><strong>convertuntur</strong></span> <span class='ocrx_word' id='word_1_244' title='bbox 1014 2409 1066 2455; x_wconf 79' lang='lat' dir='ltr'><strong>ad</strong></span> <span class='ocrx_word' id='word_1_245' title='bbox 1089 2410 1246 2466; x_wconf 89' lang='lat' dir='ltr'><strong>Deum,</strong></span> <span class='ocrx_word' id='word_1_246' title='bbox 1268 2429 1346 2474; x_wconf 84' lang='lat' dir='ltr'><strong>per</strong></span> <span class='ocrx_word' id='word_1_247' title='bbox 1362 2429 1495 2462; x_wconf 88' lang='lat' dir='ltr'><strong>unum</strong></span> 
     </span>
     <span class='ocr_line' id='line_1_32' title="bbox 124 2478 1499 2532; baseline 0.004 -7"><span class='ocrx_word' id='word_1_248' title='bbox 124 2479 203 2525; x_wconf 85' lang='lat' dir='ltr'><strong>Dei</strong></span> <span class='ocrx_word' id='word_1_249' title='bbox 222 2490 263 2525; x_wconf 85' lang='lat' dir='ltr'><strong>et</strong></span> <span class='ocrx_word' id='word_1_250' title='bbox 288 2479 519 2524; x_wconf 86' lang='lat' dir='ltr'><strong>hominum</strong></span> <span class='ocrx_word' id='word_1_251' title='bbox 548 2478 826 2525; x_wconf 87' lang='lat' dir='ltr'><strong>mediatorem</strong></span> <span class='ocrx_word' id='word_1_252' title='bbox 854 2480 1076 2524; x_wconf 86' lang='lat' dir='ltr'><strong>hominem</strong></span> <span class='ocrx_word' id='word_1_253' title='bbox 1104 2480 1327 2527; x_wconf 86' lang='lat' dir='ltr'><strong>Christum</strong></span> <span class='ocrx_word' id='word_1_254' title='bbox 1354 2487 1499 2532; x_wconf 80' lang='lat' dir='ltr'><strong>Jesum</strong></span> 
     </span>
     <span class='ocr_line' id='line_1_33' title="bbox 122 2549 1504 2615; baseline 0.006 -19"><span class='ocrx_word' id='word_1_255' title='bbox 122 2567 207 2596; x_wconf 88' lang='lat' dir='ltr'><strong>non</strong></span> <span class='ocrx_word' id='word_1_256' title='bbox 232 2551 442 2596; x_wconf 87' lang='lat' dir='ltr'><strong>continuo</strong></span> <span class='ocrx_word' id='word_1_257' title='bbox 485 2549 851 2596; x_wconf 84' lang='lat' dir='ltr'><strong>immortalitatem</strong></span> <span class='ocrx_word' id='word_1_258' title='bbox 894 2551 1091 2615; x_wconf 86' lang='lat' dir='ltr'><strong>corporis</strong></span> <span class='ocrx_word' id='word_1_259' title='bbox 1120 2562 1319 2608; x_wconf 78' lang='lat' dir='ltr'><strong>sumant3</strong></span> <span class='ocrx_word' id='word_1_260' title='bbox 1346 2555 1419 2602; x_wconf 83' lang='lat' dir='ltr'><strong>sed</strong></span> <span class='ocrx_word' id='word_1_261' title='bbox 1445 2557 1504 2603; x_wconf 83' lang='lat' dir='ltr'><strong>eis</strong></span> 
     </span>
    </p>
   </div>
   <div class='ocr_carea' id='block_1_3' title="bbox 174 2630 1154 2674">
    <p class='ocr_par' dir='ltr' id='par_1_4' title="bbox 174 2630 1154 2674">
     <span class='ocr_line' id='line_1_34' title="bbox 174 2630 1154 2674; baseline 0 -11"><span class='ocrx_word' id='word_1_262' title='bbox 174 2630 181 2651; x_wconf 85' lang='lat'>¹</span> <span class='ocrx_word' id='word_1_263' title='bbox 201 2632 254 2663; x_wconf 78' lang='lat' dir='ltr'><strong>Lil·</strong></span> <span class='ocrx_word' id='word_1_264' title='bbox 288 2646 316 2663; x_wconf 62' lang='grc' dir='ltr'><strong>ν..</strong></span> <span class='ocrx_word' id='word_1_265' title='bbox 339 2633 376 2664; x_wconf 67' lang='lat' dir='ltr'><strong>dn:</strong></span> <span class='ocrx_word' id='word_1_266' title='bbox 394 2635 492 2674; x_wconf 37' lang='lat' dir='ltr'><strong>Nux-&gt;t</strong></span> <span class='ocrx_word' id='word_1_267' title='bbox 517 2638 548 2664; x_wconf 78' lang='lat' dir='ltr'><strong>et</strong></span> <span class='ocrx_word' id='word_1_268' title='bbox 566 2633 665 2663; x_wconf 72' lang='lat' dir='ltr'><strong>Cone.</strong></span> <span class='ocrx_word' id='word_1_269' title='bbox 695 2644 721 2663; x_wconf 74' lang='lat' dir='ltr'><strong>e.</strong></span> <span class='ocrx_word' id='word_1_270' title='bbox 752 2636 846 2668; x_wconf 61' lang='lat'><strong>14.—</strong></span> <span class='ocrx_word' id='word_1_271' title='bbox 866 2630 880 2653; x_wconf 71' lang='lat'><strong>²</strong></span> <span class='ocrx_word' id='word_1_272' title='bbox 898 2635 992 2664; x_wconf 81' lang='lat' dir='ltr'><strong>Rom.</strong></span> <span class='ocrx_word' id='word_1_273' title='bbox 1011 2644 1081 2671; x_wconf 69' lang='lat' dir='ltr'><strong>rut,</strong></span> <span class='ocrx_word' id='word_1_274' title='bbox 1104 2644 1154 2666; x_wconf 81' lang='grc' dir='ltr'><strong>ιο.</strong></span> 
     </span>
    </p>
   </div>
   <div class='ocr_carea' id='block_1_4' title="bbox 256 2694 1377 2737">
    <p class='ocr_par' dir='ltr' id='par_1_5' title="bbox 256 2694 1377 2737">
     <span class='ocr_line' id='line_1_35' title="bbox 256 2694 1377 2737; baseline 0.004 -5"><span class='ocrx_word' id='word_1_275' title='bbox 256 2703 395 2733; x_wconf 73' lang='lat' dir='ltr'><strong>cmv.</strong></span> <span class='ocrx_word' id='word_1_276' title='bbox 1321 2694 1377 2737; x_wconf 75' lang='lat'><strong>28</strong></span> 
     </span>
    </p>
   </div>
  </div>
 </body>
</html>
