1863 3262
137 317 296 347 OPERIS
332 312 596 346 IMPERFECTI
632 311 809 343 CONTRA
842 311 1086 354 JULIANUM,
1124 314 1212 346 LIB.
1255 314 1325 344 111.
1401 314 1454 361 91

155 380 398 428 CXXXVI.
428 381 527 426 JL‘L.
578 399 597 419 «
620 376 824 423 Interihit
862 376 1217 425 Manichaeorum
1256 380 1463 426 memoria

88 468 190 499 cum
225 451 443 515 strepitu:
472 449 576 513 quia
618 448 830 494 Dominus
861 449 906 495 in
940 458 1150 495 aeternum
1184 448 1459 513 permanet13

88 521 164 588 qui
186 519 355 587 paravit
373 521 418 567 in
434 519 604 582 judicio
625 518 768 566 sedem
793 537 938 577 suam,
964 529 1007 565 et
1029 520 1120 584 ipse
1152 520 1372 581 judicabit
1388 538 1464 567 or-

87 595 189 641 bem
221 601 430 639 terrarum
460 592 506 639 in
533 590 749 655 aequitate.
793 590 974 637 Nullum
1003 600 1066 636 est
1089 590 1134 636 in
1159 592 1250 637 Deo
1277 591 1456 638 crimen.

87 668 187 714 Non
204 664 337 726 igitur
369 674 485 710 creat
519 661 684 709 malos:
712 663 921 726 quoniam
943 661 977 708 si
995 661 1098 708 mali
1122 672 1260 708 essent
1283 672 1460 719 natura,

88 738 204 784 Deus
221 752 292 782 eos
302 750 446 781 creare
464 751 553 780 non
569 742 727 798 posset.
754 735 816 780 Ac
834 750 912 797 per
933 732 1038 789 hoc,
1063 741 1112 778 ut
1132 730 1464 778 Catholicorum

87 817 151 855 est
171 806 369 853 confiteri
391 805 533 852 Deum
552 803 821 850 conditorem
846 803 1064 850 honorum
1079 841 1090 860 ,
1109 803 1170 848 ita
1189 806 1236 848 M
1243 801 1465 848 anichaeo-

87 894 186 925 rum
205 877 384 942 proprie
410 877 549 923 Deum
572 874 745 921 credere
769 874 1041 920 conditorem
1060 872 1290 919 malorum.
1315 894 1336 914 »

153 948 270 995 Aue.
312 946 358 993 Si
380 944 609 994 adversum
631 945 780 991 divina
800 943 970 1009 eloquia
986 982 997 1001 ‚
1017 942 1095 989 ubi
1114 941 1277 989 dicitur
1299 960 1309 987 :
1334 942 1358 987 J
1364 940 1468 987 udi-

88 1019 209 1066 cabit
244 1016 397 1064 orbern
436 1028 653 1064 terrarum
689 1016 734 1062 in
761 1016 992 1080 aequitate,
1030 1032 1117 1061 non
1153 1012 1273 1060 surdi
1297 1013 1467 1070 essetis,

88 1089 342 1155 aequitatem
362 1089 443 1136 Dei
466 1089 596 1135 etiam
616 1087 661 1134 in
686 1088 832 1151 poenis
861 1086 1094 1133 infantium
1113 1083 1348 1131 disceretis.
1381 1083 1472 1129 Na-

88 1172 187 1208 tura
210 1160 328 1207 enim
361 1160 470 1206 boni
492 1169 593 1205 sunt
611 1196 622 1212 ,
658 1156 778 1222 quod
813 1158 909 1203 illos
938 1167 1054 1204 creat
1083 1157 1201 1202 Deus
1226 1173 1236 1200 ε
1269 1155 1341 1201 sed
1364 1154 1470 1200 vitio

88 1231 194 1277 mali
217 1241 318 1277 sunt
334 1269 345 1288 ‚
372 1240 554 1295 propter
573 1228 691 1293 quod
717 1227 813 1274 illos
838 1237 959 1273 sanat
982 1229 1113 1273 Deus.
1142 1228 1195 1271 In
1219 1241 1304 1289 qua
1320 1224 1471 1270 catho-

89 1303 174 1350 lica
205 1303 411 1348 sententia
438 1319 528 1347 non
555 1300 695 1346 solum
725 1298 1074 1345 Manichaeorum
1102 1295 1310 1342 memoria
1328 1294 1471 1359 perit,

89 1373 372 1421 verumetiam
415 1370 754 1432 Pelagianorum
784 1407 795 1426 ‚
833 1385 932 1415 cum
973 1367 1156 1432 strepitu
1197 1365 1475 1430 loquacitatis

89 1442 283 1491 illorum.

158 1512 426 1561 CXXXVII.
458 1509 560 1560 JUL.
589 1533 609 1554 «
632 1510 717 1558 Sed
740 1510 962 1558 videamus
985 1518 1026 1555 et
1052 1508 1232 1572 reliqua.
1256 1530 1276 1549 »

158 1583 274 1632 Aac.
317 1583 431 1631 Ecce
458 1582 512 1630 ad
532 1583 614 1629 alia
630 1581 736 1629 libri
759 1582 845 1628 mei
863 1581 996 1627 verba
1011 1584 1102 1640 jam
1119 1578 1296 1634 transis,
1323 1587 1364 1623 et
1391 1574 1473 1622 ad-

93 1671 240 1705 versus
259 1653 369 1702 illud
387 1654 508 1719 quod
526 1653 607 1700 tibi
620 1653 741 1719 quasi
755 1651 1040 1708 refellendum
1058 1667 1104 1697 ex
1119 1647 1474 1715 praecedentibus

92 1742 410 1791 proposueras,
447 1725 563 1771 nihil
595 1724 719 1772 dicis,
766 1725 858 1785 Ego
885 1722 1002 1769 enim
1039 1733 1087 1768 ut
1118 1737 1194 1768 vos
1219 1717 1476 1766 auctoritate

95 1796 348 1861 A'postolica
383 1811 580 1856 urgerem
596 1834 606 1853 ‚
637 1792 726 1842 dixi
751 1810 827 1842 vos
859 1794 1001 1840 dicere
1017 1808 1105 1839 non
1121 1791 1213 1838 erui
1229 1788 1435 1854 parvulos
1452 1805 1476 1833 a

94 1875 307 1932 potestate
324 1867 600 1913 tenebrarum
616 1904 627 1924 ,
655 1876 697 1912 et
722 1866 783 1912 sic
803 1863 1023 1911 transferri
1046 1863 1093 1909 in
1117 1875 1301 1923 regnum
1326 1858 1438 1905 Dei2
1461 1876 1472 1904 ε

96 1948 249 1988 contra
266 1937 387 2002 quod
403 1936 517 1983 nihil
536 1938 686 1984 dicens
703 1975 714 1993 ,
733 1935 977 2000 apparuisti
993 1934 1172 1999 quidem
1188 1970 1199 1989 ‚
1219 1932 1332 1978 sicut
1344 1947 1477 1994 supra

96 2008 303 2073 praedixi,
325 2007 470 2055 nudus
502 2006 764 2061 haereticus3
788 2005 862 2052 sed
884 2006 929 2052 in
953 2017 994 2051 te
1018 2001 1276 2069 expoliando
1295 2018 1384 2047 non
1410 1999 1478 2046 la-

95 2079 251 2126 boravi
267 2116 282 2145 1,
327 2079 431 2143 quia
470 2090 625 2124 'contra
660 2077 960 2142 Apostolicam
995 2076 1127 2122 fidem
1167 2072 1480 2137 antiquissimae

96 2149 248 2196 matris
263 2149 495 2206 Ecclesiae‚
516 2147 640 2195 nullo
669 2147 905 2196 verborum
926 2156 1105 2193 tuorum
1127 2142 1362 2209 vaniloquo
1386 2152 1482 2202 teg-

97 2221 214 2268 mine
236 2231 278 2266 te
304 2232 432 2268 ausus
455 2235 498 2267 es
512 2219 697 2285 operire.

164 2285 454 2338 CXXXVIII.
477 2292 579 2338 JUL.
604 2312 626 2332 <c
640 2289 756 2336 Audi
776 2306 876 2350 ergo
898 2287 1090 2334 breviter
1108 2284 1217 2351 quid
1235 2284 1315 2331 ista
1337 2298 1485 2348 quaes-

99 2359 215 2407 tione
238 2358 471 2407 versetur³.
509 2358 732 2407 Catholici
765 2359 922 2406 dicunt
951 2358 1194 2404 humanam
1224 2372 1248 2401 a
1283 2358 1488 2401 Creatore

100 2431 192 2477 Deo
219 2431 338 2477 bono
360 2430 584 2478 conditam
607 2431 800 2488 honam,
824 2428 899 2476 sed
935 2437 1118 2493 peccato
1141 2425 1361 2479 vitiatam,
1389 2439 1486 2468 me-

100 2502 200 2550 dico
226 2501 403 2552 Christo
430 2502 624 2564 indigere
664 2513 885 2549 naturam.
924 2496 1165 2546 Manichaei
1194 2496 1375 2552 dicunt,
1403 2492 1489 2540 hu-

151 2602 163 2626 ¹
179 2603 260 2636 Psal.
276 2614 322 2646 xx,
344 2616 377 2644 7.
395 2622 442 2629 —
458 2603 474 2628 2
487 2604 606 2639 Coloss.
625 2614 657 2646 ι,
682 2605 737 2639 13.
761 2622 807 2630 --
825 2600 840 2625 3
857 2601 971 2634 Verba
987 2603 1123 2642 August.
1142 2609 1181 2631 ex
1200 2596 1255 2629 lib.
1277 2607 1308 2628 2.
1326 2594 1367 2627 de
1383 2596 1489 2638 Nupt-

101 2666 133 2693 εἰ
149 2662 296 2705 Concup.
312 2671 380 2705 cap.
397 2662 430 2697 3.
