1824 3236
142 280 298 310 OPERIS
334 277 597 310 IMPERFECTI
633 277 810 310 CONTRA
843 279 1088 319 JtLtANt'M,
1129 280 1216 310 Ltn.
1259 282 1320 312 VI.
1369 267 1455 324 541

93 362 193 391 nam
219 344 352 408 primi
369 344 559 390 hominis
589 345 834 408 experitur3
858 345 966 409 quin
985 345 1072 391 imo
1098 345 1278 392 fidentes
1305 348 1461 411 copiis,

92 414 323 475 indignum
351 432 392 462 se
417 424 577 479 putant
601 425 870 460 momentum
895 415 1068 478 aliquod
1095 416 1206 461 votis
1235 416 1466 465 fertilitatis

93 484 345 550 impendere
362 522 374 542 ,
401 495 517 532 extra
548 484 828 531 formidinem
851 485 979 531 etiam
1003 485 1126 532 samis
1149 488 1466 550 possessionum

95 554 347 603 dilatatione
379 557 596 613 sistentes,
622 554 834 602 mandant
861 555 1088 619 aliquoties
1111 593 1121 610 ‚
1152 567 1200 602 ut
1224 558 1283 603 ait
1301 558 1462 616 Poeta,

95 625 291 687 DeJunge
311 626 443 677 boves
461 663 472 684 ,
495 626 600 672 dum
621 626 773 678 tubera
797 626 942 672 mittas
958 625 991 672 1.
1022 627 1068 673 Si
1098 644 1197 687 ergo
1218 639 1259 673 et
1293 630 1468 692 parien-

95 695 205 746 tium
223 695 348 742 dolor
365 707 530 760 spectat
551 696 606 744 ad
626 697 823 744 instituta
842 707 1027 753 naturae,
1051 697 1168 760 quod
1182 709 1223 744 et
1236 698 1469 748 brutorum

95 765 290 830 exemplo
341 766 624 824 animalium,
662 778 704 814 et
737 767 962 814 sententiae
1007 766 1169 816 divinae
1205 770 1471 833 proprietate

95 836 360 903 perdoctum·
380 848 472 894 est;
500 838 533 884 si
564 837 820 902 interceptio
842 837 1068 885 fructuum
1085 874 1096 894 ,
1126 848 1168 883 et
1188 851 1354 885 exortus
1376 841 1472 904 spi-

96 924 254 955 narum
272 909 384 954 inter
408 919 562 956 caetera
591 908 768 972 quidem
797 919 968 955 creatus
991 919 1050 954 est
1071 945 1082 965 ,
1108 911 1302 972 personis
1329 922 1472 958 tamen

96 978 361 1044 quibusdam
383 978 523 1027 factus
547 991 610 1026 est
632 979 805 1026 densior
831 990 872 1026 et
899 979 1145 1034 molestior3
1176 980 1208 1026 si
1234 993 1468 1044 postremo,

98 1058 148 1098 ut
165 1047 397 1096 difficultas
415 1050 508 1115 ipsa
533 1050 763 1114 parientis,
790 1052 850 1096 ita
887 1050 1016 1096 etiam
1042 1050 1264 1110 glebarum
1284 1053 1473 1116 spinosi--

100 1128 162 1165 tas
183 1136 266 1182 pro
293 1121 553 1184 corporibus
585 1120 922 1184 regionibusque
952 1120 1176 1176 variatum
1199 1133 1416 1185 postremo
1441 1121 1475 1168 si

99 1189 311 1254 perdurat
342 1191 413 1237 ille
451 1209 585 1253 angor
604 1203 705 1256 post
724 1193 904 1252 gratiam
937 1191 982 1237 in
1010 1192 1249 1239 visceribus
1265 1193 1474 1240 foemina-

99 1277 197 1307 rum
217 1298 229 1317 ,
250 1261 372 1309 hunc
399 1279 500 1310 vero
530 1263 838 1341 opulentorum
868 1261 1055 1308 luxuries
1080 1263 1252 1326 penitus
1276 1264 1472 1324 ignorat3

101 1331 135 1378 si
157 1332 362 1380 resolutio
385 1333 581 1398 emporis
601 1344 784 1397 propter
804 1332 912 1396 quid
936 1343 1136 1378 secutura
1159 1344 1265 1380 esset
1284 1351 1455 1398 ‚expres
1458 1360 1477 1369 -

101 1419 198 1449 sum
232 1413 321 1461 est,
351 1414 394 1450 et
428 1404 596 1450 artibus
631 1404 765 1464 magis
799 1420 931 1466 quam
968 1404 1187 1449 erroribus
1213 1404 1472 1468 applicata:

104 1485 286 1539 apparet
309 1475 384 1521 liic
411 1492 584 1539 quoque
610 1475 929 1521 catholicorum
955 1474 1123 1520 velitati
1150 1475 1294 1521 omnia
1328 1493 1478 1522 conso-

103 1562 234 1602 nare,
272 1562 351 1592 nec
384 1545 626 1611 quidquam
655 1545 779 1592 vobis
816 1544 883 1592 xel
919 1544 1120 1591 foeminas
1149 1544 1382 1608 prodesse,
1410 1546 1479 1594 xel

103 1633 265 1680 spinas,
288 1637 309 1659 »

171 1688 290 1736 Auo.
317 1693 429 1736 Cum
451 1688 505 1734 de
528 1703 848 1752 poenasquam
882 1687 996 1732 Deus
1021 1685 1174 1731 inssixit
1200 1686 1353 1749 primis
1372 1704 1480 1750 pec-

106 1759 353 1817 catoribus,
377 1760 621 1824 disputares
642 1795 653 1815 ,
682 1760 744 1805 sie
760 1762 851 1818 jam
878 1757 1046 1803 dudum
1069 1775 1091 1802 a
1111 1757 1289 1803 muliere
1312 1758 1485 1804 transie-

106 1847 192 1888 ras,
221 1841 271 1882 ut
304 1830 466 1878 diceres
484 1868 495 1888 ,
523 1851 542 1872 c‹
564 1829 792 1876 Sufficiant
823 1829 903 1875 ista
929 1829 982 1874 de
1007 1827 1198 1874 muliere.
1223 1850 1242 1870 »
1270 1833 1360 1874 Cur
1382 1846 1483 1889 ergo

106 1919 194 1963 non
216 1902 390 1948 servasti
403 1901 533 1948 fidem
549 1899 847 1964 promissionis
862 1902 976 1945 tuae?
997 1900 1109 1944 Ecce
1124 1908 1221 1961 post
1243 1909 1329 1944 tam
1350 1899 1486 1946 multa

108 1972 224 2019 redis
243 1971 297 2018 ad
314 1989 409 2018 eam
432 2009 443 2029 ,
469 1989 568 2018 ecce
591 1970 849 2035 loquacitati
885 1981 970 2016 tuae
1001 1986 1088 2015 non
1113 1968 1360 2027 sufficiunt,
1386 1986 1487 2034 quae

109 2042 274 2090 dixeras
291 2042 346 2089 de
363 2042 541 2089 muliere
564 2041 794 2088 sufficiant.
820 2040 904 2086 Sed
926 2040 1006 2086 nisi
1031 2039 1125 2085 talis
1140 2039 1347 2086 verbosus
1365 2057 1486 2097 esses,

110 2113 228 2163 unde
247 2124 346 2160 octo
366 2113 519 2167 libros,
537 2130 646 2177 quos
664 2113 738 2158 uni
765 2130 858 2158 meo
884 2111 1046 2166 reddis,
1068 2109 1300 2173 impleres?
1322 2110 1403 2156 Sed
1417 2110 1488 2156 dic

111 2183 233 2249 quod
260 2185 342 2231 tibi
372 2184 552 2249 placet:
591 2201 691 2229 ecee
725 2194 824 2246 post
857 2182 1110 2246 promissam
1151 2181 1450 2227 sufficientiam
1474 2218 1485 2238 ,

113 2255 431 2304 abundantiam
466 2271 641 2319 quoque
676 2265 795 2300 tuam
839 2253 1055 2318 patienter
1100 2250 1359 2298 audivimus.
1401 2252 1491 2297 Cur

114 2328 228 2373 enirn
251 2326 409 2391 perdas
436 2343 502 2371 res
527 2336 613 2370 tam
635 2324 795 2379 bellas,
819 2339 918 2387 quae
950 2333 1097 2386 postea
1124 2321 1203 2366 tibi
1235 2321 1279 2366 in
1305 2332 1489 2368 mentem

113 2400 360 2444 venerunt?
398 2395 610 2453 Quamvis
640 2407 682 2441 et
712 2394 820 2441 illud
845 2394 988 2441 venire
1018 2391 1199 2443 debuit,
1229 2402 1276 2436 ut
1299 2391 1352 2438 de
1378 2392 1492 2437 libro

116 2464 193 2515 tuo
212 2506 224 2528 ,
255 2469 334 2532 qui
368 2466 659 2531 complendus
691 2465 840 2512 adhuc
871 2467 916 2510 in
951 2464 1154 2510 manibus
1178 2473 1294 2520 erat,
1329 2462 1496 2509 tolleres

116 2539 237 2604 quod
261 2539 426 2599 dixeras
447 2575 458 2594 ,
485 2559 504 2579 «
528 2536 755 2584 ,Sufficiant
780 2536 860 2582 ista
883 2535 936 2582 de
954 2534 1128 2581 muliere
1151 2551 1162 2578 ε
1183 2556 1202 2575 »
1227 2551 1279 2580 ne
1296 2544 1381 2580 tuae
1401 2533 1496 2598 pol-

163 2623 174 2644 ¹
199 2623 350 2657 Juvenal.
373 2621 427 2655 lib<
449 2633 474 2652 1.
491 2626 547 2653 sat.
569 2620 602 2652 5.
618 2629 748 2660 v.119.
