1824 3236
257 273 349 319 55¹9,
671 288 703 317 s.
748 287 991 317 Ausus'rmi
1029 288 1232 317 Eriscom

257 354 440 417 quisque
468 363 611 398 autem
643 353 688 398 in
728 370 804 398 suo
840 353 1016 402 ordine:
1055 353 1262 416 primitiae
1301 352 1501 400 Christus
1524 392 1534 408 ,
1562 354 1641 400 de-

255 424 354 470 inde
382 425 427 469 hi
466 424 542 487 qui
572 435 670 469 sunt
698 424 896 479 Christi,
925 424 1001 487 qui
1026 424 1071 468 in
1104 423 1294 469 adventu
1327 427 1418 483 ejus
1446 461 1457 480 ,
1487 424 1642 470 deinde

261 496 373 541 finis.
402 518 421 536 »

326 569 440 611 Aue..
472 565 785 611 Ventilandum
812 576 951 611 totum
972 565 1099 610 istum
1125 565 1166 610 in
1199 565 1447 628 apostolicis
1468 566 1643 612 Litteris

257 637 310 683 de
340 637 538 699 corporis
571 638 885 682 resurrectione
916 637 1062 681 locum
1097 636 1194 681 ideo
1227 647 1263 681 te
1293 636 1526 699 suscepisse
1549 674 1559 692 ‚
1597 648 1645 682 ut

259 708 444 753 haberes
460 708 730 753 occasionem
753 726 839 771 qua
867 719 990 752 tuum
1014 706 1345 771 multiloquium
1365 707 1541 770 copiosa
1567 745 1576 761 ,
1611 708 1643 753 si

259 779 347 824 dici
369 789 530 842 potest,
556 790 739 839 egestate
765 779 1053 833 diii'undereS,
1079 793 1120 822 et
1140 778 1192 823 ad
1218 789 1280 823 tot
1299 777 1435 823 libros
1460 778 1645 841 implen-

258 849 335 895 dos
359 850 438 895 tihi
464 850 675 910 evagandi
704 851 843 913 spatia
866 866 1123 913 procurares
1146 886 1154 900 ,
1179 849 1223 894 in
1250 850 1343 912 ipsa
1370 859 1442 894 tua
1479 849 1645 911 prolixa

259 933 302 967 et
325 939 646 983 supervacanea
669 921 968 984 disputatione
995 920 1193 967 clarebit.

325 992 538 1038 xxxin.
567 996 662 1038 JUL.
691 1014 709 1032 c<
731 992 936 1037 Instruxit
958 992 1163 1037 acerrime
1188 991 1528 1053 disputationem
1550 1009 1645 1036 nia-

261 1062 389 1122 gister
413 1062 607 1123 egregius
627 1100 637 1119 ‚
670 1073 711 1108 et
747 1080 864 1126 spem
900 1062 1025 1107 nohis
1057 1062 1110 1107 de
1135 1062 1353 1108 consortio
1397 1061 1646 1107 Mediatoris

261 1132 461 1192 ingessit,
490 1151 678 1179 asserens
712 1133 838 1179 illum
864 1134 1085 1179 hominem
1107 1170 1117 1187 ,
1142 1143 1356 1196 quantum
1391 1143 1559 1196 spectat
1594 1133 1646 1178 ad

263 1204 551 1249 substantiam
567 1221 653 1268 qua
676 1205 1032 1264 nohisjungitur,
1053 1204 1165 1249 nihil
1185 1215 1411 1267 exceptum
1428 1204 1647 1259 habuisse,

262 1275 603 1338 opinionemque
641 1293 772 1339 quam
812 1276 1047 1321 infidelitas
1081 1276 1294 1321 sciscebat
1317 1313 1328 1331 ‚
1373 1292 1461 1320 non
1504 1275 1647 1320 minus

264 1346 442 1392 Christo
468 1347 760 1410 praejudicare
787 1365 911 1411 posse
938 1365 1072 1411 quam
1095 1347 1235 1394 nohis,
1273 1347 1345 1392 Sic
1368 1364 1469 1406 ergo
1496 1346 1648 1392 miscet

262 1422 483 1477 negotium
508 1419 675 1464 Christi
700 1430 741 1465 et
767 1419 998 1464 hominum
1023 1456 1033 1474 ‚
1064 1429 1112 1464 ut
1130 1436 1297 1464 necesse
1316 1419 1370 1463 sit
1395 1418 1438 1463 in
1464 1428 1648 1480 utraque

260 1499 384 1551 parte
418 1489 567 1545 credi,
592 1489 711 1553 quod
744 1489 789 1535 in
827 1489 959 1534 altera
993 1500 1229 1535 censeatur.
1272 1488 1455 1552 Opinati
1481 1488 1649 1551 quippe

259 1558 432 1606 fuerant
449 1577 528 1623 per
552 1560 667 1606 idem
689 1571 861 1624 tempus
888 1559 1105 1614 homines,
1135 1560 1237 1623 quia
1256 1558 1513 1604 resurrectio
1534 1576 1650 1604 mor-

266 1641 438 1676 tuorum
462 1630 613 1677 futura
641 1649 730 1676 non
754 1642 858 1676 esset
879 1649 889 1675 t
914 1648 1001 1675 non
1027 1641 1172 1676 tamen
1197 1631 1470 1676 resurrexisse
1491 1629 1649 1675 Chris-

262 1713 355 1747 tum
376 1703 607 1762 negabant.
637 1703 804 1765 Arripit
821 1702 908 1747 hoc
926 1703 1127 1761 magister
1146 1702 1359 1761 gentium,
1384 1712 1425 1745 et
1445 1718 1648 1763 pronun-

268 1775 344 1819 tiat
365 1790 533 1818 necesse
547 1791 650 1829 esse,
665 1784 712 1818 ut
734 1774 808 1818 uui
826 1772 1089 1836 praejUdicio
1106 1790 1206 1835 pars
1222 1783 1406 1835 utraque
1418 1771 1470 1817 sit
1484 1771 1647 1834 pervia,

263 1855 304 1890 et
329 1855 404 1890 aut
426 1862 574 1890 omnes
594 1845 791 1891 homines
823 1844 1127 1901 resurrecturi,
1156 1854 1229 1889 aut
1250 1860 1329 1888 nec
1356 1843 1555 1888 Christus
1579 1860 1650 1888 re-

263 1916 489 1961 surrexisse
510 1916 726 1963 credatur.
750 1916 877 1962 Certe
904 1915 1018 1961 hanc
1044 1916 1129 1961 vim
1154 1915 1198 1960 in
1220 1913 1488 1978 disputando
1510 1919 1650 1978 Apos-

265 1987 377 2032 tolus
405 2004 492 2033 non
527 1987 709 2033 haberet
733 2024 742 2040 ,
773 1988 805 2032 si
843 1986 1082 2032 seeundum
1117 1986 1384 2031 manichaeos
1402 2023 1412 2041 ‚
1435 1996 1476 2030 et
1499 2003 1650 2032 eorum

264 2057 504 2120 discipulos
523 2058 842 2113 'traduci-anos,
869 2075 1043 2103 carnem
1071 2056 1237 2102 Christi
1258 2074 1280 2102 a
1300 2067 1470 2102 naturae
1494 2067 1651 2102 nostrae

264 2129 571 2174 communione
596 2129 894 2189 distingueret.
919 2150 939 2170 >³

332 2202 445 2247 Aue.
478 2200 718 2246 Manichaei
744 2217 831 2245 non
860 2210 989 2255 sunt,
1020 2199 1096 2262 qui
1130 2216 1303 2245 carnem
1332 2199 1498 2245 Christi
1524 2216 1546 2243 a
1568 2216 1650 2243 na-

267 2282 377 2317 turae
402 2282 559 2318 nostras
594 2272 902 2318 communione
937 2271 1237 2330 distinguunt,
1277 2270 1349 2316 sed
1384 2270 1459 2334 qui
1485 2269 1651 2315 nullam

267 2360 437 2388 carnem
478 2343 704 2388 Christum
755 2342 961 2387 habuisse
996 2341 1282 2388 contendunt.
1330 2341 1466 2386 Nobis
1506 2342 1652 2404 itaque

260 2413 485 2473 jungendo
520 2414 790 2459 Manichaeos
814 2451 823 2468 ‚
870 2413 1215 2458 anathemandos
1254 2413 1481 2459 Vobiscum
1523 2422 1652 2474 atque

266 2484 565 2541 (nummulos,
603 2485 731 2530 etiam
769 2500 917 2530 eorum
944 2483 1143 2529 sublevas
1168 2501 1342 2529 causam
1363 2521 1373 2535 ,
1406 2482 1554 2528 dicens
1581 2499 1674 2543 eos⁴

266 2574 441 2602 carnem
459 2557 624 2603 Christi
643 2575 664 2602 a
681 2567 849 2602 naturae
863 2566 1021 2602 nostrae
1040 2556 1347 2601 communione
1359 2554 1646 2614 distinguere:

264 2628 387 2691 quasi
412 2644 586 2673 earnem
613 2627 840 2673 Christum
867 2626 1029 2672 habere
1055 2625 1291 2682 fateantur,
1313 2642 1444 2689 quam
1466 2641 1649 2688 quoquo
