1824 3236
158 298 315 330 OPERIS
353 298 615 331 IMPERFECTI
655 298 831 330 CONTRA
869 301 1114 343 JL'LIANUM,
1156 305 1242 335 Lm.
1287 306 1345 336 Vl.
1400 290 1483 336 521

106 364 253 416 ralitcr
283 375 511 429 antequam
532 374 754 428 peccaret,
770 367 937 430 accepit
953 405 963 423 ‚
988 369 1110 414 istam
1130 386 1258 416 vocas
1278 371 1500 434 parcimo-

105 435 222 481 niam
237 436 500 488 naturalem;
529 451 661 498 quam
683 435 817 481 videri
840 454 926 483 non
945 439 1007 484 vis
1030 456 1219 486 eversam
1241 458 1288 487 ex
1310 458 1360 488 eo
1380 442 1499 504 quod

105 504 293 568 amplius
306 505 361 552 de
381 522 516 569 poena
539 504 710 551 mulieri
734 506 825 552 Deo
843 507 1091 555 vindicante
1105 548 1115 567 ‚
1138 528 1238 557 cum
1260 522 1495 575 peccasset,

105 575 295 645 accessit.
321 575 393 621 Sic
408 575 520 621 enim
536 574 745 637 loqueris,
761 576 965 623 utdicas:
985 578 1103 625 «Sed
1126 598 1213 626 non
1227 581 1299 627 illa
1317 582 1498 645 amplia-

104 644 166 690 tio
183 645 452 691 miseriarum
473 645 1137 708 parcimoniammodinaturalis
1159 652 1325 698 evertit.
1346 673 1365 693 »
1387 655 1496 697 Pro-

102 715 204 763 inde
220 726 262 762 te
282 715 481 773 docente,
501 726 549 762 ut
566 715 761 763 foeminae
778 717 822 763 in
843 728 974 781 partu
994 720 1269 769 mediocriter
1291 722 1492 777 doleant,

100 785 374 848 parcimonia
385 786 592 833 naturalis
603 787 723 851 quod
736 804 835 834 vero
846 789 1014 852 pcccati
1030 791 1181 837 merito
1197 792 1394 838 additum
1407 803 1491 838 est:

102 865 165 902 est
181 857 304 912 Evae,
332 855 555 920 ampliatio
577 857 842 904 miseriarum
862 869 937 905 est.
958 859 1047 906 Nec
1059 859 1195 918 vides,
1216 878 1316 907 cum
1329 862 1409 908 ista
1422 860 1494 907 di-

102 925 181 982 cis,
208 925 312 990 quia
343 927 378 972 si
410 926 629 990 ampliatae
664 938 765 973 sunt
790 928 971 975 miseriae
1000 946 1079 993 per
1103 942 1363 994 peccatum3
1401 935 1494 991 jam

103 991 584 1061 fuerantinstitutaeper
595 1008 811 1055 naturam,
828 1009 868 1044 et
886 999 1058 1057 mulier,
1075 1001 1144 1048 cui
1159 1002 1380 1066 ampliatae
1392 1012 1492 1048 sunt

102 1066 287 1113 miseriae
305 1067 458 1114 merito
477 1068 665 1131 peccati,
693 1072 786 1129 jam
823 1070 1076 1117 naturaliter
1106 1071 1259 1118 misera
1279 1083 1370 1119 erat
1392 1082 1491 1119 ante

101 1136 203 1183 licet
223 1154 317 1185 eam
335 1137 453 1184 dicas
466 1139 737 1202 parcimonia
759 1141 947 1187 naturali
963 1142 1239 1190 mediocriter
1258 1144 1453 1190 miseram
1471 1161 1484 1189 τ

101 1218 332 1272 peccatum
342 1246 352 1264 ,
371 1209 440 1255 Tu
455 1210 711 1257 tamenvelis
723 1210 849 1270 noli-³,
861 1212 932 1258 cui
950 1212 1058 1258 dicis
1073 1214 1294 1260 accessisse
1308 1231 1373 1260 am
1379 1214 1489 1277 plia-

102 1280 221 1326 tione
243 1280 530 1338 miseriarum‚
560 1281 755 1345 profecto
775 1292 817 1329 et
840 1294 940 1330 ante
968 1283 1084 1329 hanc
1105 1285 1389 1331 accessionem
1408 1286 1487 1331 mi-

101 1367 236 1397 seram
254 1351 487 1399 confiteris.
513 1353 625 1398 Ecce
639 1353 760 1416 quod
787 1353 841 1399 de
862 1364 901 1400 te
923 1364 1112 1400 meretur
1127 1366 1280 1401 natura
1300 1355 1490 1401 hominis

101 1420 441 1484 aDeoprimitus
457 1421 644 1468 instituti
661 1440 671 1468 :
690 1439 788 1469 ecce
803 1423 923 1488 quod
938 1423 992 1470 de
1013 1436 1050 1470 te
1063 1435 1249 1471 meretur
1261 1425 1484 1489 paradisus

106 1490 214 1537 Dei:
234 1493 408 1552 EJectus
423 1492 592 1556 quippe
611 1503 814 1540 etcontra
834 1511 933 1540 eum
947 1494 1184 1541 collocatus
1205 1495 1303 1541 talia
1314 1507 1487 1542 contra-

99 1562 189 1608 rius
204 1561 451 1617 reddidisti,
467 1563 569 1608 utin
589 1563 686 1609 loco
698 1563 981 1610 beatitudinis
994 1564 1157 1611 diceres
1172 1565 1359 1614 miserias
1377 1565 1485 1612 divi-

99 1632 218 1679 nitus
239 1632 479 1689 institam,
502 1649 591 1679 non
607 1643 756 1679 autern
773 1633 976 1697 coepisse,
993 1633 1068 1679 sed
1081 1634 1262 1681 crevisse
1274 1635 1479 1699 peccatis.

101 1702 221 1761 Quid
245 1713 332 1750 tam
345 1703 635 1760 contrarium,
662 1720 796 1768 quarn
820 1703 990 1750 miseria
1016 1704 1297 1762 beatitudini,
1325 1716 1367 1751 et
1386 1706 1486 1752 bea·

99 1775 243 1823 titudo
266 1775 476 1822 miseriae?
501 1776 590 1822 Aut
627 1775 736 1839 quid
770 1775 986 1836 significat
1003 1812 1015 1832 ‚
1049 1775 1171 1839 quod
1195 1776 1249 1822 de
1283 1775 1484 1839 paradiso

99 1857 306 1911 peccator
331 1845 543 1901 exclusus,
568 1856 719 1891 contra
752 1845 1003 1909 paradisum
1026 1857 1089 1892 est
1109 1846 1378 1903 collocatus;
1403 1847 1484 1894 nisi

99 1918 203 1982 quia
227 1917 273 1964 in
307 1915 478 1963 miseria
508 1915 746 1962 collocatus
774 1927 853 1972 est,
880 1933 981 1980 quae
1003 1916 1263 1962 beatitudini
1286 1917 1376 1963 sine
1399 1934 1483 1964 cu·-

93 1992 300 2052 Jusquam
317 1985 666 2033 contradictione
682 1985 749 2032 vel
772 1985 1049 2032 dubitatione
1066 1997 1128 2033 est
1151 1987 1405 2034 contraria?
1427 1989 1483 2034 Et

98 2057 208 2124 quid
230 2056 415 2118 sicfugit
425 2067 580 2103 natura
595 2067 644 2103 ut
661 2056 902 2110 miseriam3
924 2056 1032 2120 quid
1043 2057 1103 2103 sic
1113 2057 1296 2121 appetit,
1324 2058 1484 2104 utbea-

100 2128 332 2176 titudinem
352 2127 403 2175 1?
425 2128 622 2193 Denique
644 2128 831 2174 liberum
861 2128 1092 2174 arbitrium
1116 2128 1236 2192 quod
1249 2128 1304 2174 de
1325 2129 1411 2175 hac
1439 2145 1483 2175 re

102 2200 336 2257 habemus,
357 2199 417 2246 ita
435 2199 562 2245 nobis
587 2199 842 2245 naturaliter
869 2199 1048 2245 insitum
1074 2210 1151 2257 est,
1176 2210 1224 2245 ut
1251 2199 1372 2246 nulla
1397 2200 1483 2245 mi-

99 2270 206 2317 seria
220 2271 347 2316 nobis
356 2270 495 2334 possit
510 2269 672 2316 auferri
682 2269 801 2333 quod
813 2269 956 2315 miseri
969 2286 1057 2316 esse
1073 2269 1293 2326 nolumus,
1310 2280 1350 2316 et
1361 2270 1483 2316 volu-

103 2356 201 2386 mus
217 2356 304 2387 esse
316 2339 447 2386 beati.
475 2339 620 2403 Usque
646 2339 752 2386 adeo
774 2350 822 2386 ut
841 2344 931 2400 jam
962 2339 1044 2403 ipsi
1064 2340 1143 2403 qui
1164 2339 1274 2386 male
1292 2339 1477 2386 vivendo

100 2421 201 2457 sunt
219 2411 380 2468 miseri,
411 2409 522 2456 male
536 2410 678 2457 vivere
703 2410 881 2475 quidem
896 2409 1047 2467 velint,
1067 2410 1208 2456 nolint
1227 2420 1369 2456 tamen
1393 2427 1479 2456 esse

100 2481 340 2539 miseri‚sed
358 2480 491 2528 beati.
518 2481 616 2528 Hoc
642 2492 703 2527 est
729 2482 917 2528 liberum
937 2481 1168 2527 arbitrium
1183 2481 1338 2527 nostris
1357 2497 1481 2527 men-

87 2550 222 2598 tibus
237 2552 525 2598 immobiliter
555 2553 707 2609 fixum,
739 2570 827 2599 non
853 2569 941 2616 quo
972 2552 1083 2598 bene
1110 2569 1233 2614 agere
1259 2552 1478 2609 volumus,

152 2634 162 2658 ¹
183 2637 290 2679 Lupus
304 2638 427 2671 Ferrar.
446 2635 478 2668 in
492 2634 616 2670 collect.
634 2641 745 2680 quaest.
764 2646 795 2671 a.
814 2635 854 2668 de
873 2632 988 2670 Libero
1006 2635 1114 2671 Arblt.
