1863 3262
194 297 351 329 opums
386 294 648 328 IMPERFECTI
684 295 856 327 CONTRA
893 297 1139 342 summum,
1180 303 1264 336 tm.
1309 306 1367 336 1v.
1421 290 1511 338 205

208 363 298 411 LV.
325 367 419 410 JUL.
441 363 538 408 «Ita
558 371 712 407 natura
733 363 1329 430 praescripsitessequaedam,
1344 388 1443 435 quae
1467 385 1516 420 ut

142 435 275 491 ratio,
300 434 357 480 ita
383 433 487 479 fides
502 449 601 479 cum
622 431 825 492 religione
854 435 1134 496 pronuntiet3
1161 449 1355 486 ettamen
1370 443 1518 506 pudor

140 517 182 552 et
214 506 408 552 decentia
433 503 772 550 conversationis
807 504 942 550 oculis
978 523 1063 551 non
1088 511 1312 570 permittat
1335 515 1505 576 exponi.

144 577 240 624 Hoc
251 576 381 622 modo
404 575 605 635 magister
618 574 744 620 etiam
759 575 951 634 gentium
969 577 1189 625 veritatem
1206 582 1322 627 carni
1342 588 1433 644 ejus
1449 603 1517 631 as-

141 648 308 707 signat,
334 657 377 692 et
400 645 572 709 spiritui
594 645 881 693 sanctitatem.
909 667 929 688 c<
951 647 1157 707 Magnum
1179 688 1188 706 ,
1218 652 1390 716 inquit,
1416 655 1514 718 pie-

142 738 164 761 »
188 717 284 764 tatis
311 726 628 762 sacramentum
647 753 657 772 ‚
695 715 814 779 quod
847 716 1163 765 manifestatum
1190 732 1251 766 est
1282 725 1327 768 in
1351 741 1479 770 carne
1499 763 1509 782 ‚

143 787 466 848 »justificatum
487 798 549 832 est
570 787 615 832 in
636 787 810 850 spirim,
833 788 1038 850 apparuit
1064 791 1238 850 Angelis
1255 830 1265 848 ‚
1293 795 1515 856 praedica-

142 868 274 903 »tum
293 857 415 904 estin
432 857 658 917 gentibus,
681 855 893 902 cveditum
929 869 990 904 est
1026 859 1072 904 in
1102 860 1190 907 hoc
1224 864 1389 909 mundo
1412 902 1422 920 ,
1454 883 1518 910 as-

142 949 164 971 »
186 939 410 992 sumptum
440 937 501 974 est
531 928 576 973 in
610 927 744 987 gloria
762 927 795 975 1.
824 950 844 970 >³
885 929 1017 986 Quod
1048 929 1160 977 sicut
1197 935 1519 982 commendavit

141 1015 242 1045 cum
271 1000 450 1046 veritate
472 998 737 1044 credendum
759 1036 769 1055 ‚
805 999 865 1044 ita
894 1000 1220 1063 impugnatores
1255 1008 1344 1064 ejus
1369 1006 1413 1052 in
1433 1008 1519 1052 fine

140 1068 414 1116 denuntiavit
430 1068 578 1115 saeculi
598 1069 867 1115 nascituros:
891 1088 989 1115 nam
1017 1072 1162 1117 statim
1180 1075 1396 1136 sequitur,
1420 1098 1438 1117 «
1467 1079 1517 1122 In

141 1160 163 1183 >2
183 1140 425 1186 novissimis
445 1149 587 1185 autem
608 1140 880 1203 temporibus
906 1141 1151 1188 recedentes
1169 1144 1346 1206 quidam
1363 1164 1384 1191 a
1411 1147 1515 1202 fide,

141 1232 162 1253 »
182 1210 448 1256 attendentes
480 1209 705 1273 spiritibus
740 1209 1075 1267 seductoribus,
1110 1212 1320 1260 doctrinis
1355 1216 1517 1262 daemo-

141 1302 162 1323 ›)
181 1281 355 1327 niorum
387 1281 432 1326 in
460 1280 687 1344 hypocrisi
714 1280 940 1326 mendacia
966 1281 1238 1344 loquentium
1259 1321 1268 1339 ‚
1301 1287 1518 1332 cauteria-

139 1372 160 1394 »
178 1361 266 1396 tam
307 1351 519 1396 habentes
557 1350 864 1396 conscientiam
885 1387 897 1405 ,
944 1352 1277 1414 prohibentium
1319 1356 1484 1402 nubere
1502 1395 1513 1412 ,

139 1421 394 1467 »abstinere
419 1438 443 1466 a
470 1420 580 1466 cibis
596 1457 606 1476 ‚
639 1436 749 1484 quos
776 1422 887 1466 Deus
912 1422 1075 1467 creavit
1099 1422 1154 1468 ad
1179 1425 1516 1488 percipiendum

139 1512 160 1535 »
179 1510 280 1539 cum
311 1492 546 1553 gratiarum
575 1493 744 1538 actione
769 1492 998 1549 fidelibus,
1029 1504 1070 1538 et
1095 1494 1163 1539 his
1194 1496 1268 1558 qui
1296 1512 1514 1554 cognove-

139 1573 276 1609 »runt
299 1563 547 1617 veritatem3
573 1562 781 1626 quoniam
806 1562 946 1608 omnis
972 1574 1169 1609 creatura
1200 1565 1274 1610 Dei
1300 1566 1416 1613 bona
1433 1569 1467 1614 Ἃ.
1493 1589 1514 1609 »

138 1634 266 1680 Hanc
285 1651 385 1694 ergo
406 1632 697 1679 Ecclesiarum
718 1633 1132 1679 contaminationem
1149 1672 1160 1691 ,
1188 1652 1318 1698 quam
1344 1636 1397 1682 de
1423 1639 1515 1682 Ma-

137 1704 301 1750 nichaei
318 1703 635 1750 consectatione
662 1704 898 1759 vomuisti,
933 1714 975 1749 et
998 1704 1114 1750 hanc
1136 1723 1157 1750 a
1185 1706 1270 1751 fide
1303 1707 1513 1752 receden—

140 1773 247 1819 tium
269 1773 673 1837 praevaricationem
693 1811 703 1830 ‚
734 1791 834 1838 quae
855 1773 900 1819 in
924 1775 1135 1820 naturalis
1164 1775 1265 1821 mali
1294 1777 1515 1840 praedica-

137 1843 253 1890 tione
278 1854 319 1890 et
340 1843 387 1890 in
409 1844 728 1889 commixtionis
745 1843 984 1903 conjugalis
1005 1843 1284 1891 damnatione
1301 1847 1511 1902 constitit,

138 1925 179 1960 et
216 1914 447 1977 Apostolus
477 1914 685 1977 praevidit
711 1925 752 1959 et
781 1914 984 1976 punivit,
1024 1932 1110 1960 non
1145 1915 1282 1960 solum
1310 1917 1417 1979 quid
1445 1917 1517 1962 di-

138 1994 305 2030 ceretur
323 2021 333 2040 ,
361 1983 433 2029 sed
458 1985 584 2029 etiam
614 1984 722 2046 quid
746 1994 1080 2046 consequeretur
1100 1986 1338 2031 ostendens.
1364 2009 1383 2028 >2

203 2055 318 2101 AUG.
351 2055 406 2099 Et
424 2065 568 2099 tamen
594 2064 663 2109 tu,
688 2054 870 2117 quinon
893 2065 1017 2116 potes
1047 2055 1127 2100 nisi
1155 2067 1325 2101 ructare
1344 2057 1515 2102 calum-

137 2124 230 2169 nias
252 2161 263 2179 ,
297 2135 339 2169 et
360 2141 532 2170 vomere
556 2124 841 2169 contumelias
865 2160 875 2179 ,
917 2125 1060 2170 verbis
1096 2126 1303 2172 catholici
1329 2127 1518 2172 hominis

138 2194 246 2250 Dei,
281 2211 410 2258 quem
436 2195 731 2240 Maniehaeum
757 2211 844 2239 non
870 2205 992 2257 potes
1017 2194 1160 2241 dicere
1176 2233 1186 2251 ‚
1214 2214 1302 2242 non
1328 2214 1454 2243 ausus
1477 2215 1518 2243 es

138 2264 436 2310 contradicere
454 2302 465 2319 ‚
489 2266 739 2310 suffocantis
758 2275 797 2310 te
813 2302 822 2320 ‚
851 2277 980 2328 atque
1009 2265 1192 2311 dicentis
1211 2304 1220 2321 ‚
1243 2284 1288 2311 ex
1313 2268 1519 2312 commix÷

139 2336 253 2381 tione
293 2336 422 2380 maris
457 2347 498 2381 et
532 2335 727 2381 foeminae
748 2337 863 2381 nasci
893 2347 1107 2399 expertem
1129 2337 1277 2383 delicti
1305 2339 1519 2384 neminem

138 2423 261 2470 posse
277 2406 310 2453 3.
341 2407 634 2469 Namqueista
657 2407 790 2452 verba
814 2411 905 2466 ejus
928 2418 970 2453 et
998 2407 1041 2453 in
1063 2408 1207 2470 primo
1231 2409 1283 2454 ad
1302 2409 1519 2454 Valerium

138 2476 253 2522 libro
279 2477 634 2534 commemoravi,
653 2493 782 2540 quem
806 2477 930 2523 libris
951 2489 1142 2542 quatuor
1166 2479 1421 2539 redarguere
1440 2495 1520 2524 co-

188 2598 199 2622 ²
222 2609 234 2629 ι
256 2597 339 2629 Tim.
357 2609 411 2637 ιιι,
431 2599 486 2632 16.
505 2615 552 2622 -
567 2596 582 2620 ²
601 2597 652 2633 td.
675 2610 719 2639 iv,
738 2610 770 2632 α.
788 2617 834 2624 —
849 2597 863 2622 ³
881 2599 1072 2633 Ambrosius
1088 2599 1121 2631 in
1140 2599 1265 2632 Isaiam.
