1824 3236
309 231 400 279 382
722 242 755 271 s.
800 238 1046 270 AUGUSTIM
1082 237 1289 268 EPISCOP1

309 324 348 358 te
373 308 648 374 persequitur
678 306 889 361 veritatis,
911 306 970 351 ita
1001 305 1149 351 dicens
1180 304 1314 350 factas
1333 320 1380 349 ex
1402 303 1541 350 nihilo
1569 321 1690 350 crea-

308 394 451 437 turas,
495 396 594 444 quae
637 395 725 424 non
761 387 863 423 sunt
890 376 1010 441 quod
1047 377 1139 440 ipse
1178 376 1253 440 qui
1285 374 1412 431 fecit,
1456 386 1504 421 ut
1548 375 1694 438 ipsum

310 453 422 500 nihil
447 469 534 498 non
566 451 828 496 existimetur
858 448 925 494 vel
959 448 1246 508 intelligatur,
1287 464 1372 492 esse
1410 447 1592 510 aliquid,
1617 464 1694 492 nec

311 525 365 571 ad
396 521 646 569 faciendum
669 520 831 566 habere
851 519 1039 582 aliquam
1072 519 1187 572 vim3
1213 518 1315 582 quia
1337 517 1370 562 si
1391 517 1590 571 haberet,
1609 533 1695 562 non

311 605 416 641 esset
434 593 560 639 nihil.
595 593 658 638 Ac
683 608 762 655 per
793 591 895 649 hoc,
918 590 1028 635 nihil
1063 607 1143 634 nec
1164 606 1322 652 corpus
1348 598 1409 634 est
1433 588 1589 645 ullum,
1619 605 1696 633 nec

309 667 486 730 spiritus
505 702 515 721 ,
558 681 636 709 nec
663 663 732 708 hia]
772 661 1024 707 substantiis
1051 660 1214 723 aliquid
1247 661 1446 706 accidens
1465 698 1474 711 ,
1502 677 1581 706 nec
1628 663 1698 704 in-

313 738 463 783 formis
499 736 586 781 ulla
622 734 817 781 materies
837 771 847 785 ,
875 751 954 779 nec
998 733 1137 778 inanis
1160 732 1280 777 locus
1299 769 1309 787 ,
1354 750 1431 778 nec
1450 733 1555 796 ipsa:
1576 742 1699 776 tene-

314 810 427 865 brae,
473 807 544 853 sed
565 823 741 871 prorsus
769 804 880 850 nihil
905 822 916 849 :
939 804 1043 868 quia
1069 803 1145 849 ubi
1166 814 1265 849 sunt
1298 804 1487 849 teuehrae
1506 841 1515 859 ,
1543 819 1701 866 corpus

314 890 376 926 est
416 877 763 942 aliquodcarens
786 875 975 929 lumine,
1002 875 1088 920 sive
1113 880 1209 930 a‘er,
1229 876 1315 921 sive
1345 892 1473 938 aqua,
1501 877 1588 920 sive
1620 872 1702 918 ali—

317 950 424 1014 quid
474 948 615 1000 aliud3
656 946 873 1009 corporali
917 946 1032 991 enim
1067 946 1231 991 lumine
1277 946 1346 992 vel
1383 945 1620 991 illuminari
1657 956 1704 990 ut

316 1021 493 1074 clareat,
522 1018 589 1064 x‘el
621 1017 786 1080 privari
821 1028 868 1062 ut
903 1018 1182 1070 tenebrescat,
1214 1018 1293 1062 nisi
1314 1034 1472 1080 corpus
1497 1034 1586 1062 non
1617 1034 1704 1080 po-

318 1102 412 1137 test.
449 1092 512 1136 Ac
535 1106 613 1152 per
635 1090 721 1133 hoc
747 1089 924 1134 istarum
960 1088 1257 1151 corporalium
1298 1089 1572 1134 tenebrarum
1597 1104 1706 1132 con-

318 1163 434 1208 ditor
456 1178 543 1206 non
570 1170 648 1216 est,
676 1159 757 1205 nisi
793 1161 869 1223 qui
903 1159 1101 1205 condidit
1128 1177 1314 1224 corpora
1337 1178 1346 1205 :
1374 1170 1558 1223 propter
1585 1157 1706 1222 quod

319 1234 364 1279 in
401 1233 567 1295 hymno
609 1231 741 1276 trium
778 1232 975 1278 virorum
1007 1230 1277 1278 benedicunt
1303 1248 1400 1278 eum
1420 1231 1493 1277 lux
1513 1240 1554 1276 et
1586 1241 1707 1275 tene-

321 1305 416 1351 brae
440 1303 472 1350 ¹.

386 1374 504 1421 Fecit
528 1392 627 1434 ergo
669 1375 783 1420 Deus
803 1384 960 1419 cuncta
984 1373 1035 1419 de
1059 1374 1218 1430 nihilo,
1256 1373 1301 1419 id
1323 1384 1401 1430 est,
1440 1373 1586 1419 omnia
1607 1388 1708 1436 quae

323 1458 370 1493 ut
398 1457 533 1492 essent
556 1445 677 1501 fecit,
709 1446 743 1491 si
773 1462 923 1490 eorum
957 1445 1165 1504 originem
1192 1445 1379 1507 primam
1408 1444 1705 1507 respiciamus»,

324 1538 370 1566 ex
391 1518 459 1563 his
485 1534 584 1580 quae
610 1534 699 1562 non
738 1526 861 1561 erant
890 1515 992 1561 fecit
1029 1533 1038 1560 :
1075 1516 1161 1561 hoc
1197 1516 1342 1562 Graeci
1380 1516 1536 1562 dicunt
1575 1513 1615 1568 ἐξ
1643 1522 1711 1561 οὖν.

324 1595 461 1637 ὄντων.
491 1588 621 1645 Quod
651 1605 703 1633 ne
723 1587 925 1632 credatur
945 1587 999 1632 de
1027 1587 1278 1647 Unigenito,
1307 1587 1415 1651 quid
1440 1599 1502 1633 est
1524 1589 1636 1633 Deus
1658 1586 1711 1633 de

326 1663 436 1714 Deo,
458 1660 607 1706 lumen
627 1659 680 1704 de
698 1659 881 1713 lumine,
904 1671 944 1704 et
960 1658 1056 1703 ideo
1076 1676 1163 1703 non
1183 1658 1237 1704 de
1254 1659 1412 1715 nihilo,
1436 1659 1713 1705 vehementer

326 1732 556 1779 Catholica
580 1731 737 1776 resistit
756 1729 939 1776 Arianis.
972 1730 1084 1774 Cum
1109 1730 1254 1792 itaque
1278 1730 1480 1785 (lichum,
1503 1747 1587 1775 non
1614 1729 1712 1775 ideo

326 1805 517 1868 potuisse
547 1803 649 1848 oriri
670 1819 717 1847 ex
744 1802 862 1847 bono
906 1800 1065 1846 malam
1104 1801 1392 1857 voluntatem,
1415 1802 1518 1865 quia
1543 1801 1712 1847 bonum

327 1875 495 1922 factum
524 1884 585 1919 est
609 1891 631 1918 a
656 1873 774 1917 bono
806 1872 914 1927 Deo,
948 1871 1019 1917 scd
1044 1872 1147 1935 quia
1173 1872 1226 1917 de
1264 1873 1404 1918 nihilo
1438 1871 1603 1918 sactum
1631 1884 1709 1927 est,

329 1963 416 1992 non
441 1945 494 1990 de
516 1946 624 1990 Deo.
665 1960 750 1988 non
775 1942 916 1987 nihilo
949 1942 1103 1988 damus
1127 1943 1261 1988 ullam
1291 1955 1512 2000 naturam,
1536 1943 1607 1989 sed
1634 1961 1714 1988 na-

332 2028 473 2062 turam
499 2015 675 2061 faetoris
701 2033 721 2059 a
752 2025 906 2060 natura
937 2031 1088 2060 eorum
1113 2031 1213 2079 quae
1237 2025 1337 2060 sunt
1360 2015 1475 2060 facta
1504 2015 1716 2061 discerni-

330 2106 442 2134 mus.
472 2087 574 2132 ldeo
594 2088 762 2149 quippe
780 2097 960 2148 possunt
982 2087 1060 2131 ista
1090 2086 1267 2133 mutari.
1287 2086 1373 2131 sive
1393 2086 1633 2141 voluntate,
1654 2087 1716 2132 si-

332 2170 406 2203 cut
438 2158 659 2203 rationalis
688 2157 833 2220 potnit
855 2167 1070 2211 creatura,
1101 2157 1186 2201 sive
1211 2156 1397 2218 propriis
1429 2157 1717 2220 qualitatibus

329 2230 433 2284 suis,
460 2228 572 2273 sicut
596 2238 779 2279 caetei¹a3
812 2227 1017 2288 quoniam
1046 2226 1098 2270 de
1119 2227 1257 2271 nihilo
1282 2226 1391 2272 far-ta
1415 2238 1514 2273 sunt
1552 2245 1638 2273 non
1663 2228 1716 2273 de

334 2302 440 2355 ΜΟ,
478 2298 679 2362 quamvis
716 2297 900 2342 faciente
937 2314 1022 2341 non
1049 2298 1127 2341 nisi
1160 2298 1457 2353 130031110512,
1489 2298 1590 2361 quia
1630 2317 1715 2344 non

331 2369 567 2432 suntquod
593 2368 663 2413 illa
690 2378 861 2415 natura.
879 2384 978 2431 quse
998 2368 1109 2413 facta
1136 2385 1222 2413 non
1258 2379 1335 2425 est,
1371 2379 1500 2433 atque
1537 2369 1595 2415 ol)
1630 2370 1715 2415 hoc

327 2439 613 2487 immutabilis
631 2439 718 2484 sola
737 2450 812 2485 est.
855 2438 901 2484 Si
923 2456 1023 2498 ergo
1050 2439 1112 2483 vis
1142 2440 1415 2485 Manichzeos
1437 2439 1503 2485 vel
1528 2440 1716 2486 devitare

328 2512 397 2561 vel
432 2512 621 2565 vincere,
661 2510 750 2556 hoc
788 2527 905 2573 sape,
934 2509 1021 2555 lioc
1047 2527 1155 2574 cape
1186 2510 1484 2572 intelligendo,
1518 2511 1552 2557 si
1575 2524 1713 2575 potes,

372 2595 484 2626 ¹Dau.
499 2604 558 2635 111,
578 2604 634 2631 72.
