1863 3262
195 283 349 314 oPEnts
388 280 643 313 nim-:muniit
687 281 859 309 (tomani
898 281 1075 311 Jtttxxt
1096 282 1139 311 tt.
1184 283 1266 312 [ln.
1315 283 1377 312 tlt.
1429 266 1512 312 133

142 347 339 395 dicamus
357 386 367 405 ‚
396 348 462 395 vel
484 364 583 410 quae
607 346 891 403 affirmemus,
924 346 999 410 qui
1016 347 1141 391 multe
1162 347 1307 411 stirpis
1330 347 1518 411 pullula-

145 421 303 466 tionem
324 435 552 479 negemus3
578 435 676 463 cum
707 418 977 480 baptizemus
998 418 1125 462 etiam
1151 435 1220 463 eos
1252 419 1517 482 purificante

143 490 365 555 aqua‚qui
386 489 544 535 malum
563 488 731 534 nullum
749 489 930 547 egerint,
958 487 1100 544 idest,
1126 490 1347 551 parvulos.
1373 490 1518 535 Posita

142 573 241 608 sunt
263 578 420 625 nempe
453 560 506 606 de
541 564 634 619 ejus
671 560 809 606 multa
838 560 1057 605 sententiis
1080 577 1090 604 :
1113 559 1186 605 sed
1212 560 1294 605 nisi
1324 561 1516 606 Menoch

141 633 276 678 filiam
295 670 305 688 ‚
332 643 374 678 et
400 631 694 677 Manichaeum
720 633 797 694 qui
821 649 864 677 se
890 631 1054 677 Christi
1093 631 1349 694 Apostolum
1372 632 1515 676 nomi-

139 715 215 749 nat
234 741 245 759 ‚
289 702 438 749 titulus
482 702 722 757 indicaret,
754 713 796 748 te
834 703 1011 748 omnino
1049 718 1175 746 suum
1211 701 1521 764 pollicerentur

141 783 378 820 auctorem.
411 775 523 818 Cum
543 789 642 832 ergo
660 773 774 818 nihil
795 772 913 818 aliud
939 771 1058 817 dicas
1074 808 1086 827 ,
1109 788 1242 834 quam
1260 771 1379 834 quod
1400 772 1520 817 Mani

140 843 322 889 docente
340 843 560 897 didicisti;
583 854 712 907 putas
737 854 776 890 te
800 844 847 889 in
873 843 1157 889 aestimatione
1183 841 1517 888 Catholicorum

140 908 264 960 aliter
290 913 543 960 habendum
564 951 575 970 ‚
599 931 731 977 quam
760 914 883 960 illum
912 930 992 977 per
1011 930 1140 977 quem
1158 911 1311 958 talium
1334 912 1519 973 dogma-

139 994 231 1030 tum
249 995 515 1031 sacramenta
538 986 733 1048 potasti?
756 1008 774 1027 n

207 1057 318 1103 ΑΗΕ.
363 1055 514 1102 Finisti
546 1056 722 1102 tandem
744 1094 755 1112 ‚
790 1073 890 1120 quae
925 1056 979 1101 de
1016 1054 1251 1101 Manichaei
1289 1054 1514 1117 Epistola,

138 1144 272 1190 quam
305 1127 367 1172 tui
392 1126 567 1187 collegae
594 1127 710 1173 Flori
735 1127 1009 1173 orationibus
1032 1126 1208 1186 adjutus
1246 1137 1285 1171 te
1308 1125 1519 1172 invenisse

138 1196 299 1243 laetaris
313 1234 323 1253 ‚
345 1208 496 1243 contra
515 1214 592 1243 nos
610 1198 772 1261 putasti
791 1214 877 1243 esse
897 1196 1098 1243 dicenda.
1132 1196 1217 1241 Ubi
1242 1206 1354 1241 certe
1375 1196 1515 1241 Mani-

140 1266 290 1313 chaeus
308 1268 710 1330 concupiscentiam
732 1268 875 1313 carnis
894 1277 1070 1312 accusat
1085 1303 1097 1323 ,
1117 1282 1205 1330 qua
1231 1283 1332 1311 caro
1350 1282 1519 1311 concu-

137 1337 269 1400 piscit
299 1336 500 1383 adversus
530 1337 734 1400 spiritum
765 1356 775 1382 :
803 1337 920 1382 hanc
957 1346 1100 1382 autem
1128 1335 1370 1381 Catholicis
1399 1336 1518 1396 obji-

138 1407 338 1453 ciendam
354 1408 415 1453 sic
440 1408 695 1463 arbitratur,
719 1418 928 1471 tanquam
952 1423 1046 1452 eam
1064 1406 1229 1452 bonam
1245 1422 1331 1451 esse
1350 1405 1516 1463 dicant,

138 1479 242 1542 quia
259 1481 512 1543 nuptiarum
529 1479 698 1525 bonum
716 1479 930 1525 doctrinae
954 1478 1201 1524 Dominicae
1225 1488 1354 1540 atque
1380 1480 1519 1541 Apos-

139 1549 284 1595 tolicae
302 1551 482 1596 sanitate
506 1549 829 1597 commendant.
858 1548 1048 1606 Quando
1071 1548 1186 1594 enim
1212 1558 1356 1611 posset
1376 1547 1521 1593 Mani-

139 1620 290 1665 chaeus
309 1620 474 1666 malum
498 1621 866 1684 concupiscentiae
894 1619 1078 1665 carnalis
1099 1635 1122 1663 a
1141 1619 1259 1664 bono
1278 1617 1518 1663 discernere

139 1691 380 1751 conjugali,
409 1708 508 1738 cum
541 1692 595 1737 ad
616 1693 825 1738 Hebraeos
854 1690 1051 1755 Epistola
1074 1690 1245 1736 nonnisi
1271 1706 1418 1734 eorum
1445 1688 1518 1734 di-

139 1773 209 1807 cat
229 1779 314 1807 csse
334 1762 519 1808 solidum
544 1763 742 1820 cibu1n1,
766 1763 842 1826 qui
876 1762 1128 1807 exercitatos
1148 1760 1316 1806 habent
1342 1776 1485 1805 sensus
1502 1797 1514 1817 ,

139 1832 193 1878 ad
217 1834 508 1896 separandum
544 1835 713 1880 bonum
739 1852 762 1879 a
794 1833 940 1878 malo?
965 1832 1050 1878 Sed
1080 1832 1209 1895 plane
1241 1831 1354 1876 tuin
1384 1831 1518 1890 hujus

139 1904 376 1949 Manichaei
404 1922 593 1950 morsum
618 1904 928 1950 inevitabiliter
947 1903 1166 1956 incidisti,
1192 1912 1337 1948 tantus
1361 1901 1519 1946 lauda-

139 1984 208 2018 tor
240 1975 607 2037 concupiscentiae
638 1975 780 2020 carnis
801 2012 811 2030 ‚
848 1984 895 2019 ut
929 1990 1022 2018 eam
1052 1989 1141 2017 non
1172 1971 1312 2035 qualis
1339 1971 1399 2016 ibi
1432 1988 1518 2016 esse

137 2045 375 2108 potuisset,
400 2046 433 2090 si
458 2063 544 2091 esse
567 2045 809 2102 debuisset,
832 2044 905 2090 sed
925 2044 1103 2089 omnino
1124 2042 1263 2105 qualis
1281 2058 1400 2086 nunc
1423 2051 1484 2086 est
1503 2078 1512 2096 ‚

138 2115 267 2161 etiam
282 2116 326 2161 in
341 2115 544 2178 paradiso
561 2153 570 2167 ,
589 2116 634 2161 id
653 2126 735 2171 est,
756 2115 802 2160 in
821 2115 918 2160 loco
941 2125 1028 2159 tam
1046 2129 1217 2173 magnae
1232 2110 1517 2157 beatitudinis

138 2185 371 2232 collocares
387 2207 399 2239 ς
417 2197 465 2231 ut
481 2186 647 2232 scilicet
664 2186 780 2232 illius
798 2186 885 2231 loci
904 2185 1174 2231 habitatores
1188 2183 1246 2228 ita
1262 2182 1387 2227 beata
1408 2199 1517 2245 pace

137 2255 402 2312 fruerentur,
430 2267 478 2302 ut
498 2257 541 2302 in
562 2274 604 2302 se
622 2257 727 2320 ipsis
758 2257 961 2302 intestino
986 2255 1102 2300 bello
1117 2291 1127 2309 ‚
1151 2271 1205 2298 ne
1223 2253 1269 2298 in
1287 2269 1517 2298 consensus

138 2325 252 2371 illius
274 2325 414 2371 illiciti
437 2326 504 2372 vel
524 2326 568 2371 in
590 2327 762 2372 honesti
785 2327 1049 2372 concubitus
1067 2324 1335 2379 laberentur‚
1366 2333 1517 2368 contra

139 2407 283 2442 motus
308 2397 675 2460 concupiscentiae
699 2397 973 2443 dimicarent.
1005 2396 1103 2440 Hoc
1132 2393 1293 2439 malum
1315 2393 1360 2438 in
1387 2410 1518 2455 para-

140 2466 232 2512 diso
251 2483 337 2511 esse
354 2483 442 2511 non
460 2478 602 2530 posset
619 2504 629 2521 ,
652 2468 733 2513 nisi
748 2467 858 2513 forte
873 2467 948 2513 illo
966 2467 1088 2530 picto
1107 2502 1118 2522 ‚
1139 2464 1192 2510 de
1212 2481 1300 2527 quo
1319 2463 1517 2526 superius

139 2536 278 2582 locuti
301 2553 473 2593 sumus,
490 2538 568 2601 qui
586 2537 767 2584 haberet
783 2537 956 2583 titulum
978 2535 1323 2600 suprascriptum
1352 2551 1362 2578 t
1394 2555 1413 2575 «
1435 2535 1517 2578 Pa-

191 2620 200 2641 ¹
222 2618 324 2653 Hebr.
345 2630 373 2657 V,
392 2625 444 2655 14.
