1824 3236
304 269 398 321 :338
727 279 762 309 5.
805 276 1049 309 Aucusnm
1084 275 1289 307 EPISCOPI

308 349 576 413 adjutorium
603 345 903 393 subministrat
925 363 936 390 ι
972 361 1051 390 cur
1078 360 1178 403 ergo
1203 342 1255 388 ad
1279 339 1553 404 peccandum
1576 357 1688 404 pro-

306 424 461 471 clivior
478 432 540 467 est
564 430 720 465 natura
745 416 996 463 mortalium
1013 452 1023 471 ‚
1052 416 1087 461 si
1114 413 1227 460 nibil
1246 414 1332 474 egit
1354 411 1560 473 originale
1576 429 1686 476 pec-

308 497 486 542 caturus)
508 489 718 549 Quamxis
743 499 784 534 et
811 489 954 552 ipsum
981 486 1267 546 adjutorium,
1296 483 1415 547 quod
1444 483 1686 529 subminis-

307 578 420 613 trare
443 566 581 609 Deum
607 559 812 620 cogimini
837 557 1032 604 confiteri
1057 593 1067 612 ,
1102 556 1227 619 quale
1264 554 1419 600 dicatis
1449 571 1534 600 esse
1553 591 1564 610 ,
1597 571 1686 599 non

303 638 447 684 lateat.
473 636 630 693 Legem
648 631 829 694 quippe,
855 646 942 675 non
963 627 1165 690 spiritum
1190 625 1334 671 dicitis
1354 662 1365 681 ,
1392 642 1493 671 011111
1524 625 1687 671 Paulus

305 705 542 772 Apostolus
564 720 642 767 per
659 699 1104 747 subministrationem
1134 696 1325 759 Spiritus
1343 697 1477 742 sancti
1503 713 1579 741 nos
1602 695 1686 741 do-

305 790 401 827 ceat
424 775 621 837 adjuvari
637 773 669 821 1.
700 771 833 829 Quod
858 770 955 815 ideo
976 766 1413 814 commemorandum
1438 767 1609 830 putavi,
1632 784 1685 812 ne

305 851 417 897 forte
443 847 518 912 qui
546 845 732 892 audiunt
759 842 827 888 vel
852 841 1003 900 legunt
1033 839 1086 884 (10
1111 838 1512 884 subministratione
1548 837 1687 882 divini

304 919 512 983 adjutorii
528 916 780 963 sententiam
794 924 932 968 tuam,
946 909 1468 957 obliviscanturhaeresim
1479 921 1679 956 vestram.

371 991 531 1038 XLIX.
556 988 654 1033 JcL.
682 1007 702 1027 (‹
726 985 919 1029 Tantum
946 998 1046 1041 ergo
1069 980 1183 1027 valet
1209 980 1287 1026 ista
1312 980 1560 1037 distinctio,
1587 991 1634 1026 ut
1654 981 1687 1026 si

306 1063 545 1111 nescientes
563 1096 572 1114 ‚
595 1055 714 1122 quod
733 1073 755 1101 a
778 1053 976 1118 possibili
1001 1052 1175 1115 incipit,
1204 1052 1247 1097 in
1267 1052 1552 1098 necessarium
1578 1069 1688 1097 con-

308 1134 538 1182 cludamus
561 1168 571 1186 ,
612 1127 757 1174 onmia
792 1126 975 1171 crimina
1009 1123 1062 1169 ad
1108 1124 1248 1168 Deum
1284 1134 1522 1170 recurrant.
1555 1122 1688 1180 Quod

307 1205 583 1254 Manichaeus
597 1199 761 1254 videns,
778 1196 978 1242 tenebras
1000 1194 1168 1257 peccati
1189 1195 1445 1254 excogitavit
1465 1206 1685 1241 auctores:

307 1295 396 1325 non
423 1275 537 1322 enim
562 1269 702 1318 valuit
739 1269 850 1314 inter
882 1265 1088 1329 possibile
1120 1266 1494 1329 necessariumque
1530 1267 1689 1312 distin-

307 1365 448 1411 guere.
482 1345 626 1390 Omne
649 1356 748 1399 ergo
778 1337 895 1401 quod
921 1335 1176 1381 naturaliter
1209 1336 1344 1382 habet
1373 1336 1506 1382 homo
1526 1375 1536 1394 ‚
1565 1356 1588 1383 a
1611 1355 1690 1384 ne-

308 1418 479 1467 cessarii
512 1424 637 1479 parte
674 1410 849 1455 sortitus
892 1417 982 1453 est:
1010 1407 1113 1471 quia
1148 1424 1235 1452 11011
1269 1408 1416 1470 potuit
1452 1408 1574 1455 aliter
1605 1426 1691 1455 esse

307 1507 439 1557 quam
464 1487 606 1534 factus
629 1492 703 1529 est.
728 1504 747 1523 »

378 1564 490 1608 Α10.
519 1559 616 1602 Jam
642 1553 775 1617 paulo
804 1562 903 1597 ante
932 1549 1192 1605 monstravi,
1221 1567 1354 1613 quam
1375 1568 1484 1598 vana
1519 1553 1572 1598 sit
1596 1570 1691 1599 sen-

312 1634 442 1680 tentia
463 1632 542 1676 ista
564 1646 574 1672 :
598 1623 925 1670 stolidissimum
948 1631 1009 1666 est
1031 1621 1145 1665 enim
1165 1658 1175 1675 ,
1201 1621 1366 1667 habere
1390 1622 1588 1669 homines
1613 1641 1693 1669 na·-

309 1704 506 1752 turaliter
530 1695 863 1764 possibilitatem
884 1690 1205 1747 manducandi,
1227 1691 1300 1737 sed
1328 1710 1415 1739 non
1437 1694 1694 1740 naturaliter

309 1777 432 1823 cibos
463 1781 630 1819 naturae
648 1781 863 1825 congruos
892 1761 1183 1815 manducare3
1212 1773 1285 1807 aut
1309 1763 1473 1810 babere
1496 1766 1694 1812 homines

311 1844 565 1894 naturaliter
590 1836 924 1903 possibilitatem
959 1833 1312 1890 concumbendi,
1347 1835 1419 1880 sed
1449 1854 1535 1882 non
1559 1847 1693 1883 natu-

311 1918 456 1965 raliter
485 1909 745 1974 genitalibus
765 1905 971 1951 membris
993 1921 1113 1949 sexus
1139 1904 1363 1968 utriusque
1382 1909 1686 1955 concumbere.

315 1990 426 2046 Quis
455 1986 544 2031 boc
571 1982 714 2034 dicat,
751 1977 829 2041 qui
864 1974 1109 2021 considerat
1138 1985 1379 2038 utcumque
1405 1978 1524 2040 quod
1549 1979 1692 2025 dicit?

313 2061 562 2119 [trumque
587 2051 699 2097 enim
727 2046 926 2093 naturale
947 2056 1034 2101 est,
1068 2056 1108 2090 et
1129 2045 1246 2107 quod
1269 2046 1360 2091 lieri
1384 2060 1565 2110 possunt
1582 2049 1661 2095 ista
1680 2087 1691 2106 ‚

315 2143 357 2177 et
380 2127 495 2193 quod
522 2128 663 2170 liunt:
687 2119 759 2165 5011
786 2129 847 2164 051
871 2116 981 2162 11111(1
999 2127 1039 2162 et
1055 2116 1232 2180 quando
1257 2117 1478 2176 nolumus;
1500 2119 1585 2166 hoc
1606 2138 1695 2166 11011

311 2214 375 2249 est
397 2200 480 2247 nisi
497 2195 692 2243 velimus.

380 2274 432 2318 1„
459 2271 558 2314 J[[„
590 2287 609 2306 κ
630 2261 796 2309 Malum
826 2269 968 2305 autem
991 2257 1110 2321 quod
1139 2257 1241 2317 agit.¹
1269 2260 1622 2323 apossibiliagit.
1642 2285 1663 2305 ))

386 2347 496 2390 AtG.
532 2333 717 2384 Attencle
741 2349 838 2377 eum
861 2331 938 2394 qui
956 2328 1088 2384 (licit,
1116 2350 1135 2369 κ
1159 2328 1286 2385 Quod
1308 2329 1407 2375 nolo
1427 2332 1588 2379 malum
1608 2334 1695 2380 hoc

319 2439 340 2459 »
364 2412 507 2475 3g02:
536 2431 556 2451 »
589 2417 627 2452 et
664 2401 877 2467 responde
912 2411 1059 2445 utrum
1096 2399 1388 2446 necessitatem
1414 2419 1500 2448 non
1537 2403 1695 2450 habeat

318 2484 472 2547 agendi
505 2479 666 2526 malum
688 2513 698 2532 ,
738 2474 815 2538 qui
851 2489 937 2518 non
970 2470 1091 2535 quod
1118 2471 1214 2516 vult
1250 2471 1355 2517 sacit
1388 2473 1582 2532 bonum,
1621 2477 1694 2523 sed

315 2556 437 2623 quod
456 2569 543 2600 non
561 2549 655 2597 vult
681 2546 844 2592 malum
865 2544 951 2589 hoc
973 2543 1072 2602 agir.
1099 2541 1233 2599 Quod
1250 2543 1282 2588 si
1308 2544 1517 2608 Arpostolo
1539 2563 1697 2611 repug-

365 2644 369 2652 '
397 2640 512 2683 Philip.
535 2648 563 2680 1,
589 2646 640 2676 ¹9-
658 2649 700 2655 —-—
717 2627 733 2652 2
754 2633 848 2663 Rom.
869 2639 932 2671 vu,
959 2638 1012 2670 19.
