1824 3236
282 245 375 300 ‚438
704 259 738 289 s,
783 259 1029 289 AuuusTINI
1066 259 1272 289 EPISCOPI

288 325 391 370 boni
422 323 586 370 scilicet
603 334 644 369 et
680 323 784 369 mali
818 325 1103 387 permixtione
1127 324 1367 387 componit.
1399 325 1528 370 Nunc
1559 342 1660 385 ergo

282 405 424 440 nostra
445 395 614 454 justitia
638 405 724 449 est,
747 405 794 439 ut
812 396 1040 454 justificati
1060 413 1139 459 per
1166 395 1295 441 fidem
1319 412 1471 458 pacem
1497 395 1661 441 habea-

282 483 378 511 mus
417 466 470 511 ad
505 467 645 512 Deum
674 465 722 521 ¹1,
758 477 909 512 contra
948 484 1048 513 vero
1082 467 1222 512 carnis
1262 466 1660 528 concupiscentiam

277 554 354 582 nos
380 548 708 600 oppugnantem
727 573 737 592 ‚
766 555 842 600 per
875 537 1010 600 ipsius
1038 538 1114 582 Dei
1150 537 1353 583 auxilium
1391 548 1661 599 repugnante

286 606 443 669 spiritu
469 607 739 654 dimicemus.
765 609 862 652 Non
883 619 942 653 cst
962 625 1061 667 ergo
1090 607 1223 666 hujus
1245 608 1346 653 vitae
1363 608 1532 667 justitia
1554 645 1563 662 ‚
1591 607 1661 653 vi-

277 678 386 722 tium
412 694 499 722 non
520 677 680 723 babere
698 700 707 733 ;
729 679 801 724 sed
819 679 922 724 vitia
936 696 1024 723 non
1047 678 1104 724 eis
1122 678 1430 723 consentiendo
1448 678 1657 731 minuere,

278 748 423 811 eisque
462 749 726 803 resistendo,
763 761 1051 812 temperanter
1073 760 1114 794 et
1155 752 1269 808 juste
1307 759 1348 793 et
1386 750 1455 812 pie
1495 750 1653 796 vivere.

279 819 458 864 Nullum
495 834 636 865 autem
667 821 738 866 cui
768 821 1012 865 resistamus
1034 820 1195 865 habere
1219 819 1394 874 vitium,
1418 820 1662 882 posterioris

276 899 338 936 est
360 890 460 936 vitae
479 927 489 943 ‚
518 908 618 954 quae
635 891 744 936 bene
770 901 899 950 gestas
919 891 1145 953 praesentis
1161 900 1223 935 est
1246 890 1506 953 praeminum
1533 908 1662 937 sana-

285 960 401 1006 tione
435 972 593 1007 nostrae
610 999 620 1016 ,
650 979 737 1006 non
760 963 892 1021 (sicut
916 962 1189 1007 Manichaeus
1209 999 1221 1013 ,
1246 965 1370 1021 cujus
1397 979 1439 1006 cs
1458 961 1658 1021 adjutor,

282 1031 493 1093 insanit.)
531 1032 684 1077 alienae
716 1033 985 1095 separatione
1024 1044 1207 1080 naturae.
1232 1034 1344 1078 Ecce
1380 1032 1536 1091 dogma
1561 1050 1663 1077 nos-

288 1112 403 1147 trum
447 1120 534 1151 non
572 1113 643 1152 est,
680 1102 734 1148 de
777 1104 1016 1150 Manichaei
1053 1121 1202 1159 coeno,
1244 1104 1356 1149 sicut
1392 1103 1659 1156 criminaris,

279 1189 554 1235 expressumg
584 1190 672 1236 quo
697 1173 897 1233 dogmate
938 1174 1262 1229 Manichaeum‚
1296 1173 1332 1218 si
1368 1191 1456 1219 non
1491 1190 1662 1219 omnem

283 1259 452 1288 sensum
473 1244 648 1292 amisisti
668 1281 678 1295 ,
702 1255 842 1290 tecum
864 1244 1002 1289 cernis
1022 1261 1293 1307 oppressum.

344 1314 421 1360 IX.
465 1314 562 1360 Jt‘L.
595 1336 613 1354 «
642 1315 778 1360 {Nobis
798 1315 930 1373 igitur
949 1315 993 1360 in
1022 1315 1225 1377 praesenti
1245 1314 1543 1361 convincenda
1569 1315 1661 1378 pri-

278 1401 348 1428 mo
380 1395 442 1429 est
473 1402 619 1430 sensus
649 1385 778 1432 vestri
805 1385 1058 1439 hebetudo3
1087 1396 1178 1430 tum
1205 1385 1520 1430 ostendendum
1542 1386 1662 1448 quod

274 1460 492 1518 saepejam
518 1455 722 1507 fecimus,
749 1474 800 1502 ne
822 1473 908 1501 uno
928 1457 1108 1519 quidem
1132 1457 1243 1519 pede
1262 1475 1283 1502 a
1312 1456 1662 1502 Manichaeorum

274 1543 348 1571 vos
363 1527 595 1586 gurgustiis
612 1528 929 1590 meritoriisque
946 1527 1178 1574 discedere.
1192 1528 1322 1573 lnitio
1340 1528 1472 1587 igitur
1487 1565 1497 1583 ‚
1516 1545 1661 1574 amen-

275 1596 486 1643 tissimum
511 1609 572 1642 est
596 1598 769 1644 arbitrii
800 1599 1021 1657 negotium
1047 1599 1284 1646 seminibus
1303 1599 1547 1644 immixtum
1572 1616 1662 1662 pu7

273 1677 390 1728 tare,
429 1679 470 1713 et
493 1668 633 1714 officia
666 1669 943 1720 voluntatum
985 1669 1208 1714 inolevisse
1244 1670 1535 1732 conceptibus
1566 1687 1577 1716 τ
1614 1680 1661 1716 ut

277 1755 324 1783 ea
344 1775 354 1792 ‚
385 1755 484 1801 quae
521 1750 581 1784 est
612 1740 847 1785 clarissima
874 1751 1003 1802 atque
1026 1740 1268 1785 vastissima
1287 1777 1296 1795 ‚
1335 1751 1593 1787 naturarum
1618 1751 1661 1786 et

281 1809 525 1855 studiorum
551 1810 831 1860 distinctione
855 1811 1024 1856 sublata
1043 1848 1052 1866 ,
1073 1811 1273 1856 voluntas
1291 1810 1532 1874 primorum
1558 1829 1660 1874 pos-

282 1881 382 1927 teris
396 1899 437 1926 se
455 1882 695 1941 ingenuisse
716 1882 901 1929 dicatur.
915 1883 997 1928 Cui
1018 1883 1148 1928 errori
1173 1882 1426 1927 obluctatur
1443 1882 1661 1946 quidquid

282 1951 326 1997 in
349 1950 479 2001 rebus
497 1963 573 1998 est.
599 1954 836 2016 Nunquam
867 1953 899 1998 si
925 1953 1103 2016 quidem
1126 1953 1204 1998 filii
1224 1952 1481 1998 disertorum
1502 1969 1662 1998 venus-

284 2032 412 2067 tatem
441 2023 544 2067 artis
566 2035 760 2085 paternae
781 2023 826 2068 in
853 2024 1071 2084 vagitibus
1101 2023 1368 2078 attulerunt,
1387 2034 1463 2069 aut
1493 2023 1661 2069 soboles

277 2093 542 2139 histrionum
564 2094 706 2140 doctis
727 2095 918 2141 motibus
939 2096 992 2141 ad
1014 2096 1148 2142 verba
1174 2113 1228 2141 m
1222 2112 1327 2140 inus
1356 2095 1558 2140 tetendit.
1581 2112 1660 2140 nec

277 2164 539 2211 bellatmum
571 2165 649 2211 filii
677 2167 827 2212 tubam
868 2168 1035 2231 populo
1062 2177 1373 2245 poposcerunt.
1403 2166 1527 2212 licet
1573 2167 1658 2212 hac

277 2236 416 2281 forma
436 2272 447 2291 ‚
485 2236 677 2299 exempla
719 2238 913 2283 omnium
953 2239 1154 2301 persequi
1197 2238 1381 2283 clariori
1423 2238 1660 2283 tonitribus

280 2307 569 2357 concinentia.
601 2308 904 2371 Respondebit
932 2309 1210 2361 universitas,
1245 2308 1349 2354 alios
1379 2325 1464 2354 esse
1489 2319 1658 2354 naturae

274 2377 452 2432 limites,
473 2378 577 2424 alios
595 2379 857 2433 voluntatis3
878 2380 1236 2444 conditionesque
1258 2378 1470 2429 seminum
1491 2378 1658 2425 studio-

274 2465 367 2494 rum
408 2449 677 2512 appetitibus
717 2451 886 2512 pcrvias
922 2469 1008 2497 esse
1046 2468 1131 2497 non
1171 2468 1310 2514 posse.
1341 2449 1655 2497 Bardissimum

271 2519 416 2583 itaque
437 2529 479 2566 et
501 2519 711 2583 depositae
731 2521 978 2569 stoliditatis
997 2523 1204 2586 apparuit
1222 2559 1233 2578 ,
1261 2521 1434 2575 credere
1461 2537 1648 2569 conver-

319 2603 328 2624 ¹
347 2605 438 2634 Rom.
459 2615 508 2641 iv,
534 2614 562 2634 x.
