1863 3262
363 250 452 282 QQO
788 249 821 280 S.
866 250 1108 281 AUGUsTtNi
1146 250 1349 281 EPISCOPI

358 314 501 361 dicere
519 313 616 369 ista,
649 313 682 359 si
702 324 838 377 potes.
867 315 998 372 Quod
1017 318 1051 363 si
1071 334 1155 362 non
1180 316 1336 372 audeS‚
1375 333 1454 362 cur
1486 335 1572 364 non
1595 319 1741 382 potius

360 385 415 430 ad
430 385 528 440 1103,
545 402 568 429 a
583 385 745 447 quibus
765 403 842 446 ego
861 403 947 431 non
968 388 1138 442 recedo,
1161 399 1206 432 tu
1226 387 1337 432 redis
1354 390 1372 432 ,0
1397 392 1487 433 Cur
1501 407 1567 434 me
1589 390 1736 436 admo-

360 472 451 509 nes,
475 465 522 500 ut
552 455 604 500 ad
626 456 866 502 catholicos
885 468 1095 503 transeam
1122 462 1140 504 ἱ)
1168 460 1279 503 Ecce
1313 458 1528 504 catholica
1549 459 1735 516 lumina,

361 525 510 571 oculos
533 527 650 589 aperi
681 545 691 572 :
722 537 769 572 tu
790 527 843 573 ad
880 528 982 574 istos
1022 529 1171 585 transi,
1205 529 1364 592 quibus
1390 530 1670 576 calumniaris
1697 530 1742 577 in

360 613 452 649 me3
480 606 522 641 et
539 597 746 642 continuo
766 608 804 643 te
821 615 1066 661 compesces
1088 609 1216 662 atque
1230 599 1499 646 obtumesces
1521 619 1541 646 a
1558 618 1637 648 me.

426 667 625 714 LXXIV.
658 671 758 714 JUL.
789 689 808 709 α
853 669 1064 724 Quamvis
1088 686 1177 713 non
1219 669 1401 714 audeam
1427 672 1739 732 pronuntiare,

361 736 533 797 ingenio
557 749 596 783 te
618 739 819 784 affectum
844 741 933 784 acri
959 750 1000 784 et
1027 739 1165 799 vigili,
1191 743 1315 798 cujus
1341 740 1385 784 in
1426 741 1631 787 electione
1648 759 1744 788 sus-

363 807 554 871 cipiendi
576 809 735 869 negotii
758 809 883 855 video
902 820 990 854 tam
1014 810 1188 855 tardum
1204 827 1251 855 ac
1270 810 1705 870 deformejudicium.
1723 833 1744 854 ›>

430 880 547 926 AUG.
575 880 656 925 Dic
677 880 790 926 tardi
824 881 994 941 ingenio
1035 880 1151 926 unde
1169 892 1411 926 nascuntur
1437 900 1447 927 ε
1471 898 1608 945 neque
1632 882 1744 928 enim

361 947 458 994 talis
476 960 538 994 est
565 949 702 995 Adam
724 951 862 997 factus
893 969 903 996 ε
927 951 1003 1014 qui
1027 968 1115 996 non
1135 951 1198 998 vis
1223 968 1300 1014 per
1327 955 1419 1011 ejus
1445 963 1675 1015 peccatum
1700 953 1746 997 in

364 1017 551 1064 deterius
573 1020 813 1066 humanam
848 1032 1060 1066 mutatam
1086 1021 1213 1067 fuisse
1241 1034 1467 1077 naturam3
1501 1033 1542 1070 et
1571 1023 1658 1069 hoc
1691 1021 1745 1068 ad

365 1089 510 1134 omnia
534 1090 637 1135 vitia
660 1107 761 1154 quae
783 1091 1029 1154 patiuntur,
1052 1092 1198 1136 obesse
1217 1093 1511 1139 nascentibus.

431 1160 607 1206 LXXV.
650 1162 752 1207 Jm.
781 1182 800 1201 «
830 1161 875 1205 Si
909 1161 1022 1206 enim
1055 1161 1394 1207 incolumissima
1435 1161 1520 1207 fide
1557 1160 1748 1207 scholari

366 1247 485 1277 more
510 1232 564 1278 acl
601 1233 887 1279 ostendendas
915 1233 1217 1279 tantummodo
1233 1234 1488 1279 eruditionis
1513 1244 1599 1279 tuae
1617 1234 1744 1290 vires,

364 1317 413 1346 ea
428 1313 610 1349 tentares
632 1321 732 1366 quae
753 1315 854 1350 sunt
871 1305 1033 1349 invicta
1058 1315 1290 1349 concutere
1309 1324 1319 1357 ;
1344 1305 1468 1349 finito
1490 1315 1633 1349 tamen
1650 1321 1747 1349 cer—

366 1372 539 1418 taminis
559 1373 749 1430 ludicro,
776 1375 843 1420 his
870 1375 1030 1437 quibus
1057 1374 1363 1437 obloquebaris
1399 1374 1590 1437 palmam
1615 1374 1749 1420 datu-

365 1459 469 1497 rus3
502 1445 787 1507 probaremus
823 1445 1065 1490 litterarum
1100 1445 1323 1499 studium,
1351 1445 1425 1490 sed
1459 1444 1748 1504 irreligiosum

365 1514 674 1574 castigaremus
698 1515 958 1579 exemplum.
983 1520 1118 1561 Porro
1144 1532 1244 1561 cum
1270 1515 1430 1575 dogma
1464 1532 1543 1561 nec
1573 1516 1663 1560 veri
1686 1515 1749 1560 si-

365 1584 626 1631 militudinis
650 1597 861 1649 corrupto
887 1586 1036 1632 saltem
1057 1585 1201 1631 colore
1219 1585 1462 1648 perfusum,
1480 1584 1597 1649 quod
1619 1584 1750 1629 nullis

367 1655 471 1716 legis
496 1658 772 1715 testimoniis,
803 1660 994 1723 (quippe
1018 1675 1243 1722 nunquam
1269 1658 1428 1703 rationi
1449 1657 1750 1720 piajudicail-

366 1727 526 1790 tibus),
546 1732 723 1792 potestis
745 1732 873 1785 tueri,
893 1742 934 1776 et
956 1731 1040 1776 hoc
1057 1741 1199 1775 tamen
1217 1730 1438 1792 impietate
1453 1747 1527 1774 sua
1546 1729 1746 1785 horrens,

366 1799 546 1846 stultitia
568 1805 734 1860 jacens,
758 1819 970 1864 nusquam
1008 1801 1087 1847 nisi
1112 1802 1224 1846 inter
1250 1800 1427 1859 inguina
1450 1800 1746 1856 voluntatum,

365 1869 610 1925 honestate,
636 1872 947 1935 disputatione,
971 1888 1176 1935 sacraque
1196 1871 1287 1930 lege
1304 1870 1569 1926 confossum,
1591 1872 1748 1933 turpis-

365 1940 472 1985 sima
490 1940 782 1987 obstinatione
823 1942 1016 1998 secteris3
1055 1941 1337 2004 consequitur
1362 1957 1409 1984 ex
1434 1940 1573 1985 tribus
1593 1957 1748 1995 unum,

366 2021 415 2056 ut
438 2021 508 2056 aut
533 2012 730 2074 plumbei
754 2012 809 2058 ad
828 2012 1162 2072 intelligendum
1192 2010 1420 2065 acuminis,
1452 2020 1525 2055 aut
1548 2009 1750 2056 maleficii

366 2081 479 2127 illius
497 2082 616 2144 quod
636 2083 983 2128 Manichaeorum
1007 2081 1220 2144 mysteriis
1247 2080 1401 2133 teneri,
1432 2079 1563 2124 fando
1583 2079 1753 2142 accepi-

366 2168 480 2208 mus,
498 2164 687 2209 catenaS‚
714 2164 789 2198 aut
811 2165 1046 2215 utrumque
1064 2151 1192 2197 simul
1210 2149 1614 2213 perpetijudiceris.

438 2225 552 2270 Auo.
583 2223 870 2280 Quantolibet
907 2223 1085 2269 rationis
1127 2221 1303 2266 nomine
1326 2230 1478 2265 contra
1507 2220 1751 2266 testimonia

368 2292 533 2349 divina,
558 2311 659 2357 quae
680 2294 939 2357 proferimus
966 2293 1066 2348 tibi,
1093 2307 1288 2355 pugnare
1323 2289 1525 2345 videaris,
1564 2306 1652 2336 non
1675 2290 1748 2337 illa

368 2364 610 2418 snbvertis3
637 2365 711 2410 sed
746 2376 784 2410 te
813 2375 985 2420 vexant,
1014 2379 1115 2409 cum
1143 2371 1292 2408 contra
1320 2360 1545 2405 stimulum
1591 2360 1744 2408 calces.

375 2435 475 2492 Dic,
506 2447 720 2499 quantum
741 2446 880 2500 potes,
906 2436 1018 2482 inter
1034 2433 1220 2494 {inguina
1253 2431 1549 2486 voluntatum,
1570 2432 1643 2494 qui
1670 2433 1753 2478 tibi

368 2505 493 2563 dicit,
523 2518 738 2570 expertem
753 2524 941 2569 nonflesse
962 2505 1127 2560 delicti,
1146 2504 1372 2566 utriusque
1396 2518 1514 2547 sexus
1536 2501 1753 2547 commix-
