1824 3236
165 209 321 238 ovinus
356 208 620 238 invisurncri
657 206 833 236 CONTRA
868 206 1117 247 antimum,
1156 208 1244 238 Llss.
1289 209 1329 239 v.
1397 193 1484 248 [121

116 273 198 320 tibi
213 274 369 320 hoedos
392 274 572 321 sinistrae
584 275 720 336 partis
745 274 1000 332 objecerim,
1026 291 1135 338 quos
1150 291 1284 337 usque
1301 275 1346 320 in
1359 275 1492 322 finem

114 344 205 390 sine
226 345 484 409 poenitentia
508 345 701 391 victuros
722 344 766 388 in
798 344 1022 406 impietate
1047 356 1088 390 ct
1117 344 1349 390 sceleribus
1370 345 1457 391 suis
1475 382 1487 402 ‚

113 432 164 461 ac
185 434 264 479 per
278 417 367 462 hoc
393 426 554 462 aeterno
570 414 790 478 supplicio
809 415 1072 477 puniendos,
1086 416 1286 476 ignorare
1304 434 1391 462 non
1405 434 1492 480 po-

112 495 193 532 test
220 486 428 550 praescius
465 488 665 531 omnium
695 485 975 531 futurorum?
1003 487 1090 531 Nec
1116 487 1171 531 ab
1211 486 1270 531 eis
1306 487 1493 533 abstinet

110 557 276 603 bonum
302 556 530 602 creationis
548 572 663 609 suae,
693 555 855 618 quibus
886 572 964 600 nec
991 556 1110 601 nasci
1140 556 1385 619 expediret3
1411 573 1491 602 nec

109 626 277 672 bonum
303 626 554 672 nutritionis
580 636 623 670 et
639 625 941 672 vivificationis
965 642 1053 671 suae
1071 663 1081 681 ‚
1107 636 1322 689 quantum
1336 627 1372 672 ei
1395 626 1491 690 pla-

108 697 264 753 cuerit,
286 697 508 743 diuturnae
526 733 537 752 ‚
563 695 725 759 quibus
747 696 854 741 mori
875 697 1135 759 quantocius
1154 696 1401 760 expediret:
1424 697 1491 742 in-

108 777 173 812 ter
195 767 317 829 quod
343 778 446 813 sunt
471 777 584 813 certe
615 766 795 831 plurimi
816 803 826 821 ,
853 767 930 830 qui
954 766 987 811 si
1010 783 1057 812 ex
1080 765 1167 811 hac
1199 767 1290 813 vita
1311 767 1491 830 abripe-

105 848 258 883 rentur
297 837 506 893 infantes,
553 837 794 882 secundum
835 836 985 882 falsam
1028 847 1214 884 vestram
1256 837 1456 883 haeresim
1476 874 1489 894 ,

105 907 278 971 penitus
304 908 360 952 ab
375 907 495 952 omni
515 927 526 960 ;
555 907 797 953 secundum
818 918 962 953 autem
985 907 1253 953 catholicam
1279 907 1411 953 fidem
1426 944 1438 964 ,
1466 924 1491 954 a

106 977 384 1023 damnatione
402 977 653 1037 gravissima
676 978 943 1025 tollerentur.
977 978 1098 1035 Quid
1117 977 1275 1023 deinde
1287 977 1400 1024 illud
1414 988 1490 1036 est,

102 1048 223 1112 quod
247 1047 295 1093 in
319 1047 390 1093 his
415 1047 598 1093 sinistrae
620 1049 758 1110 partis
792 1048 939 1094 hoedis
958 1086 969 1104 ,
1007 1049 1052 1094 in
1077 1049 1160 1093 Dei
1183 1048 1458 1112 praescientia
1473 1086 1487 1106 ‚

104 1135 204 1183 quae
229 1118 321 1165 falli
347 1135 435 1164 non
453 1129 615 1182 potest,
634 1119 951 1183 igniperpetuo
977 1119 1217 1175 destinatis,
1241 1118 1370 1165 multi
1388 1130 1492 1166 sunt

103 1189 178 1251 qui
201 1189 377 1237 lavacro
407 1189 741 1249 regenerationis
782 1190 949 1247 abluti,
986 1201 1135 1254 postea
1169 1189 1236 1235 vel
1270 1189 1488 1253 apostasia

100 1270 313 1322 pereunt,
343 1259 411 1306 vel
436 1270 524 1305 tam
545 1259 789 1305 facinorose
814 1260 1110 1324 flagitioseque
1140 1260 1324 1316 vivunt,
1350 1270 1399 1305 ut
1420 1260 1485 1307 ei-

101 1330 202 1376 dem
238 1330 423 1376 sinistrae
461 1331 550 1376 sine
587 1330 726 1375 dubio
768 1330 1062 1394 deputentur3
1101 1348 1180 1376 nec
1218 1330 1483 1393 rapiuntur,

98 1401 213 1446 sicut
233 1400 431 1464 quidam,
457 1418 511 1446 ne
534 1400 699 1445 malitia
723 1411 863 1447 mutet
884 1401 1152 1447 intellectum
1173 1400 1366 1447 eorum1.
1393 1403 1484 1448 Ne-

100 1487 185 1533 que
206 1481 255 1516 ut
277 1471 365 1517 hoc
389 1470 447 1516 eis
471 1471 587 1516 Deus
610 1481 698 1516 tam
722 1488 931 1531 magnum
948 1472 1210 1518 beneficium
1227 1489 1316 1517 non
1334 1471 1481 1518 conse-

100 1551 190 1597 rat,
213 1541 334 1587 fatali
349 1541 600 1587 necessitate
619 1540 884 1604 prohibetur
901 1562 912 1596 3
940 1559 1079 1605 neque
1093 1553 1142 1587 ut
1160 1541 1252 1587 aliis
1267 1540 1479 1599 conferat,

98 1628 381 1674 personarum
419 1611 671 1675 acceptione
697 1622 906 1659 mutatur.
941 1612 1063 1668 Quid
1098 1611 1173 1656 hic
1209 1610 1376 1656 faciunt
1406 1611 1483 1658 illa

98 1692 173 1727 tua
196 1683 421 1745 possibilia
444 1693 487 1728 et
510 1682 768 1738 necessaria,
797 1699 896 1746 quae
920 1682 1149 1742 diligenter
1175 1681 1482 1741 distinguenda

98 1756 407 1816 commendas,
448 1756 529 1802 ubi
553 1766 594 1802 te
624 1756 840 1802 nesciente
862 1756 972 1820 quid
1009 1756 1223 1819 loquariS‚
1252 1755 1376 1800 novit
1406 1755 1480 1802 ille

96 1826 204 1890 quid
224 1837 341 1887 agat,
365 1830 489 1887 cujus
509 1825 682 1872 occulta
705 1837 890 1889 possunt
911 1844 997 1872 esse
1008 1826 1196 1886 judicia,
1218 1825 1377 1884 injusta
1389 1842 1479 1871 non

96 1908 293 1960 possunt.

164 1969 262 2014 Non
299 1979 362 2014 est
380 1968 517 2029 igitur
534 1968 770 2028 injustum,
799 1979 847 2014 ut
875 1969 995 2014 bona
1016 1967 1298 2014 conferantur
1318 1966 1442 2013 malis
1463 1985 1475 2012 ι

95 2038 170 2084 sed
204 2040 414 2098 injustum
443 2050 532 2096 est,
570 2049 618 2085 ut
656 2039 768 2085 mala
805 2040 1062 2100 ingerantur
1084 2039 1227 2086 bonis.
1270 2038 1353 2085 Dic
1377 2055 1479 2099 ergo

94 2126 181 2172 qua
222 2110 392 2169 J'ustitia
417 2110 593 2174 parvuli
623 2121 743 2156 tanta
779 2110 893 2156 mala
930 2110 1157 2174 patiantur
1184 2129 1195 2156 ι
1235 2126 1337 2174 quae
1364 2126 1481 2174 saepe

96 2196 441 2227 commemorare
462 2199 540 2228 nos
564 2182 709 2246 piget3
731 2199 806 2228 vos
829 2198 931 2229 Vero
955 2181 1105 2228 eadem
1127 2180 1239 2227 mala
1257 2179 1478 2244 paradiso,

95 2250 222 2296 etiam
249 2253 283 2298 si
311 2270 436 2298 nemo
460 2263 704 2317 peccasset,
742 2252 982 2317 importare
1017 2270 1106 2299 non
1129 2251 1302 2316 pudet?
1338 2271 1360 2292 «
1380 2250 1481 2295 Non

94 2333 316 2379 creantur,
344 2334 393 2370 ut
418 2323 545 2380 dicis,
583 2324 713 2379 mali,
733 2345 753 2366 ›>
786 2324 872 2370 hoc
896 2335 989 2381 est,
1016 2323 1234 2370 trahentes
1268 2319 1479 2381 originale

93 2404 324 2456 peccatum
343 2412 353 2440 :
377 2411 465 2458 qua
482 2395 615 2456 igitur
627 2395 798 2456 justitia
821 2406 1084 2459 premuntur
1105 2394 1225 2455 gravi
1237 2396 1345 2454 jugo
1372 2390 1478 2437 adie

92 2465 226 2511 exitus
240 2465 294 2512 de
311 2477 458 2514 ventre
478 2468 628 2513 matris
643 2484 792 2514 eorum
808 2468 825 2496 ²
848 2470 865 2514 Ρ
891 2469 942 2514 In
963 2485 1055 2533 quo
1078 2471 1184 2528 jugo
1199 2474 1321 2513 tanta
1344 2462 1477 2511 mise-

141 2548 150 2570 ¹
173 2552 436 2592 Sap.1v,11.—-—
454 2550 469 2573 2
483 2550 579 2583 Eccli.
599 2562 651 2590 xc,
674 2562 700 2582 1.
