1863 3262
158 307 314 339 OPERIS
351 305 609 338 IMPERFECTt
649 305 822 336 CONTRA
860 305 1104 349 ,ΠΙΗΛΝΙΥΜ3
1146 309 1233 341 Ltss.
1280 310 1348 341 111,
1400 309 1478 341 191

108 372 297 420 Proinde
315 371 553 418 secundum
581 370 897 426 manichaeum,
925 388 1011 416 non
1036 389 1220 437 corpora
1239 376 1489 439 quaeipsius

107 455 236 500 sunt,
269 443 342 490 sed
383 446 546 488 animas
577 443 714 486 bonas
744 459 844 505 quae
875 442 1011 505 ipsius
1044 460 1132 489 non
1168 457 1296 501 sunt,
1333 447 1494 493 dicitur

108 513 310 562 diabolus
324 512 550 577 aucupari.
593 511 676 557 sed
698 511 804 557 fides
836 522 981 557 nostra
1006 513 1174 560 bonum
1200 516 1339 562 Deum
1375 535 1491 564 crea-

108 595 244 631 torem
266 595 309 631 et
325 584 567 630 animarum
587 593 629 628 et
655 599 888 646 corporum
910 583 1044 630 novit.

174 654 389 702 CLXXV.
431 658 525 699 JUL.
570 652 621 716 (a
649 653 752 698 Sive
777 670 856 716 per
879 653 1038 711 visum,
1073 656 1163 701 sive
1205 674 1283 719 per
1306 667 1488 714 tactum,

108 727 196 775 sive
211 744 288 790 per
312 725 511 772 auditum
529 724 566 780 1,
598 724 687 771 sive
712 742 791 787 per
805 724 1056 782 odoratum,
1080 727 1167 774 sive
1194 745 1272 791 per
1297 740 1485 788 gustum.

109 797 231 844 Tolle
265 796 454 860 denique
480 795 681 856 malignae
716 796 849 856 hujus
872 796 1018 859 stirpis
1049 797 1259 854 radicem,
1282 810 1325 844 et
1349 800 1492 845 statim

109 878 151 914 te
173 868 312 932 ipsam
341 866 577 931 spiritalem
605 866 927 930 contemplaris.
960 867 1098 914 Radix
1124 869 1236 915 enim
1263 869 1323 916 ait
1348 870 1495 934 Scrip-

74 942 78 947 ’
109 949 225 994 tura,
253 938 448 984 omnium
472 937 685 984 malorum
711 938 1083 1001 concupiscentia.
1105 940 1119 1002 )
1145 939 1273 986 Vides
1287 958 1375 1004 quo
1403 942 1497 1005 spi-

107 1010 246 1056 rituet
264 1019 445 1073 propter
461 1008 582 1072 quod
600 1008 758 1069 dogma
783 1010 1056 1056 Manichacus
1081 1011 1490 1075 concupiscentiam

108 1079 250 1126 carnis
266 1079 466 1134 incessat,
492 1079 607 1125 hanc
632 1078 781 1125 dicens
798 1097 884 1125 esse
907 1079 1044 1140 legem
1064 1082 1254 1144 peccati,
1298 1099 1398 1146 quae
1415 1083 1447 1129 si
1472 1102 1495 1129 a

109 1149 372 1213 corporibus
401 1149 656 1205 auferretur,
685 1149 921 1213 spiritalem
948 1167 990 1196 se
1032 1152 1120 1197 filia
1143 1155 1253 1212 ejus,
1282 1152 1335 1197 ad
1363 1170 1495 1216 quam

109 1219 280 1274 scribit,
308 1219 468 1267 factam
488 1220 669 1268 videret.
721 1221 864 1277 Quam
891 1222 1141 1284 opinionem
1163 1223 1326 1286 quibus
1351 1226 1496 1286 Apos-

114 1290 190 1338 toli
204 1291 372 1337 nitatur
387 1291 644 1337 confirmare
663 1291 883 1337 sententiis
903 1291 1133 1339 audiamus
1147 1293 1164 1321 2
1183 1310 1193 1337 ι
1221 1293 1238 1354 (
1256 1293 1369 1338 Caro
1383 1294 1497 1339 enim

110 1360 361 1408 adversatur
380 1360 552 1424 spiritui
570 1397 580 1415 ,
607 1362 710 1424 quia
730 1360 819 1407 filia
845 1362 1214 1426 concupiscentiae
1234 1373 1322 1417 est3
1348 1374 1390 1409 et
1402 1364 1497 1428 spi-

108 1431 217 1479 ritus
232 1431 371 1487 carni,
394 1432 496 1494 quia
508 1430 623 1476 filius
648 1432 804 1477 animae
822 1430 932 1494 est.)
964 1454 984 1474 >)

176 1505 289 1550 Auo.
314 1502 705 1549 Duassubstantias
725 1502 770 1548 in
808 1502 952 1548 verbis
990 1503 1189 1567 Apostoli
1224 1505 1496 1551 Manichacus

111 1573 336 1638 opinatur,
357 1590 487 1619 unam
514 1573 696 1629 bonam,
717 1572 896 1618 alteram
922 1573 1078 1619 malam
1107 1592 1117 1619 ε
1143 1591 1231 1620 non
1254 1592 1384 1620 unam
1412 1576 1499 1621 bo-

111 1662 212 1691 nam
228 1643 534 1700 substantiam,
562 1654 604 1689 et
625 1642 803 1690 alteram
827 1644 959 1690 bonae
973 1644 1228 1692 substantiae
1256 1646 1424 1701 vitium,
1452 1663 1498 1692 ex

111 1714 246 1779 primi
267 1713 458 1760 hominis
483 1724 664 1777 peccato
689 1715 960 1774 generatione
989 1726 1263 1762 contractum
1283 1755 1293 1772 ,
1321 1717 1499 1763 secundi

113 1785 306 1832 hominis
319 1785 488 1845 justitia
509 1786 828 1845 regeneratione
854 1786 1124 1832 sanandum:
1153 1788 1273 1851 quod
1291 1799 1332 1834 et
1350 1799 1500 1833 contra

114 1855 398 1913 Manichaeos,
417 1867 460 1902 et
483 1866 635 1902 contra
655 1873 747 1913 vos,
773 1867 979 1920 tanquam
995 1857 1328 1904 invictissimum
1347 1858 1498 1911 telum.

115 1926 335 1973 catholica
359 1927 467 1975 fides
492 1927 658 1974 fortiter
673 1928 800 1986 jacit,
827 1939 869 1974 et
887 1938 1095 1991 utrosque
1115 1930 1364 1992 prosternit.

182 1997 420 2046 CLXXVI.
462 1999 561 2045 JUL.
605 1998 849 2058 «Intelligis
902 2009 1082 2044 retectas
1129 2016 1215 2044 esse
1262 1999 1502 2045 Manichaei

116 2067 331 2128 dogmatis
351 2067 585 2121 medullas,
611 2067 774 2131 quibus
799 2068 904 2114 fides
926 2079 1066 2114 vestra
1091 2070 1344 2117 concrescit.
1376 2071 1504 2115 Jam-

116 2155 217 2186 vero
238 2155 331 2194 nos,
363 2138 407 2184 id
434 2150 512 2194 est,
547 2138 787 2185 catholicos
821 2139 962 2203 pergit
988 2157 1176 2200 arguere.
1216 2141 1387 2202 (Quare
1406 2140 1505 2186 vide

117 2226 250 2274 quam
267 2209 388 2256 stulti
415 2220 533 2265 sunt,
556 2211 630 2274 qui
658 2210 812 2256 dicunt
835 2211 920 2257 hoc
954 2212 1208 2271 figmentum
1224 2230 1246 2257 a
1274 2214 1363 2257 Deo
1386 2212 1502 2257 bono

119 2296 207 2326 esse
224 2278 471 2337 conditum,
499 2280 620 2343 quod
644 2281 751 2326 certi
776 2292 878 2328 sunt
903 2299 925 2327 a
947 2282 1105 2345 spiritu
1136 2283 1507 2347 concupiscentiae

119 2349 236 2411 gigni
260 2349 292 2397 ¹⁹³.
314 2357 362 2412 »J

186 2422 300 2467 Aue.
332 2421 382 2466 In
409 2420 496 2467 hoc
524 2439 546 2467 a
567 2422 828 2468 Manichaeis
869 2421 997 2468 simul
1023 2423 1270 2483 arguimur,
1298 2434 1340 2469 et
1370 2441 1444 2470 vos
1467 2434 1508 2470 et

120 2508 228 2548 nos,
259 2491 469 2555 quoniam
503 2493 760 2552 figmentum
795 2493 937 2539 carnis
974 2511 996 2538 a
1044 2494 1136 2539 Deo
1176 2494 1295 2539 bono
1331 2495 1505 2557 utrique

122 2560 348 2607 conditum
374 2559 559 2608 dicimus
577 2581 587 2608 ε
606 2563 811 2627 spiritum
826 2579 927 2610 vero
948 2563 1332 2627 concupiscentiae,
1352 2565 1504 2611 Mani-

173 2645 183 2667 ¹
204 2643 346 2678 Manich.
364 2644 457 2687 epist.
474 2663 517 2669 —
538 2644 553 2668 2
578 2646 661 2680 Ibid.
683 2662 726 2670 -—
742 2643 756 2669 3
777 2645 862 2680 Ibid.
