1824 3236
299 234 391 295 99ss
719 246 754 276 S.
802 245 1043 278 mausum
1080 245 1284 278 Episcom

295 316 455 362 virtute
479 331 489 358 :
527 313 663 359 virtus
697 313 808 359 enim
835 324 904 359 tua
932 314 1116 373 justitias·
1144 314 1318 360 initium
1346 325 1421 363 est.
1451 336 1471 356 c<
1489 317 1672 381 Astipu-

294 386 412 431 latur
436 395 548 431 certe
566 385 788 430 communi
812 385 1080 447 prudentum
1102 386 1287 440 rationi,
1310 386 1411 449 quia
1438 388 1674 434 maximum

292 456 337 503 in
365 458 455 502 Deo
479 457 649 516 signum
678 457 846 516 justitia
873 457 953 513 sit,
977 474 1106 521 quam
1130 458 1403 503 Manichaeus
1419 495 1428 512 ‚
1447 469 1488 504 et
1507 459 1676 506 Tradu-

292 528 444 574 cianus
465 528 583 573 omni
602 538 762 573 conatu
782 528 1030 574 fabularum
1055 545 1229 574 suarum
1246 540 1465 592 pernegat.
1491 551 1511 572 »

362 601 475 645 Arc.
505 600 557 644 In
580 599 869 645 conviciando
896 599 967 645 cui
1000 610 1039 646 te
1060 599 1203 646 dicam
1226 601 1405 646 similem
1422 638 1431 656 ,
1456 602 1537 647 nisi
1556 601 1674 648 tibi?
1699 602 1703 606 ’

294 670 337 715 Si
363 680 506 715 autem
528 670 734 734 saperetis
759 671 898 716 Deum
925 674 1196 730 essejustum
1215 706 1225 725 ‚
1260 688 1485 735 nunquam
1515 689 1676 732 congc-

293 741 383 787 nita
404 741 504 786 vitia
527 778 537 796 ‚
566 741 632 787 vel
654 743 850 804 corporis
871 742 1055 786 humani
1076 778 1086 796 ‚
1111 740 1178 785 vel
1205 742 1336 786 animi
1356 779 1367 797 ,
1394 759 1494 805 quae
1523 760 1677 803 negare

296 829 385 858 non
421 814 626 876 potestis,
662 813 909 858 tribueretis
950 811 1127 875 opificio
1163 815 1278 871 ejus,
1310 812 1382 858 sed
1407 813 1601 873 judicio3
1637 823 1679 858 et

292 883 400 929 hinc
420 883 627 943 originale
648 894 894 946 peccatum,
915 883 1001 928 sive
1017 891 1193 945 peccata
1210 881 1248 938 1,
1270 882 1577 943 intelligeretis,
1591 900 1679 928 non

294 956 520 1015 negaretis,

364 1025 566 1071 CXXXI.
598 1025 697 1070 JUL.
743 1045 763 1064 «
788 1023 986 1086 Denique
1010 1034 1110 1087 post
1142 1023 1373 1086 paululum
1399 1024 1595 1086 sequitur
1619 1041 1630 1068 ε
1660 1045 1680 1065 »

299 1095 403 1141 Illos
422 1095 536 1141 enim
561 1094 813 1154 castigando
833 1131 842 1149 ‚
868 1094 999 1139 bonae
1017 1095 1107 1157 spei
1132 1094 1270 1139 fecisti
1300 1093 1410 1139 filios
1432 1105 1551 1150 tuos,
1573 1111 1683 1158 quo-

300 1167 414 1214 niam
437 1166 664 1227 judicans,
689 1166 764 1211 das
799 1166 844 1210 in
877 1165 1068 1228 pcccatis
1103 1165 1250 1210 locum
1285 1165 1604 1228 poenitentiae2.
1637 1166 1683 1211 Si

294 1238 414 1284 enim
441 1237 638 1283 inimicos
671 1253 889 1282 servorum
927 1246 1102 1281 tuorum
1139 1246 1180 1280 et
1215 1236 1342 1280 morti
1382 1235 1552 1281 debitos
1582 1252 1682 1281 cum

301 1318 421 1354 tanto
448 1309 643 1353 cruciatu
667 1307 975 1353 admonitionis
992 1306 1185 1352 liberasti
1202 1343 1211 1359 ,
1239 1305 1345 1351 dans
1370 1316 1539 1370 tempus
1557 1316 1598 1351 et
1615 1305 1684 1351 lo-

303 1398 401 1426 cum
433 1399 508 1444 per
534 1399 662 1445 quem
703 1381 837 1445 possit
868 1381 1029 1426 mutari
1057 1379 1217 1425 malitia
1245 1417 1255 1434 ‚
1283 1396 1382 1424 cum
1422 1390 1584 1442 quanta
1611 1379 1684 1424 di-

303 1454 477 1514 ligentia
505 1455 678 1514 judicas
708 1455 819 1500 filios
849 1465 948 1499 tuos
967 1491 976 1509 ,
1005 1470 1191 1517 quorum
1217 1454 1474 1516 parentibus
1496 1463 1537 1498 et
1562 1457 1684 1512 Jura-

303 1536 447 1570 menta
489 1536 530 1571 et
566 1536 693 1589 pacta
732 1524 888 1570 dedisti
923 1525 1140 1569 bonarum
1176 1523 1684 1586 promissionumPCum

304 1613 405 1656 ergo
434 1597 560 1641 nobis
578 1596 855 1659 disciplinam
876 1595 951 1640 das
974 1595 1171 1640 inimicos
1197 1605 1363 1640 nostros
1385 1594 1687 1658 multipliciter

305 1666 495 1725 flagellas
512 1704 521 1722 ‚
550 1677 596 1711 ut
617 1667 857 1711 bonitatem
880 1676 999 1711 tuam
1020 1666 1257 1725 cogitemus
1273 1665 1528 1725 judicantis,

374 1738 486 1784 Am.
517 1737 663 1793 Quare
689 1738 803 1782 Deus
821 1774 831 1792 ‚
865 1753 965 1781 cum
992 1737 1043 1781 sit
1066 1736 1276 1800 pra-‘scius
1295 1736 1490 1781 omnium
1510 1736 1686 1782 futuro—

306 1825 426 1863 rum,
451 1819 623 1871 tempus
650 1819 691 1853 et
715 1807 860 1853 locum
891 1825 970 1871 per
990 1824 1117 1871 quem
1146 1807 1282 1870 possit
1309 1807 1467 1853 mutari
1492 1808 1683 1863 malitia,

308 1879 476 1924 dederit
509 1879 637 1924 etiam
665 1879 748 1935 eis,
784 1878 838 1924 de
864 1879 1027 1941 quibus
1055 1878 1221 1924 dictum
1247 1888 1364 1934 erat,
1396 1877 1515 1941 quod
1539 1895 1687 1924 eorum

308 1951 512 2010 cogitatio
528 1967 614 1995 non
639 1960 812 2013 poterat
828 1950 985 1996 mutari
1005 1950 1049 1994 in
1068 1960 1348 2013 perpetuum,
1365 1950 1465 1995 satis
1481 1949 1684 2005 ostendit,

303 2022 382 2068 ubi
408 2021 491 2075 ait,
516 2021 655 2066 Bonae
689 2022 778 2084 spei
807 2021 942 2066 fecisti
967 2020 1077 2065 filios
1104 2031 1223 2076 tuos,
1257 2020 1463 2083 quoniam
1483 2020 1690 2080 judicans

306 2093 382 2138 das
408 2095 448 2137 in
475 2093 666 2154 peccatis
695 2093 840 2138 locum
879 2091 1165 2155 poenitentiae.
1205 2090 1269 2136 Ad
1299 2091 1384 2136 hoc
1419 2108 1519 2151 ergo
1559 2091 1689 2137 datur

301 2175 475 2226 tempus
518 2173 560 2207 et
614 2162 734 2207 locus
772 2163 1045 2225 poenitentiae
1085 2161 1212 2206 etiam
1260 2161 1359 2206 filiis
1406 2162 1481 2208 irae
1533 2162 1689 2208 deditis

303 2235 434 2281 morti
455 2271 464 2288 ‚
503 2244 544 2278 et
567 2234 872 2296 poenitentiam
895 2250 982 2278 non
1009 2232 1167 2278 acturis
1186 2269 1196 2287 ‚
1233 2232 1334 2295 quia
1359 2243 1458 2278 sunt
1492 2233 1604 2278 inter
1630 2233 1689 2279 il-

302 2306 366 2352 los
386 2345 395 2359 ,
433 2305 497 2350 vol
536 2305 720 2349 exorturi
749 2315 848 2350 sunt
877 2304 930 2349 dc
950 2304 1033 2349 illis
1067 2303 1145 2349 filii
1167 2303 1501 2359 misericordiae,
1528 2304 1690 2368 quibus

298 2378 386 2423 hoc
413 2380 551 2439 prosit
576 2412 586 2429 ‚
627 2376 746 2438 quod
788 2376 870 2421 illis
900 2393 986 2421 non
1014 2375 1194 2438 profuit.
1228 2376 1378 2438 Itaque
1402 2375 1529 2420 etiam
1560 2393 1690 2439 super

297 2448 408 2494 filios
455 2445 713 2509 perditionis
753 2463 840 2491 non
882 2457 944 2491 est
986 2445 1124 2491 inanis
1169 2445 1247 2489 Dei
1287 2462 1365 2490 nec
1419 2445 1688 2491 infructuosa

303 2517 514 2583 patientia
544 2534 552 2560 :
582 2533 750 2562 necesse
769 2527 830 2562 est
853 2517 966 2562 enim
995 2517 1131 2580 prosit
1157 2517 1232 2572 eis,
1248 2532 1357 2580 quos
1378 2533 1424 2562 ex
1443 2534 1574 2562 massa
1592 2534 1690 2580 per-

344 2604 353 2624 ¹
375 2601 507 2642 supple,
529 2600 696 2633 naturalia,
722 2619 763 2624 -—
779 2600 794 2622 ‘²
813 2604 959 2646 Sap.x11,
983 2613 1035 2642 ις).
