1824 3236
187 220 343 251 ominis
383 220 638 250 [Mi‘muriac'rt
678 218 851 247 CONTRA
888 218 1132 259 summum,
1173 220 1258 249 mn.
1304 221 1343 250 v.
1416 204 1508 259 405

137 287 257 334 dum.
283 287 346 331 De
362 296 474 331 terra
489 284 603 330 enim
622 299 722 328 caro
736 301 746 334 ;
761 281 834 327 sed
861 292 969 327 terra
988 283 1041 329 de
1059 284 1212 331 nihilo.
1232 285 1304 330 Sic
1318 284 1430 330 enim
1445 284 1511 330 di-

136 358 274 404 cimus
296 356 422 401 etiam
450 370 597 399 omnes
614 352 813 398 homines
831 369 917 397 esse
940 353 1050 399 filios
1072 355 1229 410 Adam,
1260 371 1358 401 cum
1375 354 1511 418 patris

135 427 199 473 sui
220 428 402 490 quisque
423 425 477 471 sit
499 424 626 469 filius
657 422 817 469 Omnia
843 433 1000 477 tamen,
1021 441 1120 487 quae
1138 425 1251 471 facta
1269 436 1386 479 sunt,
1414 442 1511 470 mu·

136 498 287 544 tabilia
302 507 419 551 sunt,
438 495 541 558 quia
560 493 613 539 de
627 493 766 540 nihilo
784 493 898 539 facta
916 505 1033 549 sunt,
1052 495 1095 540 id
1113 507 1191 551 est,
1210 513 1295 541 non
1315 497 1509 549 suerunt,

134 578 177 613 et
200 568 290 613 Deo
312 566 495 611 faciente
518 574 642 618 sunt,
667 574 708 608 ct
734 564 849 609 bona
875 575 975 609 sunt
998 582 1007 608 :
1040 583 1061 609 a
1098 567 1216 611 bono
1256 566 1368 610 enim
1398 567 1513 611 facta

134 647 265 695 suflnt;
284 653 363 681 nec
381 635 559 681 omnino
583 646 722 680 essent
739 635 966 680 mutabilia
982 636 1097 680 bona
1114 636 1216 692 ulla,
1239 637 1281 682 in
1298 649 1514 700 (plantum

134 717 251 763 sunt,
268 706 348 751 nisi
365 716 470 752 esset
485 723 507 750 a
523 722 611 769 quo
626 716 894 760 crearentur,
912 705 1185 750 immutabile
1200 707 1380 752 bonum.
1401 707 1515 752 Mala

133 778 267 838 igitur
280 777 443 830 omniu,
472 793 571 839 quae
594 775 707 820 nihil
740 786 840 820 sunt
853 775 971 821 aliud
992 793 1122 838 quam
1154 777 1416 839 privationes
1429 778 1515 822 bo-

134 864 311 904 norum,
329 865 374 892 ex
394 847 519 892 bonis
536 857 627 892 orta
654 857 770 902 sunt,
795 846 868 892 sed
898 846 1210 892 mutabilibus:
1242 858 1283 892 et
1317 847 1515 907 angelum

133 919 299 983 quippe
317 930 359 963 et,
377 918 620 973 hominem,
643 935 689 963 ex
714 918 876 980 quibus
895 928 988 962 orta
1013 928 1114 962 sunt
1134 918 1263 972 mula,
1293 919 1421 982 (quae
1447 928 1517 964 ta-

134 1005 234 1034 men
252 999 295 1034 et
312 1005 399 1034 non
418 988 521 1033 oriri
539 989 798 1051 potuissent,
819 988 851 1032 si
866 987 927 1033 illi
949 1004 1130 1050 peccare
1144 987 1397 1041 noluissent,
1414 987 1518 1052 quia

133 1069 175 1105 et
194 1058 308 1105 nolle
330 1058 614 1123 potuerunt),
638 1069 810 1104 naturas
827 1057 964 1103 bonas
979 1068 1111 1113 recte,
1134 1057 1427 1103 immutabiles
1444 1073 1517 1102 au-

134 1139 218 1175 tem
239 1146 328 1175 non
354 1139 467 1175 recte
491 1145 724 1192 possumus
762 1128 919 1175 dicere.
959 1129 1074 1173 Deus
1113 1145 1213 1173 vero
1251 1138 1336 1173 tam
1370 1128 1513 1173 bonus

132 1210 211 1257 est,
233 1211 280 1246 ut
304 1199 427 1246 malis
450 1216 626 1262 quoque
667 1209 817 1244 utatur
856 1199 985 1253 bene,
1008 1215 1110 1262 quae
1133 1199 1408 1261 omnipotens
1430 1214 1519 1242 esse

133 1288 221 1316 non
242 1270 415 1324 sineret,
444 1270 478 1315 si
497 1271 557 1315 eis
583 1270 692 1314 bene
715 1269 780 1315 uti
805 1285 974 1315 summa
992 1285 1068 1313 sua
1092 1268 1289 1323 bonitate
1306 1284 1393 1312 nou
1417 1284 1517 1330 pos-

133 1350 195 1385 set
216 1358 226 1385 :
259 1351 301 1386 et
323 1340 430 1385 hinc
458 1340 605 1403 potius
624 1339 839 1403 impotens
869 1349 1095 1403 appareret
1122 1349 1163 1384 et
1186 1340 1329 1384 minus
1353 1339 1512 1392 bonus,

134 1427 220 1456 uon
238 1410 422 1457 valendo
446 1410 557 1456 bene
581 1410 643 1455 uti
667 1411 795 1456 etiam
819 1410 948 1456 malo.
972 1409 1162 1455 Proinde
1182 1420 1227 1454 tu
1251 1425 1405 1468 negare
1427 1425 1523 1462 non,

134 1480 299 1536 sineris,
326 1497 425 1526 eum
453 1481 529 1544 qui
556 1480 682 1536 dicit,
701 1480 834 1537 Quod
859 1480 961 1525 noio
988 1480 1150 1526 malum
1176 1480 1261 1525 hoc
1278 1497 1374 1539 ago,
1399 1497 1419 1524 a
1446 1497 1515 1525 ne-

134 1551 314 1597 cessario
342 1555 435 1612 jam
472 1551 637 1597 malum
671 1552 901 1614 sumpsisse
924 1589 935 1607 ,
976 1568 1064 1596 non
1101 1569 1123 1596 a
1159 1550 1370 1614 possibili.
1419 1551 1518 1595 Nou

132 1621 283 1682 igitur,
326 1632 374 1668 ut
398 1622 506 1668 dicis
538 1639 549 1668 ι
579 1644 599 1664 «
626 1622 782 1668 Omnis
807 1622 919 1667 actio
964 1621 1069 1667 mali
1103 1639 1190 1666 non
1212 1640 1232 1667 a
1257 1620 1513 1675 necessario,

137 1692 212 1739 sed
237 1711 258 1738 a
285 1692 510 1756 possibili:
537 1714 557 1735 ›>
581 1709 730 1739 verum
758 1691 968 1737 nonnulla
989 1703 1071 1737 eta
1094 1691 1330 1737 necessario
1356 1690 1516 1753 reperi-

137 1773 219 1810 tur.
267 1762 373 1809 Vide
396 1779 514 1809 nunc
552 1774 601 1809 ut
639 1773 713 1808 tua
748 1762 1017 1808 machinatio
1055 1772 1140 1807 tam
1167 1761 1388 1807 elaborata
1417 1759 1509 1805 col-

133 1834 254 1897 lapsa
271 1833 338 1881 sit.

201 1904 285 1950 Sed
297 1904 511 1968 quaerenti
530 1903 646 1950 unde
658 1903 858 1949 voluntas
876 1902 1049 1948 malain
1064 1902 1242 1948 homine
1260 1903 1404 1966 primo
1415 1901 1517 1949 exti-

132 1974 246 2029 terit,
261 1975 429 2020 cautius
439 1973 700 2037 respondere
710 1984 750 2020 te
763 1984 892 2037 putas
911 1990 921 2017 :
937 1993 954 2013 ε(
971 1974 1033 2018 Ι)6
1047 1983 1168 2018 motu
1181 1973 1329 2027 animi,
1339 1982 1518 2032 cogente

133 2043 255 2090 nullo
280 2062 327 2090 ι»
344 2045 469 2108 quasi
487 2062 576 2090 non
586 2043 714 2090 citius
730 2054 770 2089 et
784 2042 1024 2106 expeditius
1036 2041 1332 2105 responderes,
1358 2044 1421 2087 De
1438 2042 1518 2087 ho-

134 2114 250 2160 mine
270 2114 380 2178 ipso.
415 2114 532 2160 Illud
546 2115 712 2178 quippe
734 2113 854 2177 quod
871 2112 1048 2158 additur
1063 2130 1074 2157 :
1089 2133 1109 2153 «
1127 2116 1272 2172 Cogen
1282 2122 1318 2156 te
1333 2111 1472 2167 nullo,
1498 2132 1516 2155 s,

136 2185 266 2231 etiam
280 2185 357 2231 hic
380 2185 483 2231 addi
502 2202 524 2230 a
545 2195 585 2230 16
600 2185 762 2248 potuit,
785 2182 1006 2228 resistente
1022 2181 1101 2228 tibi
1124 2181 1381 2238 nullo.Quis
1402 2182 1518 2228 enim

139 2256 223 2303 tibi
253 2256 464 2303 resisteret
480 2255 644 2302 dicenti
664 2271 784 2310 vera,
814 2253 848 2298 si
867 2252 1048 2308 diceres,
1096 2252 1210 2297 Mala
1236 2252 1440 2303 voluntas
1472 2253 1518 2299 in

138 2327 316 2375 homine
327 2327 471 2392 primo
482 2326 536 2372 de
551 2325 726 2372 homine
746 2324 993 2388 ipso-extitit
1009 2334 1189 2383 cogente
1201 2321 1322 2368 nullo
1345 2325 1364 2368 Ξ)
1388 2324 1516 2371 Nunc

137 2416 238 2446 vero
258 2399 412 2445 timens
428 2397 609 2460 culpare
629 2407 828 2442 naturam
844 2431 855 2452 ,
878 2405 1087 2457 tanquam
1114 2393 1219 2438 hinc
1242 2393 1286 2439 in
1303 2397 1397 2454 ejus
1412 2411 1516 2440 auc·

137 2482 275 2517 torem
317 2469 406 2516 ulla
428 2477 623 2514 recurrat
652 2466 840 2527 injuria,
873 2476 916 2511 et
946 2463 1067 2529 quod
1102 2463 1178 2509 diu
1214 2463 1406 2520 volebas,
1435 2464 1517 2510 ali-

137 2541 312 2607 quando
336 2540 498 2596 dixisti,
523 2549 565 2584 et
593 2548 784 2584 anatura
805 2554 893 2584 non
926 2535 1147 2582 recessisti.
1176 2533 1358 2581 Animus
1388 2552 1516 2585 nam-
