1863 3262
371 288 462 351 270
795 301 830 329 5.
874 299 1120 331 Aucusrnw
1155 300 1357 331 EI'JSCOPl

371 368 572 414 »minum
601 376 759 413 cuncta
791 366 1020 419 sustinuit;
1062 367 1134 412 sed
1167 367 1291 431 quasi
1321 365 1373 411 de
1408 365 1574 429 Spiritu
1598 377 1748 422 natus,

373 462 392 482 ›>
409 438 653 483 abstinuita
672 448 876 501 peccat03
899 455 1044 482 omnes
1057 439 1170 483 enim
1193 438 1327 483 homo
1349 437 1546 493 mendax,
1573 449 1753 483 etnemo

373 532 394 552 »
413 510 501 555 sine
514 519 696 572 peccato
713 509 791 553 nisi
813 525 924 554 unus
945 509 1073 555 Deus.
1095 510 1322 555 Servatum
1344 520 1404 554 est
1423 509 1572 569 igitur,
1596 509 1754 572 inquit,

374 592 460 627 »ut
483 598 529 626 ex
553 580 646 626 viro
670 590 711 625 et
738 580 934 635 muliere,
967 580 1009 626 id
1039 592 1117 638 est,
1145 598 1222 644 per
1241 580 1358 625 illam
1379 597 1615 643 corporum
1631 597 1756 625 com-

373 675 395 695 »
413 651 680 707 mixtionem,
709 668 835 696 nemo
876 651 1074 697 videatur
1115 669 1263 715 expers
1287 668 1372 696 esse
1393 651 1559 696 delicti:
1583 651 1659 714 qui
1679 667 1757 696 au·-

373 733 494 768 »tem
513 738 661 784 expers
685 721 851 777 delicti,
874 739 1021 785 expers
1055 722 1184 767 etiam
1223 721 1477 781 hujusmodi
1504 721 1758 785 conceptio-

373 817 394 837 »
412 794 477 840 nis
495 792 524 840 ¹.
552 793 672 838 »Ista
693 792 810 838 dicta
825 793 933 838 dicis
945 810 1030 838 esse
1042 792 1287 848 falsissima‚
1303 793 1448 856 eisque
1461 792 1757 839 Maniehaeum

374 866 533 925 dogma
555 863 767 909 nefarium
788 863 1017 910 contineri.
1039 865 1102 909 Ac
1125 880 1205 926 per
1222 863 1309 908 hoc
1329 862 1550 908 Ambrosii
1574 862 1691 908 dicta
1713 873 1760 908 tu

372 933 657 998 reprehendis
675 945 716 979 et
736 934 897 997 polluis
912 954 922 988 3
938 951 1015 994 ego
1040 951 1141 980 vero
1154 933 1227 979 illa
1240 944 1281 979 et
1305 933 1522 980 verissima
1541 933 1758 997 praediCO‚

372 1017 415 1052 et
439 1003 688 1049 Manichaeo
716 1021 805 1049 non
838 1005 978 1050 solum
1000 1022 1086 1050 non
1113 1004 1269 1061 amica,
1306 1021 1456 1050 verum
1482 1014 1523 1049 et
1554 1004 1749 1060 inimica,

372 1076 485 1122 sicut
502 1078 595 1134 jam
617 1073 717 1129 feci,
751 1092 837 1120 esse
870 1075 1134 1122 demonstro.
1168 1076 1258 1134 Ego
1290 1075 1422 1135 igitur
1447 1093 1493 1121 ea
1516 1076 1665 1138 potius
1684 1075 1764 1121 de-

373 1145 522 1201 fendo,
551 1155 592 1190 et
631 1162 653 1189 a
681 1145 765 1190 tuis
789 1145 986 1192 nefandis
1012 1146 1394 1192 criminationibus
1431 1145 1576 1192 deluo.
1604 1147 1764 1191 Utrum

374 1234 475 1278 ergo
498 1216 570 1262 ille
602 1227 747 1262 noster
782 1236 837 1263 an
865 1229 1002 1264 vester
1041 1218 1112 1273 sit,
1152 1228 1195 1263 et
1214 1234 1287 1263 vos
1319 1217 1474 1263 videtis
1513 1235 1523 1262 :
1566 1217 1637 1263 sed
1662 1217 1765 1281 quia

374 1287 575 1333 homines
604 1304 627 1331 a
649 1287 813 1350 quibus
837 1288 1035 1348 diligitur
1054 1325 1064 1343 ‚
1095 1287 1340 1333 formidatis
1358 1325 1368 1344 ‚
1397 1287 1595 1349 profecto
1635 1304 1731 1333 eum
1752 1324 1762 1343 ,

375 1375 507 1422 quem
552 1358 754 1404 atrociter
773 1375 976 1405 accusare
1012 1357 1325 1405 convincimini
1362 1356 1534 1403 fallacia
1569 1373 1767 1403 excusare

377 1444 615 1474 conamini.

446 1499 607 1546 CXXI.
641 1501 737 1546 Jnr„
763 1520 783 1541 c<
811 1498 944 1556 Quod
986 1498 1096 1545 dicis
1121 1499 1157 1544 ei
1194 1498 1444 1544 convicium
1476 1515 1499 1544 a
1539 1498 1769 1545 Joviniano

380 1568 571 1623 factum3
599 1568 645 1613 in
673 1586 760 1633 quo
793 1569 965 1615 mentiri
988 1580 1029 1615 te
1056 1580 1197 1614 tamen
1225 1568 1412 1614 arbitror
1432 1569 1449 1598 2
1476 1586 1486 1614 ε
1509 1568 1581 1615 sed
1601 1586 1771 1615 annua—

381 1656 478 1686 mus
494 1638 560 1686 vel
577 1639 779 1685 Jovinani
799 1651 840 1686 te
864 1640 1189 1686 criminatorem
1213 1657 1363 1686 verum
1390 1657 1475 1685 esse
1493 1657 1634 1704 posse,
1660 1641 1771 1686 Am-

383 1709 670 1774 brosiumque
695 1710 846 1756 abillo
875 1711 1174 1757 Manichaeum
1202 1721 1436 1756 vocatum:
1469 1722 1512 1756 at
1531 1710 1576 1756 id
1606 1721 1774 1756 constat

386 1781 587 1827 insanum
600 1781 743 1828 fuisse.
765 1783 860 1829 Non
878 1782 994 1827 enim
1012 1799 1111 1828 sane
1126 1792 1298 1846 poterat
1315 1781 1589 1827 Manichaeus
1608 1781 1772 1838 vocari,

388 1853 467 1916 qui
488 1853 652 1898 bonam
679 1862 904 1910 naturam,
929 1853 1005 1916 qui
1028 1864 1206 1917 peccata
1231 1852 1476 1900 voluntaria
1496 1889 1506 1908 ‚
1530 1852 1606 1915 qui
1635 1870 1658 1898 a
1682 1854 1774 1897 Deo

389 1923 610 1969 institutas
630 1923 804 1987 nuptias
823 1960 834 1980 ,
873 1925 950 1987 qui
969 1940 992 1967 a
1015 1924 1107 1969 Deo
1129 1923 1221 1968 fieri
1253 1922 1459 1986 parvulos
1483 1922 1769 1986 praedicabat.

391 1994 440 2040 Si
461 2012 561 2054 ergo
581 1994 654 2040 ilie
677 1995 981 2058 praelationem
1003 1994 1264 2054 virginitatis
1296 1993 1551 2057 nuptiarum
1596 2011 1778 2040 accusa·-

392 2066 554 2112 tionem
594 2066 785 2128 putavit,
810 2066 962 2112 nesciit
983 2066 1162 2110 omnino
1194 2064 1302 2128 quid
1340 2065 1517 2111 diceret.
1560 2063 1694 2110 Aliud
1718 2075 1780 2110 est

393 2136 508 2181 enim
528 2135 814 2190 contrarium,
844 2135 963 2180 aliud
982 2135 1250 2180 ordinatum.
1275 2134 1566 2197 Boniquippe
1585 2134 1779 2180 laudatio

395 2205 450 2252 ad
475 2204 653 2251 meliora
676 2205 835 2265 gradus
850 2216 911 2250 est
929 2223 939 2250 ε
966 2204 1191 2251 infamatio
1207 2215 1350 2250 autem
1370 2216 1539 2251 naturae
1557 2205 1610 2251 ad
1633 2207 1779 2251 Mani·

394 2276 570 2321 chaeum
589 2276 659 2323 via
678 2287 754 2323 est.
777 2281 890 2322 Cum
910 2293 1010 2337 ergo
1028 2293 1116 2321 non
1136 2275 1364 2322 damnaret
1391 2277 1644 2322 Ambrosius
1666 2293 1779 2340 nup-

393 2347 497 2401 tias;
518 2364 598 2392 nec
625 2347 977 2393 commixtionem
1003 2351 1100 2407 conj
1110 2363 1241 2408 ugum
1258 2384 1270 2404 ,
1298 2346 1364 2393 vel
1384 2364 1495 2411 opus
1513 2347 1696 2404 diaboli,
1714 2347 1783 2394 vel

394 2418 690 2464 necessitatem
714 2418 877 2464 diceret
899 2435 984 2465 esse
1001 2420 1172 2481 peccati
1201 2436 1211 2463 :
1242 2418 1444 2481 improbe
1462 2417 1564 2464 fecit
1583 2419 1783 2464 Jovinia-

396 2505 495 2546 nus,
528 2500 578 2535 ut
600 2507 699 2536 eum
736 2490 950 2536 conferret
974 2489 1225 2536 Manichaeo
1243 2527 1255 2548 ,
1291 2499 1551 2554 putaretque
1574 2489 1686 2536 nihil
1710 2490 1783 2536 in-

444 2598 455 2620 ¹
476 2595 624 2632 AmlJTOS.
641 2599 672 2633 iu
692 2601 814 2634 isaiam.
831 2618 876 2627 -
893 2599 908 2623 2
926 2599 1009 2633 vide
1024 2599 1082 2633 lib.
1100 2611 1133 2635 2.
1155 2599 1193 2632 de
1211 2602 1310 2644 Nupt.
1328 2606 1357 2632 et
1373 2603 1471 2635 Cone.
1489 2613 1514 2634 c.
1532 2603 1566 2634 5.
