<?xml version="1.0" encoding="UTF-8"?>
<!DOCTYPE html PUBLIC "-//W3C//DTD XHTML 1.0 Transitional//EN"
    "http://www.w3.org/TR/xhtml1/DTD/xhtml1-transitional.dtd">
<html xmlns="http://www.w3.org/1999/xhtml" xml:lang="en" lang="en">
 <head>
  <title>
</title>
<meta http-equiv="Content-Type" content="text/html;charset=utf-8" />
  <meta name='ocr-system' content='tesseract 3.04.00' />
  <meta name='ocr-capabilities' content='ocr_page ocr_carea ocr_par ocr_line ocrx_word'/>
</head>
<body>
  <div class='ocr_page' id='page_1' title='image "./operaomniaaccura37auguuoft/operaomniaaccura37auguuoft_0157.png"; bbox 0 0 1863 3262; ppageno 0'>
   <div class='ocr_carea' id='block_1_1' title="bbox 149 251 1460 313">
    <p class='ocr_par' dir='ltr' id='par_1_1' title="bbox 149 251 1460 313">
     <span class='ocr_line' id='line_1_1' title="bbox 149 251 1460 313; baseline 0.005 -23"><span class='ocrx_word' id='word_1_1' title='bbox 149 260 303 291; x_wconf 81' lang='lat' dir='ltr'>OPERIS</span> <span class='ocrx_word' id='word_1_2' title='bbox 339 260 597 291; x_wconf 75' lang='lat' dir='ltr'>IMPERFECTI</span> <span class='ocrx_word' id='word_1_3' title='bbox 633 260 810 296; x_wconf 75' lang='lat' dir='ltr'>CONTRA</span> <span class='ocrx_word' id='word_1_4' title='bbox 845 262 1089 305; x_wconf 68' lang='lat' dir='ltr'><strong>JULIANfflI,</strong></span> <span class='ocrx_word' id='word_1_5' title='bbox 1127 264 1215 295; x_wconf 86' lang='lat' dir='ltr'><strong>LIB.</strong></span> <span class='ocrx_word' id='word_1_6' title='bbox 1258 264 1327 295; x_wconf 86' lang='lat'>111.</span> <span class='ocrx_word' id='word_1_7' title='bbox 1375 251 1460 313; x_wconf 68' lang='grc'>147</span> 
     </span>
    </p>
   </div>
   <div class='ocr_carea' id='block_1_2' title="bbox 101 325 1494 1095">
    <p class='ocr_par' dir='ltr' id='par_1_2' title="bbox 101 325 1494 1095">
     <span class='ocr_line' id='line_1_2' title="bbox 101 325 1466 391; baseline 0.005 -22"><span class='ocrx_word' id='word_1_8' title='bbox 101 325 278 373; x_wconf 89' lang='lat' dir='ltr'>omnino</span> <span class='ocrx_word' id='word_1_9' title='bbox 297 326 430 372; x_wconf 86' lang='lat' dir='ltr'>inesse</span> <span class='ocrx_word' id='word_1_10' title='bbox 444 326 524 371; x_wconf 86' lang='lat' dir='ltr'>nisi</span> <span class='ocrx_word' id='word_1_11' title='bbox 549 337 735 382; x_wconf 78' lang='lat' dir='ltr'>naturae,</span> <span class='ocrx_word' id='word_1_12' title='bbox 752 327 917 378; x_wconf 81' lang='lat' dir='ltr'>etiamsi</span> <span class='ocrx_word' id='word_1_13' title='bbox 937 345 1023 374; x_wconf 92' lang='lat' dir='ltr'>non</span> <span class='ocrx_word' id='word_1_14' title='bbox 1042 330 1097 375; x_wconf 84' lang='lat' dir='ltr'>sit</span> <span class='ocrx_word' id='word_1_15' title='bbox 1120 330 1284 391; x_wconf 81' lang='lat' dir='ltr'>origine</span> <span class='ocrx_word' id='word_1_16' title='bbox 1302 339 1466 387; x_wconf 72' lang='lat' dir='ltr'>attrac-</span> 
     </span>
     <span class='ocr_line' id='line_1_3' title="bbox 104 390 1476 463; baseline 0.006 -24"><span class='ocrx_word' id='word_1_17' title='bbox 104 405 196 440; x_wconf 79' lang='lat' dir='ltr'>tum</span> <span class='ocrx_word' id='word_1_18' title='bbox 221 413 231 440; x_wconf 94' lang='lat'><strong>:</strong></span> <span class='ocrx_word' id='word_1_19' title='bbox 259 390 331 443; x_wconf 83' lang='lat' dir='ltr'>sed</span> <span class='ocrx_word' id='word_1_20' title='bbox 356 394 574 442; x_wconf 89' lang='lat' dir='ltr'>voluntate</span> <span class='ocrx_word' id='word_1_21' title='bbox 587 397 881 450; x_wconf 83' lang='lat' dir='ltr'>commissum.</span> <span class='ocrx_word' id='word_1_22' title='bbox 905 398 1003 445; x_wconf 79' lang='lat' dir='ltr'>Sive</span> <span class='ocrx_word' id='word_1_23' title='bbox 1018 400 1185 463; x_wconf 79' lang='lat' dir='ltr'>quippe</span> <span class='ocrx_word' id='word_1_24' title='bbox 1207 401 1365 461; x_wconf 82' lang='lat' dir='ltr'>angeli,</span> <span class='ocrx_word' id='word_1_25' title='bbox 1387 401 1476 449; x_wconf 80' lang='lat' dir='ltr'>sive</span> 
     </span>
     <span class='ocr_line' id='line_1_4' title="bbox 103 465 1479 531; baseline 0.004 -22"><span class='ocrx_word' id='word_1_26' title='bbox 103 465 294 523; x_wconf 83' lang='lat' dir='ltr'>hominis</span> <span class='ocrx_word' id='word_1_27' title='bbox 324 477 573 530; x_wconf 77' lang='lat' dir='ltr'>peccatum,</span> <span class='ocrx_word' id='word_1_28' title='bbox 604 465 876 517; x_wconf 80' lang='lat' dir='ltr'>manifestum</span> <span class='ocrx_word' id='word_1_29' title='bbox 904 479 966 517; x_wconf 86' lang='lat' dir='ltr'>est</span> <span class='ocrx_word' id='word_1_30' title='bbox 984 469 1118 521; x_wconf 87' lang='lat' dir='ltr'>inesse</span> <span class='ocrx_word' id='word_1_31' title='bbox 1140 470 1206 517; x_wconf 81' lang='lat' dir='ltr'>vel</span> <span class='ocrx_word' id='word_1_32' title='bbox 1230 470 1380 531; x_wconf 86' lang='lat' dir='ltr'>angelo</span> <span class='ocrx_word' id='word_1_33' title='bbox 1412 470 1479 517; x_wconf 89' lang='lat' dir='ltr'>vel</span> 
     </span>
     <span class='ocr_line' id='line_1_5' title="bbox 105 530 1482 600; baseline 0.005 -21"><span class='ocrx_word' id='word_1_34' title='bbox 105 530 302 581; x_wconf 81' lang='lat' dir='ltr'>homini:</span> <span class='ocrx_word' id='word_1_35' title='bbox 323 535 418 600; x_wconf 81' lang='lat' dir='ltr'>quis</span> <span class='ocrx_word' id='word_1_36' title='bbox 438 547 579 594; x_wconf 71' lang='lat' dir='ltr'>autem</span> <span class='ocrx_word' id='word_1_37' title='bbox 600 537 660 584; x_wconf 87' lang='lat' dir='ltr'>sic</span> <span class='ocrx_word' id='word_1_38' title='bbox 688 538 898 589; x_wconf 77' lang='lat' dir='ltr'>exorbitet</span> <span class='ocrx_word' id='word_1_39' title='bbox 922 557 944 585; x_wconf 87' lang='lat' dir='ltr'>a</span> <span class='ocrx_word' id='word_1_40' title='bbox 962 556 1105 586; x_wconf 85' lang='lat' dir='ltr'>rerum</span> <span class='ocrx_word' id='word_1_41' title='bbox 1128 550 1302 596; x_wconf 83' lang='lat' dir='ltr'>natura,</span> <span class='ocrx_word' id='word_1_42' title='bbox 1326 551 1374 588; x_wconf 83' lang='lat' dir='ltr'>ut</span> <span class='ocrx_word' id='word_1_43' title='bbox 1394 541 1482 586; x_wconf 87' lang='lat' dir='ltr'>bo·-</span> 
     </span>
     <span class='ocr_line' id='line_1_6' title="bbox 105 602 1483 667; baseline 0.004 -17"><span class='ocrx_word' id='word_1_44' title='bbox 105 605 264 650; x_wconf 90' lang='lat' dir='ltr'>minem</span> <span class='ocrx_word' id='word_1_45' title='bbox 297 604 365 652; x_wconf 86' lang='lat' dir='ltr'>vel</span> <span class='ocrx_word' id='word_1_46' title='bbox 396 602 597 666; x_wconf 84' lang='lat' dir='ltr'>angelum</span> <span class='ocrx_word' id='word_1_47' title='bbox 632 619 755 667; x_wconf 87' lang='lat' dir='ltr'>neget</span> <span class='ocrx_word' id='word_1_48' title='bbox 778 625 863 654; x_wconf 87' lang='lat' dir='ltr'>esse</span> <span class='ocrx_word' id='word_1_49' title='bbox 892 613 1124 656; x_wconf 69' lang='lat' dir='ltr'>naturam?</span> <span class='ocrx_word' id='word_1_50' title='bbox 1158 605 1280 666; x_wconf 86' lang='lat' dir='ltr'>Quid</span> <span class='ocrx_word' id='word_1_51' title='bbox 1298 620 1361 654; x_wconf 86' lang='lat' dir='ltr'>est</span> <span class='ocrx_word' id='word_1_52' title='bbox 1380 610 1483 656; x_wconf 86' lang='lat' dir='ltr'>item</span> 
     </span>
     <span class='ocr_line' id='line_1_7' title="bbox 105 672 1482 744; baseline 0.003 -24"><span class='ocrx_word' id='word_1_53' title='bbox 105 672 224 738; x_wconf 85' lang='lat' dir='ltr'>quod</span> <span class='ocrx_word' id='word_1_54' title='bbox 256 673 408 732; x_wconf 79' lang='lat' dir='ltr'>clausis</span> <span class='ocrx_word' id='word_1_55' title='bbox 438 673 575 724; x_wconf 88' lang='lat' dir='ltr'>oculis</span> <span class='ocrx_word' id='word_1_56' title='bbox 597 673 811 742; x_wconf 66' lang='lat' dir='ltr'>loqueris?</span> <span class='ocrx_word' id='word_1_57' title='bbox 835 679 942 743; x_wconf 91' lang='lat' dir='ltr'>quid</span> <span class='ocrx_word' id='word_1_58' title='bbox 979 691 1041 726; x_wconf 85' lang='lat' dir='ltr'>est</span> <span class='ocrx_word' id='word_1_59' title='bbox 1072 697 1177 740; x_wconf 82' lang='lat' dir='ltr'>rogo</span> <span class='ocrx_word' id='word_1_60' title='bbox 1200 679 1322 744; x_wconf 87' lang='lat' dir='ltr'>quod</span> <span class='ocrx_word' id='word_1_61' title='bbox 1346 680 1482 726; x_wconf 84' lang='lat' dir='ltr'>dicis:</span> 
     </span>
     <span class='ocr_line' id='line_1_8' title="bbox 105 740 1487 812; baseline 0.005 -23"><span class='ocrx_word' id='word_1_62' title='bbox 105 766 126 786; x_wconf 89' lang='lat'>«</span> <span class='ocrx_word' id='word_1_63' title='bbox 149 740 238 791; x_wconf 89' lang='lat' dir='ltr'>Nec</span> <span class='ocrx_word' id='word_1_64' title='bbox 275 746 675 811; x_wconf 79' lang='lat' dir='ltr'>concupiscentiam</span> <span class='ocrx_word' id='word_1_65' title='bbox 706 760 938 812; x_wconf 84' lang='lat' dir='ltr'>peccatum</span> <span class='ocrx_word' id='word_1_66' title='bbox 976 753 1092 797; x_wconf 66' lang='lat' dir='ltr'>esse?</span> <span class='ocrx_word' id='word_1_67' title='bbox 1118 772 1138 793; x_wconf 89' lang='lat'>»</span> <span class='ocrx_word' id='word_1_68' title='bbox 1167 752 1307 797; x_wconf 85' lang='lat' dir='ltr'>lta-ne</span> <span class='ocrx_word' id='word_1_69' title='bbox 1336 761 1487 802; x_wconf 82' lang='lat' dir='ltr'>contra</span> 
     </span>
     <span class='ocr_line' id='line_1_9' title="bbox 108 815 1488 884; baseline 0.004 -24"><span class='ocrx_word' id='word_1_70' title='bbox 108 815 368 879; x_wconf 85' lang='lat' dir='ltr'>Apostolum</span> <span class='ocrx_word' id='word_1_71' title='bbox 390 828 431 863; x_wconf 83' lang='lat' dir='ltr'>te</span> <span class='ocrx_word' id='word_1_72' title='bbox 450 816 675 882; x_wconf 82' lang='lat' dir='ltr'>disputare</span> <span class='ocrx_word' id='word_1_73' title='bbox 716 837 805 867; x_wconf 88' lang='lat' dir='ltr'>non</span> <span class='ocrx_word' id='word_1_74' title='bbox 832 820 976 868; x_wconf 64' lang='lat' dir='ltr'>vides?</span> <span class='ocrx_word' id='word_1_75' title='bbox 1020 820 1101 866; x_wconf 90' lang='lat' dir='ltr'>llle</span> <span class='ocrx_word' id='word_1_76' title='bbox 1119 837 1309 883; x_wconf 86' lang='lat' dir='ltr'>namque</span> <span class='ocrx_word' id='word_1_77' title='bbox 1326 837 1488 884; x_wconf 81' lang='lat' dir='ltr'>pecca-</span> 
     </span>
     <span class='ocr_line' id='line_1_10' title="bbox 110 889 1488 952; baseline 0.003 -20"><span class='ocrx_word' id='word_1_78' title='bbox 110 899 200 933; x_wconf 85' lang='lat' dir='ltr'>tum</span> <span class='ocrx_word' id='word_1_79' title='bbox 246 904 332 933; x_wconf 91' lang='lat' dir='ltr'>esse</span> <span class='ocrx_word' id='word_1_80' title='bbox 375 889 774 952; x_wconf 82' lang='lat' dir='ltr'>concupiscentiam</span> <span class='ocrx_word' id='word_1_81' title='bbox 793 927 805 947; x_wconf 86' lang='lat'><strong>,</strong></span> <span class='ocrx_word' id='word_1_82' title='bbox 848 891 949 938; x_wconf 86' lang='lat' dir='ltr'>satis</span> <span class='ocrx_word' id='word_1_83' title='bbox 989 891 1166 937; x_wconf 90' lang='lat' dir='ltr'>omnino</span> <span class='ocrx_word' id='word_1_84' title='bbox 1201 890 1488 949; x_wconf 75' lang='lat' dir='ltr'>monstravit²</span> 
     </span>
     <span class='ocr_line' id='line_1_11' title="bbox 108 956 1493 1024; baseline 0.002 -21"><span class='ocrx_word' id='word_1_85' title='bbox 108 957 186 1003; x_wconf 90' lang='lat' dir='ltr'>ubi</span> <span class='ocrx_word' id='word_1_86' title='bbox 221 958 311 1002; x_wconf 85' lang='lat' dir='ltr'>ait:</span> <span class='ocrx_word' id='word_1_87' title='bbox 353 979 374 999; x_wconf 88' lang='grc'>«</span> <span class='ocrx_word' id='word_1_88' title='bbox 400 956 635 1010; x_wconf 82' lang='lat' dir='ltr'>Peccatum</span> <span class='ocrx_word' id='word_1_89' title='bbox 659 977 746 1007; x_wconf 89' lang='lat' dir='ltr'>non</span> <span class='ocrx_word' id='word_1_90' title='bbox 777 961 963 1022; x_wconf 85' lang='lat' dir='ltr'>cognovi</span> <span class='ocrx_word' id='word_1_91' title='bbox 999 961 1079 1007; x_wconf 82' lang='lat' dir='ltr'>nisi</span> <span class='ocrx_word' id='word_1_92' title='bbox 1104 978 1183 1024; x_wconf 85' lang='lat' dir='ltr'>per</span> <span class='ocrx_word' id='word_1_93' title='bbox 1203 960 1363 1021; x_wconf 81' lang='lat' dir='ltr'>legem3</span> <span class='ocrx_word' id='word_1_94' title='bbox 1391 977 1493 1007; x_wconf 81' lang='lat' dir='ltr'>nam</span> 
     </span>
     <span class='ocr_line' id='line_1_12' title="bbox 108 1026 1494 1095; baseline 0.002 -23"><span class='ocrx_word' id='word_1_95' title='bbox 108 1049 129 1071; x_wconf 65' lang='lat'>³&gt;</span> <span class='ocrx_word' id='word_1_96' title='bbox 169 1026 569 1095; x_wconf 68' lang='lat' dir='ltr'>concupiscentiam</span> <span class='ocrx_word' id='word_1_97' title='bbox 611 1031 856 1078; x_wconf 85' lang='lat' dir='ltr'>nesciebam</span> <span class='ocrx_word' id='word_1_98' title='bbox 881 1067 892 1089; x_wconf 81' lang='grc'><em>,</em></span> <span class='ocrx_word' id='word_1_99' title='bbox 938 1033 1020 1079; x_wconf 83' lang='lat' dir='ltr'>nisi</span> <span class='ocrx_word' id='word_1_100' title='bbox 1061 1032 1126 1079; x_wconf 78' lang='lat' dir='ltr'>lex</span> <span class='ocrx_word' id='word_1_101' title='bbox 1163 1031 1353 1086; x_wconf 79' lang='lat' dir='ltr'>diceret,</span> <span class='ocrx_word' id='word_1_102' title='bbox 1394 1031 1494 1076; x_wconf 89' lang='lat' dir='ltr'>Non</span> 
     </span>
    </p>
   </div>
   <div class='ocr_carea' id='block_1_3' title="bbox 109 1095 1496 1233">
    <p class='ocr_par' dir='ltr' id='par_1_3' title="bbox 109 1095 1496 1233">
     <span class='ocr_line' id='line_1_13' title="bbox 109 1095 1496 1163; baseline 0.002 -21"><span class='ocrx_word' id='word_1_103' title='bbox 109 1120 130 1142; x_wconf 75' lang='lat'>&gt;2</span> <span class='ocrx_word' id='word_1_104' title='bbox 155 1095 436 1163; x_wconf 80' lang='lat' dir='ltr'>concupisces</span> <span class='ocrx_word' id='word_1_105' title='bbox 456 1097 490 1146; x_wconf 69' lang='lat'>1.</span> <span class='ocrx_word' id='word_1_106' title='bbox 519 1121 540 1142; x_wconf 70' lang='lat'>&gt;2</span> <span class='ocrx_word' id='word_1_107' title='bbox 567 1097 688 1156; x_wconf 84' lang='lat' dir='ltr'>Quid</span> <span class='ocrx_word' id='word_1_108' title='bbox 714 1101 802 1147; x_wconf 88' lang='lat' dir='ltr'>hoc</span> <span class='ocrx_word' id='word_1_109' title='bbox 826 1103 1072 1149; x_wconf 79' lang='lat' dir='ltr'>testimonio</span> <span class='ocrx_word' id='word_1_110' title='bbox 1101 1101 1261 1148; x_wconf 82' lang='lat' dir='ltr'>clarius</span> <span class='ocrx_word' id='word_1_111' title='bbox 1285 1100 1395 1163; x_wconf 83' lang='lat' dir='ltr'>quid</span> <span class='ocrx_word' id='word_1_112' title='bbox 1422 1110 1496 1145; x_wconf 86' lang='lat' dir='ltr'>tua</span> 
     </span>
     <span class='ocr_line' id='line_1_14' title="bbox 115 1169 796 1233; baseline 0.004 -19"><span class='ocrx_word' id='word_1_113' title='bbox 115 1169 382 1225; x_wconf 75' lang='lat' dir='ltr'>sententiava</span> <span class='ocrx_word' id='word_1_114' title='bbox 390 1169 486 1216; x_wconf 88' lang='lat' dir='ltr'>nius</span> <span class='ocrx_word' id='word_1_115' title='bbox 506 1169 550 1221; x_wconf 86' lang='lat' dir='ltr'>di</span> <span class='ocrx_word' id='word_1_116' title='bbox 561 1170 600 1216; x_wconf 92' lang='lat' dir='ltr'>ci</span> <span class='ocrx_word' id='word_1_117' title='bbox 624 1175 796 1233; x_wconf 54' lang='lat' dir='ltr'>potest?</span> 
     </span>
    </p>
   </div>
   <div class='ocr_carea' id='block_1_4' title="bbox 109 1236 1498 2683">
    <p class='ocr_par' dir='ltr' id='par_1_4' title="bbox 109 1236 1496 1510">
     <span class='ocr_line' id='line_1_15' title="bbox 175 1236 1494 1303; baseline 0.002 -20"><span class='ocrx_word' id='word_1_118' title='bbox 175 1236 333 1285; x_wconf 79' lang='lat' dir='ltr'>CCXI.</span> <span class='ocrx_word' id='word_1_119' title='bbox 370 1241 468 1286; x_wconf 84' lang='lat' dir='ltr'>JUL.</span> <span class='ocrx_word' id='word_1_120' title='bbox 501 1261 522 1281; x_wconf 85' lang='lat'>«</span> <span class='ocrx_word' id='word_1_121' title='bbox 544 1241 666 1285; x_wconf 89' lang='lat' dir='ltr'>Etut</span> <span class='ocrx_word' id='word_1_122' title='bbox 699 1258 800 1303; x_wconf 87' lang='lat' dir='ltr'>quae</span> <span class='ocrx_word' id='word_1_123' title='bbox 837 1251 939 1286; x_wconf 89' lang='lat' dir='ltr'>sunt</span> <span class='ocrx_word' id='word_1_124' title='bbox 978 1251 1077 1286; x_wconf 85' lang='lat' dir='ltr'>acta</span> <span class='ocrx_word' id='word_1_125' title='bbox 1113 1250 1357 1303; x_wconf 84' lang='lat' dir='ltr'>repetamus</span> <span class='ocrx_word' id='word_1_126' title='bbox 1379 1239 1494 1297; x_wconf 67' lang='lat' dir='ltr'>sini-</span> 
     </span>
     <span class='ocr_line' id='line_1_16' title="bbox 109 1309 1493 1372; baseline -0.001 -18"><span class='ocrx_word' id='word_1_127' title='bbox 109 1309 268 1354; x_wconf 84' lang='lat' dir='ltr'>micam</span> <span class='ocrx_word' id='word_1_128' title='bbox 287 1326 374 1355; x_wconf 90' lang='lat' dir='ltr'>esse</span> <span class='ocrx_word' id='word_1_129' title='bbox 389 1310 568 1369; x_wconf 79' lang='lat' dir='ltr'>justitiae</span> <span class='ocrx_word' id='word_1_130' title='bbox 610 1310 690 1356; x_wconf 88' lang='lat' dir='ltr'>Dei</span> <span class='ocrx_word' id='word_1_131' title='bbox 731 1310 986 1372; x_wconf 86' lang='lat' dir='ltr'>opinionem</span> <span class='ocrx_word' id='word_1_132' title='bbox 1024 1309 1235 1364; x_wconf 82' lang='lat' dir='ltr'>traduciS‚</span> <span class='ocrx_word' id='word_1_133' title='bbox 1262 1319 1351 1353; x_wconf 84' lang='lat' dir='ltr'>tam</span> <span class='ocrx_word' id='word_1_134' title='bbox 1371 1325 1493 1371; x_wconf 83' lang='lat' dir='ltr'>prae-</span> 
     </span>
     <span class='ocr_line' id='line_1_17' title="bbox 111 1379 1496 1444; baseline 0.001 -19"><span class='ocrx_word' id='word_1_135' title='bbox 111 1389 339 1443; x_wconf 74' lang='lat' dir='ltr'>ceptorum</span> <span class='ocrx_word' id='word_1_136' title='bbox 365 1380 463 1442; x_wconf 86' lang='lat' dir='ltr'>Dei,¹</span> <span class='ocrx_word' id='word_1_137' title='bbox 488 1394 620 1444; x_wconf 86' lang='lat' dir='ltr'>quam</span> <span class='ocrx_word' id='word_1_138' title='bbox 645 1379 915 1440; x_wconf 79' lang='lat' dir='ltr'>judiciorum</span> <span class='ocrx_word' id='word_1_139' title='bbox 933 1383 1024 1440; x_wconf 85' lang='lat' dir='ltr'>ejus</span> <span class='ocrx_word' id='word_1_140' title='bbox 1046 1379 1318 1429; x_wconf 82' lang='lat' dir='ltr'>attestatione</span> <span class='ocrx_word' id='word_1_141' title='bbox 1344 1395 1496 1430; x_wconf 81' lang='lat' dir='ltr'>mous-</span> 
     </span>
     <span class='ocr_line' id='line_1_18' title="bbox 111 1460 238 1510; baseline -0.031 0"><span class='ocrx_word' id='word_1_142' title='bbox 111 1460 238 1510; x_wconf 58' lang='lat' dir='ltr'>tram..</span> 
     </span>
    </p>

    <p class='ocr_par' dir='ltr' id='par_1_5' title="bbox 110 1513 1494 1936">
     <span class='ocr_line' id='line_1_19' title="bbox 178 1513 1493 1585; baseline -0.003 -17"><span class='ocrx_word' id='word_1_143' title='bbox 178 1513 292 1580; x_wconf 57' lang='lat' dir='ltr'>Aue,</span> <span class='ocrx_word' id='word_1_144' title='bbox 326 1515 532 1580; x_wconf 66' lang='lat' dir='ltr'>Inimicos</span> <span class='ocrx_word' id='word_1_145' title='bbox 564 1537 638 1573; x_wconf 85' lang='lat' dir='ltr'>vos</span> <span class='ocrx_word' id='word_1_146' title='bbox 674 1521 825 1585; x_wconf 89' lang='lat' dir='ltr'>potius</span> <span class='ocrx_word' id='word_1_147' title='bbox 863 1537 950 1567; x_wconf 83' lang='lat' dir='ltr'>esse</span> <span class='ocrx_word' id='word_1_148' title='bbox 981 1520 1165 1581; x_wconf 69' lang='lat' dir='ltr'>Justitiae</span> <span class='ocrx_word' id='word_1_149' title='bbox 1202 1519 1283 1565; x_wconf 87' lang='lat' dir='ltr'>Dei</span> <span class='ocrx_word' id='word_1_150' title='bbox 1301 1553 1315 1576; x_wconf 91' lang='lat'><strong>,</strong></span> <span class='ocrx_word' id='word_1_151' title='bbox 1363 1535 1493 1582; x_wconf 76' lang='lat' dir='ltr'>quern</span> 
     </span>
     <span class='ocr_line' id='line_1_20' title="bbox 110 1587 1494 1658; baseline -0.004 -20"><span class='ocrx_word' id='word_1_152' title='bbox 110 1587 251 1638; x_wconf 83' lang='lat' dir='ltr'>facitis</span> <span class='ocrx_word' id='word_1_153' title='bbox 269 1608 400 1658; x_wconf 85' lang='lat' dir='ltr'>super</span> <span class='ocrx_word' id='word_1_154' title='bbox 422 1591 533 1640; x_wconf 70' lang='lat' dir='ltr'>filios,</span> <span class='ocrx_word' id='word_1_155' title='bbox 558 1590 695 1642; x_wconf 85' lang='lat' dir='ltr'>Adam</span> <span class='ocrx_word' id='word_1_156' title='bbox 715 1609 739 1636; x_wconf 89' lang='lat' dir='ltr'>a</span> <span class='ocrx_word' id='word_1_157' title='bbox 763 1591 831 1637; x_wconf 86' lang='lat' dir='ltr'>die</span> <span class='ocrx_word' id='word_1_158' title='bbox 855 1592 988 1638; x_wconf 81' lang='lat' dir='ltr'>exitus</span> <span class='ocrx_word' id='word_1_159' title='bbox 1012 1590 1066 1636; x_wconf 90' lang='lat' dir='ltr'>de</span> <span class='ocrx_word' id='word_1_160' title='bbox 1086 1600 1236 1649; x_wconf 78' lang='lat' dir='ltr'>ventre</span> <span class='ocrx_word' id='word_1_161' title='bbox 1252 1589 1405 1634; x_wconf 86' lang='lat' dir='ltr'>matris</span> <span class='ocrx_word' id='word_1_162' title='bbox 1417 1605 1494 1636; x_wconf 89' lang='lat' dir='ltr'>eo—</span> 
     </span>
     <span class='ocr_line' id='line_1_21' title="bbox 112 1659 1493 1725; baseline -0.003 -18"><span class='ocrx_word' id='word_1_163' title='bbox 112 1679 211 1709; x_wconf 86' lang='lat' dir='ltr'>rum</span> <span class='ocrx_word' id='word_1_164' title='bbox 232 1662 271 1723; x_wconf 78' lang='lat'>2,</span> <span class='ocrx_word' id='word_1_165' title='bbox 293 1659 452 1723; x_wconf 80' lang='lat' dir='ltr'>injuste</span> <span class='ocrx_word' id='word_1_166' title='bbox 477 1662 670 1725; x_wconf 83' lang='lat' dir='ltr'>posuisse</span> <span class='ocrx_word' id='word_1_167' title='bbox 694 1678 824 1722; x_wconf 80' lang='lat' dir='ltr'>grave</span> <span class='ocrx_word' id='word_1_168' title='bbox 853 1665 1035 1721; x_wconf 68' lang='lat' dir='ltr'>jugum,</span> <span class='ocrx_word' id='word_1_169' title='bbox 1066 1660 1174 1713; x_wconf 83' lang='lat' dir='ltr'>dum</span> <span class='ocrx_word' id='word_1_170' title='bbox 1209 1659 1372 1719; x_wconf 83' lang='lat' dir='ltr'>negatis</span> <span class='ocrx_word' id='word_1_171' title='bbox 1401 1659 1493 1709; x_wconf 88' lang='lat' dir='ltr'>ori-</span> 
     </span>
     <span class='ocr_line' id='line_1_22' title="bbox 114 1730 1492 1795; baseline -0.002 -16"><span class='ocrx_word' id='word_1_172' title='bbox 114 1732 254 1793; x_wconf 85' lang='lat' dir='ltr'>ginale</span> <span class='ocrx_word' id='word_1_173' title='bbox 295 1742 526 1795; x_wconf 88' lang='lat' dir='ltr'>peccatum</span> <span class='ocrx_word' id='word_1_174' title='bbox 557 1743 598 1777; x_wconf 92' lang='lat' dir='ltr'>et</span> <span class='ocrx_word' id='word_1_175' title='bbox 631 1733 877 1784; x_wconf 87' lang='lat' dir='ltr'>testimonio</span> <span class='ocrx_word' id='word_1_176' title='bbox 915 1732 1260 1795; x_wconf 84' lang='lat' dir='ltr'>Scripturarum‚</span> <span class='ocrx_word' id='word_1_177' title='bbox 1304 1740 1347 1776; x_wconf 81' lang='lat' dir='ltr'>et</span> <span class='ocrx_word' id='word_1_178' title='bbox 1385 1730 1492 1792; x_wconf 75' lang='lat' dir='ltr'>ipsis</span> 
     </span>
     <span class='ocr_line' id='line_1_23' title="bbox 114 1799 1485 1866; baseline -0.002 -18"><span class='ocrx_word' id='word_1_179' title='bbox 114 1802 435 1862; x_wconf 76' lang='lat' dir='ltr'>calamitatibus</span> <span class='ocrx_word' id='word_1_180' title='bbox 460 1802 767 1866; x_wconf 82' lang='lat' dir='ltr'>parvulorum,</span> <span class='ocrx_word' id='word_1_181' title='bbox 788 1819 888 1866; x_wconf 84' lang='lat' dir='ltr'>quae</span> <span class='ocrx_word' id='word_1_182' title='bbox 907 1803 955 1849; x_wconf 88' lang='lat' dir='ltr'>in</span> <span class='ocrx_word' id='word_1_183' title='bbox 977 1801 1182 1866; x_wconf 82' lang='lat' dir='ltr'>paradiso</span> <span class='ocrx_word' id='word_1_184' title='bbox 1227 1799 1310 1846; x_wconf 88' lang='lat' dir='ltr'>nisi</span> <span class='ocrx_word' id='word_1_185' title='bbox 1344 1810 1485 1847; x_wconf 85' lang='lat' dir='ltr'>vestro</span> 
     </span>
     <span class='ocr_line' id='line_1_24' title="bbox 114 1883 942 1936; baseline -0.004 -14"><span class='ocrx_word' id='word_1_186' title='bbox 114 1891 201 1933; x_wconf 74' lang='lat' dir='ltr'>non</span> <span class='ocrx_word' id='word_1_187' title='bbox 228 1883 400 1936; x_wconf 74' lang='lat' dir='ltr'>possent</span> <span class='ocrx_word' id='word_1_188' title='bbox 429 1887 529 1929; x_wconf 79' lang='lat' dir='ltr'>esse,</span> <span class='ocrx_word' id='word_1_189' title='bbox 556 1884 845 1919; x_wconf 84' lang='lat' dir='ltr'>monstratum</span> <span class='ocrx_word' id='word_1_190' title='bbox 869 1883 942 1919; x_wconf 86' lang='lat' dir='ltr'>est.</span> 
     </span>
    </p>

    <p class='ocr_par' dir='ltr' id='par_1_6' title="bbox 115 1939 1487 2218">
     <span class='ocr_line' id='line_1_25' title="bbox 177 1939 1487 2008; baseline -0.002 -19"><span class='ocrx_word' id='word_1_191' title='bbox 177 1939 355 1989; x_wconf 84' lang='lat' dir='ltr'><strong>CCXII.</strong></span> <span class='ocrx_word' id='word_1_192' title='bbox 381 1944 406 1987; x_wconf 89' lang='lat' dir='ltr'><strong>J</strong></span> <span class='ocrx_word' id='word_1_193' title='bbox 413 1960 478 1989; x_wconf 72' lang='lat' dir='ltr'>ct.</span> <span class='ocrx_word' id='word_1_194' title='bbox 511 1965 525 1982; x_wconf 80' lang='lat' dir='ltr'><strong>u</strong></span> <span class='ocrx_word' id='word_1_195' title='bbox 555 1943 965 2008; x_wconf 86' lang='lat' dir='ltr'>Concupiscentiam</span> <span class='ocrx_word' id='word_1_196' title='bbox 986 1953 1130 1988; x_wconf 86' lang='lat' dir='ltr'>autem</span> <span class='ocrx_word' id='word_1_197' title='bbox 1149 1941 1291 1999; x_wconf 85' lang='lat' dir='ltr'>carnis</span> <span class='ocrx_word' id='word_1_198' title='bbox 1310 1939 1364 1986; x_wconf 85' lang='lat' dir='ltr'>ad</span> <span class='ocrx_word' id='word_1_199' title='bbox 1385 1956 1487 1988; x_wconf 83' lang='lat' dir='ltr'>con-</span> 
     </span>
     <span class='ocr_line' id='line_1_26' title="bbox 117 2009 1485 2073; baseline -0.005 -12"><span class='ocrx_word' id='word_1_200' title='bbox 117 2014 356 2073; x_wconf 71' lang='lat' dir='ltr'>ciliandum</span> <span class='ocrx_word' id='word_1_201' title='bbox 374 2013 542 2067; x_wconf 78' lang='lat' dir='ltr'>sexibus</span> <span class='ocrx_word' id='word_1_202' title='bbox 562 2013 860 2069; x_wconf 76' lang='lat' dir='ltr'>foecunclitatis</span> <span class='ocrx_word' id='word_1_203' title='bbox 878 2013 1119 2073; x_wconf 80' lang='lat' dir='ltr'>negotium,</span> <span class='ocrx_word' id='word_1_204' title='bbox 1142 2029 1165 2056; x_wconf 84' lang='lat' dir='ltr'>a</span> <span class='ocrx_word' id='word_1_205' title='bbox 1183 2012 1274 2064; x_wconf 79' lang='lat' dir='ltr'>Deo</span> <span class='ocrx_word' id='word_1_206' title='bbox 1302 2009 1485 2069; x_wconf 83' lang='lat' dir='ltr'>inditam</span> 
     </span>
     <span class='ocr_line' id='line_1_27' title="bbox 115 2080 1483 2146; baseline -0.005 -15"><span class='ocrx_word' id='word_1_207' title='bbox 115 2094 304 2137; x_wconf 72' lang='lat' dir='ltr'>creatore</span> <span class='ocrx_word' id='word_1_208' title='bbox 320 2100 574 2146; x_wconf 80' lang='lat' dir='ltr'>corporum,</span> <span class='ocrx_word' id='word_1_209' title='bbox 601 2083 773 2129; x_wconf 82' lang='lat' dir='ltr'>nonnisi</span> <span class='ocrx_word' id='word_1_210' title='bbox 794 2101 816 2130; x_wconf 88' lang='lat' dir='ltr'>a</span> <span class='ocrx_word' id='word_1_211' title='bbox 841 2082 1087 2138; x_wconf 81' lang='lat' dir='ltr'>Manichaeo</span> <span class='ocrx_word' id='word_1_212' title='bbox 1107 2080 1317 2141; x_wconf 52' lang='lat' dir='ltr'>accusari2</span> <span class='ocrx_word' id='word_1_213' title='bbox 1339 2080 1483 2142; x_wconf 72' lang='lat' dir='ltr'>scrip-</span> 
     </span>
     <span class='ocr_line' id='line_1_28' title="bbox 120 2153 898 2218; baseline -0.004 -17"><span class='ocrx_word' id='word_1_214' title='bbox 120 2165 259 2212; x_wconf 74' lang='lat' dir='ltr'>torum</span> <span class='ocrx_word' id='word_1_215' title='bbox 271 2157 362 2218; x_wconf 72' lang='lat' dir='ltr'>ejus.</span> <span class='ocrx_word' id='word_1_216' title='bbox 375 2154 606 2202; x_wconf 82' lang='lat' dir='ltr'>insertione</span> <span class='ocrx_word' id='word_1_217' title='bbox 627 2153 854 2218; x_wconf 84' lang='lat' dir='ltr'>perdocui.</span> <span class='ocrx_word' id='word_1_218' title='bbox 878 2174 898 2194; x_wconf 73' lang='lat'>³&gt;</span> 
     </span>
    </p>

    <p class='ocr_par' dir='ltr' id='par_1_7' title="bbox 119 2219 1498 2569">
     <span class='ocr_line' id='line_1_29' title="bbox 172 2219 1491 2287; baseline -0.005 -16"><span class='ocrx_word' id='word_1_219' title='bbox 172 2226 296 2286; x_wconf 70' lang='lat' dir='ltr'>Aue.</span> <span class='ocrx_word' id='word_1_220' title='bbox 327 2224 739 2287; x_wconf 83' lang='lat' dir='ltr'>Concupiscentiam</span> <span class='ocrx_word' id='word_1_221' title='bbox 759 2223 922 2279; x_wconf 73' lang='lat' dir='ltr'>carui5‚</span> <span class='ocrx_word' id='word_1_222' title='bbox 966 2237 1099 2285; x_wconf 85' lang='lat' dir='ltr'>quam</span> <span class='ocrx_word' id='word_1_223' title='bbox 1120 2221 1279 2267; x_wconf 88' lang='lat' dir='ltr'>malam</span> <span class='ocrx_word' id='word_1_224' title='bbox 1300 2237 1387 2266; x_wconf 87' lang='lat' dir='ltr'>esse</span> <span class='ocrx_word' id='word_1_225' title='bbox 1405 2219 1491 2266; x_wconf 91' lang='lat' dir='ltr'>do·-</span> 
     </span>
     <span class='ocr_line' id='line_1_30' title="bbox 119 2291 1491 2358; baseline -0.001 -18"><span class='ocrx_word' id='word_1_226' title='bbox 119 2304 188 2348; x_wconf 80' lang='lat' dir='ltr'>cet</span> <span class='ocrx_word' id='word_1_227' title='bbox 205 2293 433 2358; x_wconf 79' lang='lat' dir='ltr'>Scriptura</span> <span class='ocrx_word' id='word_1_228' title='bbox 466 2293 635 2351; x_wconf 83' lang='lat' dir='ltr'>divina,</span> <span class='ocrx_word' id='word_1_229' title='bbox 664 2294 877 2358; x_wconf 89' lang='lat' dir='ltr'>perillam</span> <span class='ocrx_word' id='word_1_230' title='bbox 900 2292 1069 2357; x_wconf 89' lang='lat' dir='ltr'>quippe</span> <span class='ocrx_word' id='word_1_231' title='bbox 1092 2308 1192 2337; x_wconf 87' lang='lat' dir='ltr'>caro</span> <span class='ocrx_word' id='word_1_232' title='bbox 1215 2291 1491 2354; x_wconf 83' lang='lat' dir='ltr'>concupiscit</span> 
     </span>
     <span class='ocr_line' id='line_1_31' title="bbox 120 2361 1495 2431; baseline -0.004 -19"><span class='ocrx_word' id='word_1_233' title='bbox 120 2364 324 2422; x_wconf 74' lang='lat' dir='ltr'>adversus</span> <span class='ocrx_word' id='word_1_234' title='bbox 341 2364 542 2431; x_wconf 71' lang='lat' dir='ltr'>spiritum</span> <span class='ocrx_word' id='word_1_235' title='bbox 559 2364 596 2421; x_wconf 66' lang='lat'>²⁹²,</span> <span class='ocrx_word' id='word_1_236' title='bbox 612 2381 688 2410; x_wconf 89' lang='lat' dir='ltr'>vos</span> <span class='ocrx_word' id='word_1_237' title='bbox 705 2364 956 2425; x_wconf 61' lang='lat' dir='ltr'>adjuvantes</span> <span class='ocrx_word' id='word_1_238' title='bbox 972 2361 1260 2418; x_wconf 81' lang='lat' dir='ltr'>Manichaeos,</span> <span class='ocrx_word' id='word_1_239' title='bbox 1281 2362 1370 2410; x_wconf 87' lang='lat' dir='ltr'>Deo</span> <span class='ocrx_word' id='word_1_240' title='bbox 1383 2378 1495 2417; x_wconf 77' lang='lat' dir='ltr'>coae-</span> 
     </span>
     <span class='ocr_line' id='line_1_32' title="bbox 120 2430 1497 2494; baseline -0.001 -14"><span class='ocrx_word' id='word_1_241' title='bbox 120 2446 256 2481; x_wconf 83' lang='lat' dir='ltr'>ternae</span> <span class='ocrx_word' id='word_1_242' title='bbox 275 2435 391 2494; x_wconf 85' lang='lat' dir='ltr'>genti</span> <span class='ocrx_word' id='word_1_243' title='bbox 408 2435 595 2480; x_wconf 87' lang='lat' dir='ltr'>tribuere</span> <span class='ocrx_word' id='word_1_244' title='bbox 610 2435 906 2493; x_wconf 81' lang='lat' dir='ltr'>tenebrarum,</span> <span class='ocrx_word' id='word_1_245' title='bbox 924 2430 1030 2479; x_wconf 80' lang='lat' dir='ltr'>duni</span> <span class='ocrx_word' id='word_1_246' title='bbox 1046 2449 1134 2478; x_wconf 91' lang='lat' dir='ltr'>non</span> <span class='ocrx_word' id='word_1_247' title='bbox 1151 2431 1283 2485; x_wconf 65' lang='lat' dir='ltr'>vultis</span> <span class='ocrx_word' id='word_1_248' title='bbox 1294 2448 1386 2486; x_wconf 80' lang='lat' dir='ltr'>eam</span> <span class='ocrx_word' id='word_1_249' title='bbox 1401 2447 1497 2493; x_wconf 61' lang='lat' dir='ltr'>per-</span> 
     </span>
     <span class='ocr_line' id='line_1_33' title="bbox 122 2497 1498 2569; baseline -0.002 -19"><span class='ocrx_word' id='word_1_250' title='bbox 122 2506 256 2561; x_wconf 87' lang='lat' dir='ltr'>tinere</span> <span class='ocrx_word' id='word_1_251' title='bbox 283 2504 338 2550; x_wconf 87' lang='lat' dir='ltr'>ad</span> <span class='ocrx_word' id='word_1_252' title='bbox 363 2504 570 2565; x_wconf 88' lang='lat' dir='ltr'>originale</span> <span class='ocrx_word' id='word_1_253' title='bbox 591 2497 845 2569; x_wconf 85' lang='lat' dir='ltr'>peccatum,</span> <span class='ocrx_word' id='word_1_254' title='bbox 876 2515 917 2550; x_wconf 86' lang='lat' dir='ltr'>et</span> <span class='ocrx_word' id='word_1_255' title='bbox 943 2504 987 2549; x_wconf 89' lang='lat' dir='ltr'>in</span> <span class='ocrx_word' id='word_1_256' title='bbox 1012 2502 1087 2548; x_wconf 78' lang='lat' dir='ltr'>Dei</span> <span class='ocrx_word' id='word_1_257' title='bbox 1104 2500 1307 2569; x_wconf 86' lang='lat' dir='ltr'>paradiso</span> <span class='ocrx_word' id='word_1_258' title='bbox 1333 2500 1498 2557; x_wconf 79' lang='lat' dir='ltr'>audetis</span> 
     </span>
    </p>

    <p class='ocr_par' dir='ltr' id='par_1_8' title="bbox 171 2582 1095 2629">
     <span class='ocr_line' id='line_1_34' title="bbox 171 2582 1095 2629; baseline -0.003 -7"><span class='ocrx_word' id='word_1_259' title='bbox 171 2583 290 2622; x_wconf 62' lang='lat' dir='ltr'>¹Rom}</span> <span class='ocrx_word' id='word_1_260' title='bbox 309 2598 368 2626; x_wconf 79' lang='lat' dir='ltr'>vn,</span> <span class='ocrx_word' id='word_1_261' title='bbox 387 2600 418 2627; x_wconf 83' lang='lat'>7.</span> <span class='ocrx_word' id='word_1_262' title='bbox 440 2605 486 2613; x_wconf 94' lang='lat'>—</span> <span class='ocrx_word' id='word_1_263' title='bbox 502 2584 518 2610; x_wconf 76' lang='lat'>²</span> <span class='ocrx_word' id='word_1_264' title='bbox 535 2586 630 2620; x_wconf 84' lang='lat' dir='ltr'>Eecli.</span> <span class='ocrx_word' id='word_1_265' title='bbox 651 2600 703 2629; x_wconf 84' lang='lat' dir='ltr'>x1.,</span> <span class='ocrx_word' id='word_1_266' title='bbox 728 2601 756 2622; x_wconf 89' lang='lat'>1.</span> <span class='ocrx_word' id='word_1_267' title='bbox 777 2605 824 2613; x_wconf 95' lang='lat'>—</span> <span class='ocrx_word' id='word_1_268' title='bbox 839 2582 854 2612; x_wconf 78' lang='lat'><strong>3</strong></span> <span class='ocrx_word' id='word_1_269' title='bbox 870 2588 974 2620; x_wconf 75' lang='lat' dir='ltr'>Galat.</span> <span class='ocrx_word' id='word_1_270' title='bbox 992 2597 1020 2628; x_wconf 70' lang='lat' dir='ltr'>v,</span> <span class='ocrx_word' id='word_1_271' title='bbox 1041 2595 1095 2629; x_wconf 68' lang='lat'>17.</span> 
     </span>
    </p>

    <p class='ocr_par' dir='ltr' id='par_1_9' title="bbox 1297 2654 1369 2683">
     <span class='ocr_line' id='line_1_35' title="bbox 1297 2654 1369 2683; baseline 0 0"><span class='ocrx_word' id='word_1_272' title='bbox 1297 2654 1369 2683; x_wconf 89' lang='lat' dir='ltr'>lo.</span> 
     </span>
    </p>
   </div>
  </div>
 </body>
</html>
