1824 3236
161 246 318 280 omnus
354 241 619 277 IMPERFECTI
654 243 830 274 CONTRA
865 247 1113 288 intumuit,
1151 246 1238 276 Lm.
1281 247 1322 277 v.
1393 229 1487 277 315

111 331 242 379 opera
276 322 445 358 naturae
463 347 474 366 ‚
496 310 611 355 dona
635 310 784 369 gratiae
805 322 1151 374 consequantur3
1188 330 1236 358 ac
1272 312 1487 358 Dominus

111 401 212 432 suus
244 383 321 447 qui
358 399 428 428 cos
461 379 562 427 fecit
605 380 836 426 condendo
872 381 1036 438 bonos,
1077 382 1209 428 faciat
1237 383 1488 429 innovando

111 453 451 519 adoptandoque
465 450 674 498 meliores.
700 452 815 512 Ergo
829 455 927 513 jure
941 452 1118 509 dicitur,
1144 455 1386 500 confitearis
1409 472 1490 501 ne-

111 543 223 573 cesse
256 535 346 581 est,
381 521 577 569 naturale
615 521 736 585 quod
769 523 1043 570 Manichaeus
1071 525 1278 582 finxerat,
1328 525 1401 572 sed
1442 536 1490 572 tu

109 596 285 643 nomine
301 603 569 641 commutato
590 593 798 653 originale
823 610 953 640 vocas
968 631 978 647 ,
1006 595 1215 642 interiisse
1237 607 1483 660 peccatum.

111 668 202 714 Nec
230 667 319 712 hoc
342 682 391 711 ea
409 664 628 710 catholica
660 664 766 711 fides
789 665 929 712 credit
971 666 1233 731 antiquitus,
1273 684 1374 731 quae
1402 685 1491 713 non

110 736 286 783 dubitat
324 745 366 781 et
398 733 607 799 parvulos
637 753 659 780 a
691 737 782 781 Deo
816 736 935 791 fieri,
969 747 1010 782 et
1040 737 1204 783 malum
1227 738 1280 783 ab
1304 755 1353 783 eo
1378 737 1492 783 nihil

110 807 203 853 fieri
223 824 234 852 z
258 823 310 853 ac
333 823 412 870 per
427 806 516 852 hoc
539 822 671 869 opera
695 806 774 852 Dei
801 818 898 853 ante
918 807 1068 854 liberae
1085 807 1320 854 voluntatis
1343 824 1486 863 usum,

110 888 280 924 naturae
312 875 576 942 praeJ'udicio
611 893 692 923 nec
728 894 796 923 rea
816 915 826 934 ,
865 895 944 925 nec
981 879 1063 924 sub
1087 878 1254 925 diaboli
1272 882 1372 939 J'ure
1391 894 1494 923 con-

110 958 265 995 stituit.

174 1023 292 1066 Aue.
319 1018 543 1080 Originale
559 1029 790 1083 peccatum
808 1031 1038 1085 propterea
1058 1020 1341 1082 significatius
1361 1037 1493 1084 quam

109 1089 308 1138 naturale
327 1088 515 1136 dicimus
529 1126 540 1147 ,
565 1100 614 1136 ut
630 1107 720 1136 non
738 1090 876 1138 divini
901 1093 1042 1156 operis
1057 1130 1068 1149 ,
1091 1092 1165 1138 sed
1179 1093 1390 1138 humanae
1410 1091 1494 1137 ori-

110 1162 219 1222 ginis
236 1159 536 1220 intelligatur;
570 1162 752 1207 maxime
778 1174 962 1227 propter
991 1163 1099 1209 illud
1130 1162 1489 1224 significandum,

109 1231 228 1295 quod
265 1248 345 1294 per
382 1247 519 1277 unum
544 1231 767 1277 hominem
796 1233 976 1279 intravit
1008 1234 1053 1279 in
1087 1233 1336 1287 mundum3
1369 1233 1491 1296 quod

110 1319 201 1348 non
239 1301 389 1347 interit
427 1301 721 1365 disputatione
759 1303 989 1363 Pelagiana
1009 1341 1018 1360 ‚
1058 1303 1131 1349 sed
1178 1305 1496 1364 regeneratione

113 1372 377 1420 Christiana.
409 1372 554 1430 Quare
576 1384 675 1418 ante
693 1388 768 1418 vos
790 1372 946 1420 dicatis
969 1375 1133 1420 renasci
1156 1391 1303 1419 omnes
1327 1390 1495 1437 parvu-

110 1443 175 1489 los
195 1442 353 1489 debere
383 1442 648 1506 baptismate
666 1479 677 1499 ‚
702 1444 803 1489 satis
823 1445 1024 1491 novimus
1042 1466 1052 1503 ς
1088 1445 1187 1490 inde
1207 1446 1375 1509 quippe
1398 1445 1495 1489 estis

111 1513 340 1560 haeretici:
369 1513 456 1559 hac
478 1524 598 1576 peste
629 1515 793 1560 novitia
829 1527 982 1561 contra
1007 1516 1311 1579 antiquitatem
1337 1515 1494 1560 catho-

111 1584 210 1630 lieae
235 1584 442 1630 Ecclesiae
462 1583 722 1647 disputatis,
752 1585 945 1631 dicentes
964 1602 1052 1632 non
1071 1587 1164 1632 erui
1193 1586 1402 1649 parvulos
1441 1585 1496 1630 de

112 1665 325 1719 potestate
344 1653 623 1702 tenebrarum
657 1657 795 1716 gratia
828 1656 1137 1721 Redemptoris
1159 1675 1170 1702 :
1199 1673 1301 1702 cum
1326 1656 1496 1703 Catho-

112 1728 197 1774 li‘ca
213 1726 327 1774 ineis
338 1727 526 1773 exsufflet
543 1737 585 1774 et
605 1729 832 1785 exorcizet,
852 1729 1004 1792 utique
1019 1738 1276 1792 potestatem
1294 1727 1461 1774 diaboli
1483 1765 1493 1783 ‚

113 1815 254 1864 neque
284 1799 399 1845 enim
433 1798 666 1858 imaginem
704 1800 798 1846 Dei.
832 1799 951 1856 Quid
985 1810 1047 1844 est
1075 1816 1174 1859 ergo
1201 1798 1322 1862 quod
1352 1798 1492 1844 dicis:

114 1890 135 1911 t<
158 1871 217 1915 Ut
239 1871 316 1933 qui
333 1879 573 1915 nascuntur
592 1869 753 1926 viliter,
786 1888 873 1915 non
911 1880 1055 1916 tamen
1081 1870 1205 1916 noxie
1222 1907 1233 1926 ‚
1265 1886 1498 1915 renascan-

114 1951 189 1986 tur
212 1941 422 2004 pretiose,
448 1957 537 1986 non
561 1951 704 1985 tamen
723 1941 1014 1995 calumniose3
1038 1961 1057 1983 2)
1077 1958 1158 1986 nec
1185 1941 1328 2003 ipsum
1348 1956 1498 1986 eorum

114 2011 326 2076 pretium,
351 2027 439 2075 quo
465 2012 515 2057 fit
542 2021 590 2057 ut
608 2012 793 2075 pretiose
817 2022 1099 2058 renascantur
1121 2011 1338 2057 attendis?
1377 2010 1498 2067 Quid

113 2093 177 2128 est
198 2082 335 2138 enim,
360 2082 443 2128 nisi
466 2083 638 2143 sanguis
658 2083 768 2143 Agni
784 2082 1086 2130 immaculati?
1117 2082 1194 2146 qui
1215 2099 1294 2128 cur
1313 2082 1368 2127 sit
1390 2082 1496 2126 effu-

115 2169 185 2199 sus
201 2190 213 2210 ‚
236 2153 398 2200 'clamat
421 2153 516 2217 ipse
536 2152 698 2213 Agnus,
728 2158 798 2220 An
821 2171 909 2200 non
929 2154 1023 2218 ipse
1050 2154 1111 2199 ait
1136 2171 1146 2198 ε
1168 2173 1189 2195 «
1211 2153 1296 2198 Hic
1315 2163 1376 2199 est
1396 2169 1500 2197 san-

117 2223 248 2285 »guis
271 2240 415 2282 meus,
455 2223 532 2288 qui
571 2240 653 2287 pro
688 2223 836 2270 multis
866 2224 1112 2270 effundetur
1134 2225 1181 2270 in
1208 2223 1502 2269 remissionem

118 2317 140 2338 >2
151 2294 507 2360 peccatorum1?
530 2317 551 2338 >2
577 2297 646 2342 Tu
669 2312 769 2342 vero
787 2313 969 2357 magnus
991 2294 1302 2342 mirabiliarius
1328 2304 1371 2340 et
1394 2293 1502 2340 dicis

110 2367 242 2414 illum
259 2367 510 2427 sanguinem
534 2366 660 2413 etiam
684 2383 767 2431 pro
791 2368 986 2432 parvulis
1013 2366 1171 2424 fundi,
1208 2377 1252 2413 et
1286 2382 1414 2426 negas
1444 2366 1502 2411 eis

117 2454 196 2502 per
217 2437 340 2484 illum
364 2447 546 2501 peccata
568 2437 657 2484 ulla
680 2438 845 2484 dimitti
862 2438 1010 2492 {dicis
1035 2436 1247 2485 lavandos
1264 2474 1275 2493 ‚
1303 2447 1344 2483 et
1370 2453 1499 2497 negas

119 2508 360 2556 abluendos
380 2529 391 2564 3
417 2508 528 2555 dicis
550 2509 849 2568 innovandos,
877 2520 920 2558 et
941 2526 1071 2572 negas
1092 2526 1116 2556 a
1135 2518 1347 2558 vetustate
1368 2524 1502 2555 mun-

168 2592 179 2615 ¹
196 2591 314 2625 Marm-
335 2603 425 2630 xxvr,
445 2593 501 2625 28.
