<?xml version="1.0" encoding="UTF-8"?>
<!DOCTYPE html PUBLIC "-//W3C//DTD XHTML 1.0 Transitional//EN"
    "http://www.w3.org/TR/xhtml1/DTD/xhtml1-transitional.dtd">
<html xmlns="http://www.w3.org/1999/xhtml" xml:lang="en" lang="en">
 <head>
  <title>
</title>
<meta http-equiv="Content-Type" content="text/html;charset=utf-8" />
  <meta name='ocr-system' content='tesseract 3.04.00' />
  <meta name='ocr-capabilities' content='ocr_page ocr_carea ocr_par ocr_line ocrx_word'/>
</head>
<body>
  <div class='ocr_page' id='page_1' title='image "./operaomniaaccura37auguuoft/operaomniaaccura37auguuoft_0063.png"; bbox 0 0 1863 3262; ppageno 0'>
   <div class='ocr_carea' id='block_1_1' title="bbox 182 252 1507 303">
    <p class='ocr_par' dir='ltr' id='par_1_1' title="bbox 182 252 1507 303">
     <span class='ocr_line' id='line_1_1' title="bbox 182 252 1507 303; baseline 0.002 -7"><span class='ocrx_word' id='word_1_1' title='bbox 182 264 340 296; x_wconf 80' lang='lat' dir='ltr'>OPERIS</span> <span class='ocrx_word' id='word_1_2' title='bbox 375 262 636 296; x_wconf 71' lang='lat' dir='ltr'>IMPERFEcrt</span> <span class='ocrx_word' id='word_1_3' title='bbox 670 261 845 293; x_wconf 78' lang='lat' dir='ltr'>CONTRA</span> <span class='ocrx_word' id='word_1_4' title='bbox 880 262 1127 303; x_wconf 66' lang='lat' dir='ltr'>summum,</span> <span class='ocrx_word' id='word_1_5' title='bbox 1167 265 1256 297; x_wconf 67' lang='grc' dir='ltr'>ΜΒ.</span> <span class='ocrx_word' id='word_1_6' title='bbox 1299 266 1370 297; x_wconf 87' lang='lat'>111.</span> <span class='ocrx_word' id='word_1_7' title='bbox 1447 252 1507 300; x_wconf 76' lang='lat'>53</span> 
     </span>
    </p>
   </div>
   <div class='ocr_carea' id='block_1_2' title="bbox 111 330 1512 2658">
    <p class='ocr_par' dir='ltr' id='par_1_2' title="bbox 127 330 1512 800">
     <span class='ocr_line' id='line_1_2' title="bbox 132 330 1512 394; baseline 0.001 -16"><span class='ocrx_word' id='word_1_8' title='bbox 132 332 270 378; x_wconf 88' lang='lat' dir='ltr'>cimus</span> <span class='ocrx_word' id='word_1_9' title='bbox 291 369 302 388; x_wconf 93' lang='lat'>‚</span> <span class='ocrx_word' id='word_1_10' title='bbox 328 331 532 377; x_wconf 78' lang='lat' dir='ltr'>Nascitur</span> <span class='ocrx_word' id='word_1_11' title='bbox 559 330 694 375; x_wconf 81' lang='lat' dir='ltr'>homo</span> <span class='ocrx_word' id='word_1_12' title='bbox 725 347 826 375; x_wconf 88' lang='lat' dir='ltr'>cum</span> <span class='ocrx_word' id='word_1_13' title='bbox 851 330 956 375; x_wconf 84' lang='lat' dir='ltr'>vitio</span> <span class='ocrx_word' id='word_1_14' title='bbox 983 348 993 375; x_wconf 74' lang='grc' dir='ltr'>ι</span> <span class='ocrx_word' id='word_1_15' title='bbox 1023 330 1248 378; x_wconf 76' lang='lat' dir='ltr'>diabolum</span> <span class='ocrx_word' id='word_1_16' title='bbox 1275 336 1366 394; x_wconf 80' lang='lat' dir='ltr'>ers</span> <span class='ocrx_word' id='word_1_17' title='bbox 1401 350 1512 380; x_wconf 87' lang='lat' dir='ltr'>con-</span> 
     </span>
     <span class='ocr_line' id='line_1_3' title="bbox 132 400 1510 464; baseline 0.002 -16"><span class='ocrx_word' id='word_1_18' title='bbox 132 402 317 448; x_wconf 87' lang='lat' dir='ltr'>ditorem</span> <span class='ocrx_word' id='word_1_19' title='bbox 354 400 442 447; x_wconf 89' lang='lat' dir='ltr'>dici</span> <span class='ocrx_word' id='word_1_20' title='bbox 476 401 674 464; x_wconf 84' lang='lat' dir='ltr'>putatis;</span> <span class='ocrx_word' id='word_1_21' title='bbox 701 401 760 446; x_wconf 86' lang='lat' dir='ltr'>ita</span> <span class='ocrx_word' id='word_1_22' title='bbox 793 400 901 445; x_wconf 79' lang='lat' dir='ltr'>caeci</span> <span class='ocrx_word' id='word_1_23' title='bbox 936 400 1003 445; x_wconf 90' lang='lat' dir='ltr'>vel</span> <span class='ocrx_word' id='word_1_24' title='bbox 1036 403 1317 459; x_wconf 74' lang='lat' dir='ltr'>contentiosi,</span> <span class='ocrx_word' id='word_1_25' title='bbox 1346 415 1393 450; x_wconf 90' lang='lat' dir='ltr'>ut</span> <span class='ocrx_word' id='word_1_26' title='bbox 1430 422 1510 451; x_wconf 91' lang='lat' dir='ltr'>nec</span> 
     </span>
     <span class='ocr_line' id='line_1_4' title="bbox 132 469 1512 537; baseline 0.001 -18"><span class='ocrx_word' id='word_1_27' title='bbox 132 489 366 536; x_wconf 90' lang='lat' dir='ltr'>corporum</span> <span class='ocrx_word' id='word_1_28' title='bbox 390 471 511 527; x_wconf 83' lang='lat' dir='ltr'>vitia,</span> <span class='ocrx_word' id='word_1_29' title='bbox 540 488 641 517; x_wconf 89' lang='lat' dir='ltr'>cum</span> <span class='ocrx_word' id='word_1_30' title='bbox 660 471 822 534; x_wconf 86' lang='lat' dir='ltr'>quibus</span> <span class='ocrx_word' id='word_1_31' title='bbox 842 469 1024 533; x_wconf 86' lang='lat' dir='ltr'>quidam</span> <span class='ocrx_word' id='word_1_32' title='bbox 1046 483 1287 517; x_wconf 87' lang='lat' dir='ltr'>nascuntur</span> <span class='ocrx_word' id='word_1_33' title='bbox 1304 511 1314 529; x_wconf 85' lang='lat'><strong>‚</strong></span> <span class='ocrx_word' id='word_1_34' title='bbox 1340 475 1512 537; x_wconf 83' lang='lat' dir='ltr'>possitis</span> 
     </span>
     <span class='ocr_line' id='line_1_5' title="bbox 134 541 1509 608; baseline 0.001 -19"><span class='ocrx_word' id='word_1_35' title='bbox 134 554 207 589; x_wconf 87' lang='lat' dir='ltr'>aut</span> <span class='ocrx_word' id='word_1_36' title='bbox 237 542 378 590; x_wconf 80' lang='lat' dir='ltr'>velitis</span> <span class='ocrx_word' id='word_1_37' title='bbox 409 541 627 587; x_wconf 89' lang='lat' dir='ltr'>attendere</span> <span class='ocrx_word' id='word_1_38' title='bbox 657 559 666 586; x_wconf 90' lang='lat'>:</span> <span class='ocrx_word' id='word_1_39' title='bbox 707 557 896 603; x_wconf 85' lang='lat' dir='ltr'>quorum</span> <span class='ocrx_word' id='word_1_40' title='bbox 920 541 1127 586; x_wconf 78' lang='lat' dir='ltr'>vitiorum</span> <span class='ocrx_word' id='word_1_41' title='bbox 1154 544 1306 588; x_wconf 85' lang='lat' dir='ltr'>merita</span> <span class='ocrx_word' id='word_1_42' title='bbox 1329 544 1363 589; x_wconf 83' lang='lat' dir='ltr'>si</span> <span class='ocrx_word' id='word_1_43' title='bbox 1382 561 1509 608; x_wconf 79' lang='lat' dir='ltr'>quae-</span> 
     </span>
     <span class='ocr_line' id='line_1_6' title="bbox 129 610 1506 676; baseline 0.001 -18"><span class='ocrx_word' id='word_1_44' title='bbox 129 624 284 659; x_wconf 87' lang='lat' dir='ltr'>rantur</span> <span class='ocrx_word' id='word_1_45' title='bbox 307 630 331 658; x_wconf 89' lang='lat' dir='ltr'>a</span> <span class='ocrx_word' id='word_1_46' title='bbox 357 612 511 664; x_wconf 77' lang='lat' dir='ltr'>Vobis,</span> <span class='ocrx_word' id='word_1_47' title='bbox 546 629 634 675; x_wconf 91' lang='lat' dir='ltr'>quo</span> <span class='ocrx_word' id='word_1_48' title='bbox 662 611 945 670; x_wconf 76' lang='lat' dir='ltr'>confugiatis,</span> <span class='ocrx_word' id='word_1_49' title='bbox 978 611 1056 656; x_wconf 87' lang='lat' dir='ltr'>nisi</span> <span class='ocrx_word' id='word_1_50' title='bbox 1092 610 1146 656; x_wconf 88' lang='lat' dir='ltr'>ad</span> <span class='ocrx_word' id='word_1_51' title='bbox 1178 613 1476 676; x_wconf 56' lang='lat' dir='ltr'>praecipitium</span> <span class='ocrx_word' id='word_1_52' title='bbox 1494 653 1506 672; x_wconf 84' lang='grc'>,</span> 
     </span>
     <span class='ocr_line' id='line_1_7' title="bbox 127 681 1509 748; baseline 0.002 -20"><span class='ocrx_word' id='word_1_53' title='bbox 127 700 217 728; x_wconf 88' lang='lat' dir='ltr'>non</span> <span class='ocrx_word' id='word_1_54' title='bbox 242 682 461 739; x_wconf 80' lang='lat' dir='ltr'>invenitis,</span> <span class='ocrx_word' id='word_1_55' title='bbox 491 682 686 746; x_wconf 84' lang='lat' dir='ltr'>quandiu</span> <span class='ocrx_word' id='word_1_56' title='bbox 706 681 761 726; x_wconf 88' lang='lat' dir='ltr'>ad</span> <span class='ocrx_word' id='word_1_57' title='bbox 788 681 1032 728; x_wconf 78' lang='lat' dir='ltr'>Catholicae</span> <span class='ocrx_word' id='word_1_58' title='bbox 1056 681 1239 727; x_wconf 87' lang='lat' dir='ltr'>solidam</span> <span class='ocrx_word' id='word_1_59' title='bbox 1264 694 1509 748; x_wconf 42' lang='lat' dir='ltr'>petram-re-</span> 
     </span>
     <span class='ocr_line' id='line_1_8' title="bbox 127 753 498 800; baseline 0 0"><span class='ocrx_word' id='word_1_60' title='bbox 127 753 220 800; x_wconf 89' lang='lat' dir='ltr'>dire</span> <span class='ocrx_word' id='word_1_61' title='bbox 246 770 333 799; x_wconf 89' lang='lat' dir='ltr'>non</span> <span class='ocrx_word' id='word_1_62' title='bbox 353 753 498 800; x_wconf 84' lang='lat' dir='ltr'>vultis.</span> 
     </span>
    </p>

    <p class='ocr_par' dir='ltr' id='par_1_3' title="bbox 130 822 1508 955">
     <span class='ocr_line' id='line_1_9' title="bbox 190 822 1508 887; baseline 0.002 -17"><span class='ocrx_word' id='word_1_63' title='bbox 190 825 396 872; x_wconf 85' lang='lat' dir='ltr'><strong>LXVIII.</strong></span> <span class='ocrx_word' id='word_1_64' title='bbox 424 829 522 871; x_wconf 73' lang='lat' dir='ltr'><strong>JUL.</strong></span> <span class='ocrx_word' id='word_1_65' title='bbox 543 844 563 865; x_wconf 78' lang='lat' dir='ltr'>c&lt;</span> <span class='ocrx_word' id='word_1_66' title='bbox 586 823 701 880; x_wconf 85' lang='lat' dir='ltr'>Quia</span> <span class='ocrx_word' id='word_1_67' title='bbox 722 824 813 869; x_wconf 91' lang='lat' dir='ltr'>Deo</span> <span class='ocrx_word' id='word_1_68' title='bbox 833 824 975 884; x_wconf 87' lang='lat' dir='ltr'>judici</span> <span class='ocrx_word' id='word_1_69' title='bbox 994 822 1236 887; x_wconf 86' lang='lat' dir='ltr'>iniquitatis</span> <span class='ocrx_word' id='word_1_70' title='bbox 1256 825 1420 871; x_wconf 80' lang='lat' dir='ltr'>crimen</span> <span class='ocrx_word' id='word_1_71' title='bbox 1440 825 1508 872; x_wconf 84' lang='lat' dir='ltr'>af-</span> 
     </span>
     <span class='ocr_line' id='line_1_10' title="bbox 130 894 292 955; baseline -0.031 -15"><span class='ocrx_word' id='word_1_72' title='bbox 130 894 242 955; x_wconf 81' lang='lat' dir='ltr'>flglt.</span> <span class='ocrx_word' id='word_1_73' title='bbox 271 915 292 936; x_wconf 80' lang='lat'>›)</span> 
     </span>
    </p>

    <p class='ocr_par' dir='ltr' id='par_1_4' title="bbox 122 964 1505 1100">
     <span class='ocr_line' id='line_1_11' title="bbox 184 964 1505 1031; baseline 0.002 -21"><span class='ocrx_word' id='word_1_74' title='bbox 184 968 302 1012; x_wconf 81' lang='lat' dir='ltr'><strong>AUG.</strong></span> <span class='ocrx_word' id='word_1_75' title='bbox 344 964 431 1011; x_wconf 87' lang='lat' dir='ltr'>Vos</span> <span class='ocrx_word' id='word_1_76' title='bbox 454 965 541 1011; x_wconf 92' lang='lat' dir='ltr'>hoc</span> <span class='ocrx_word' id='word_1_77' title='bbox 568 964 708 1012; x_wconf 86' lang='lat' dir='ltr'>facitis</span> <span class='ocrx_word' id='word_1_78' title='bbox 731 983 740 1011; x_wconf 94' lang='lat'><strong>:</strong></span> <span class='ocrx_word' id='word_1_79' title='bbox 768 965 872 1029; x_wconf 88' lang='lat' dir='ltr'>quia</span> <span class='ocrx_word' id='word_1_80' title='bbox 903 965 1107 1029; x_wconf 85' lang='lat' dir='ltr'>iniquum</span> <span class='ocrx_word' id='word_1_81' title='bbox 1134 976 1195 1011; x_wconf 88' lang='lat' dir='ltr'>est</span> <span class='ocrx_word' id='word_1_82' title='bbox 1222 983 1348 1026; x_wconf 84' lang='lat' dir='ltr'>grave</span> <span class='ocrx_word' id='word_1_83' title='bbox 1374 983 1505 1031; x_wconf 85' lang='lat' dir='ltr'>super</span> 
     </span>
     <span class='ocr_line' id='line_1_12' title="bbox 122 1034 1367 1100; baseline 0.002 -20"><span class='ocrx_word' id='word_1_84' title='bbox 122 1034 331 1098; x_wconf 85' lang='lat' dir='ltr'>parvulos</span> <span class='ocrx_word' id='word_1_85' title='bbox 344 1039 499 1096; x_wconf 84' lang='lat' dir='ltr'>jugum</span> <span class='ocrx_word' id='word_1_86' title='bbox 519 1073 530 1093; x_wconf 85' lang='lat'><strong>,</strong></span> <span class='ocrx_word' id='word_1_87' title='bbox 559 1036 593 1082; x_wconf 94' lang='lat' dir='ltr'>si</span> <span class='ocrx_word' id='word_1_88' title='bbox 618 1036 790 1082; x_wconf 89' lang='lat' dir='ltr'>nullum</span> <span class='ocrx_word' id='word_1_89' title='bbox 809 1046 870 1082; x_wconf 88' lang='lat' dir='ltr'>est</span> <span class='ocrx_word' id='word_1_90' title='bbox 895 1036 1103 1096; x_wconf 79' lang='lat' dir='ltr'>originale</span> <span class='ocrx_word' id='word_1_91' title='bbox 1121 1048 1367 1100; x_wconf 85' lang='lat' dir='ltr'>peccatum.</span> 
     </span>
    </p>

    <p class='ocr_par' dir='ltr' id='par_1_5' title="bbox 121 1107 1504 1307">
     <span class='ocr_line' id='line_1_13' title="bbox 188 1107 1504 1171; baseline 0.003 -20"><span class='ocrx_word' id='word_1_92' title='bbox 188 1107 348 1153; x_wconf 84' lang='lat' dir='ltr'>LXIX.</span> <span class='ocrx_word' id='word_1_93' title='bbox 367 1107 392 1151; x_wconf 90' lang='lat' dir='ltr'>J</span> <span class='ocrx_word' id='word_1_94' title='bbox 400 1124 465 1153; x_wconf 75' lang='lat' dir='ltr'>UL.</span> <span class='ocrx_word' id='word_1_95' title='bbox 493 1107 837 1163; x_wconf 87' lang='lat' dir='ltr'>«Quialiberum</span> <span class='ocrx_word' id='word_1_96' title='bbox 858 1107 1105 1165; x_wconf 79' lang='lat' dir='ltr'><strong>arbitrium,</strong></span> <span class='ocrx_word' id='word_1_97' title='bbox 1123 1125 1214 1171; x_wconf 84' lang='lat' dir='ltr'>quo</span> <span class='ocrx_word' id='word_1_98' title='bbox 1227 1109 1504 1171; x_wconf 86' lang='lat' dir='ltr'>potissimum</span> 
     </span>
     <span class='ocr_line' id='line_1_14' title="bbox 122 1176 1502 1240; baseline 0.003 -19"><span class='ocrx_word' id='word_1_99' title='bbox 122 1176 328 1240; x_wconf 82' lang='lat' dir='ltr'>praesidio</span> <span class='ocrx_word' id='word_1_100' title='bbox 341 1188 491 1223; x_wconf 89' lang='lat' dir='ltr'>contra</span> <span class='ocrx_word' id='word_1_101' title='bbox 506 1177 694 1225; x_wconf 88' lang='lat' dir='ltr'>diversos</span> <span class='ocrx_word' id='word_1_102' title='bbox 709 1178 901 1225; x_wconf 82' lang='lat' dir='ltr'><strong>Ecclesia</strong></span> <span class='ocrx_word' id='word_1_103' title='bbox 923 1178 1086 1224; x_wconf 85' lang='lat' dir='ltr'>Christi</span> <span class='ocrx_word' id='word_1_104' title='bbox 1111 1179 1310 1225; x_wconf 86' lang='lat' dir='ltr'>munitur</span> <span class='ocrx_word' id='word_1_105' title='bbox 1323 1197 1502 1238; x_wconf 85' lang='lat' dir='ltr'>errores,</span> 
     </span>
     <span class='ocr_line' id='line_1_15' title="bbox 121 1246 654 1307; baseline -0.002 -15"><span class='ocrx_word' id='word_1_106' title='bbox 121 1246 320 1307; x_wconf 83' lang='lat' dir='ltr'>infringit</span> <span class='ocrx_word' id='word_1_107' title='bbox 336 1258 377 1294; x_wconf 89' lang='lat' dir='ltr'>et</span> <span class='ocrx_word' id='word_1_108' title='bbox 397 1248 580 1294; x_wconf 77' lang='lat' dir='ltr'>destruit</span> <span class='ocrx_word' id='word_1_109' title='bbox 605 1268 614 1294; x_wconf 92' lang='lat'><strong>:</strong></span> <span class='ocrx_word' id='word_1_110' title='bbox 633 1272 654 1291; x_wconf 86' lang='grc'><em>»</em></span> 
     </span>
    </p>

    <p class='ocr_par' dir='ltr' id='par_1_6' title="bbox 121 1319 1502 1450">
     <span class='ocr_line' id='line_1_16' title="bbox 188 1319 1502 1382; baseline 0.002 -18"><span class='ocrx_word' id='word_1_111' title='bbox 188 1321 302 1365; x_wconf 80' lang='lat' dir='ltr'><strong>AUG.</strong></span> <span class='ocrx_word' id='word_1_112' title='bbox 345 1319 556 1365; x_wconf 88' lang='lat' dir='ltr'>Liberum</span> <span class='ocrx_word' id='word_1_113' title='bbox 591 1319 824 1365; x_wconf 80' lang='lat' dir='ltr'>arbitrium</span> <span class='ocrx_word' id='word_1_114' title='bbox 857 1336 930 1365; x_wconf 87' lang='lat' dir='ltr'>vos</span> <span class='ocrx_word' id='word_1_115' title='bbox 972 1319 1222 1382; x_wconf 79' lang='lat' dir='ltr'>opprimitis</span> <span class='ocrx_word' id='word_1_116' title='bbox 1244 1356 1256 1376; x_wconf 84' lang='lat'>‚</span> <span class='ocrx_word' id='word_1_117' title='bbox 1297 1321 1369 1366; x_wconf 90' lang='lat' dir='ltr'>cui</span> <span class='ocrx_word' id='word_1_118' title='bbox 1398 1321 1502 1368; x_wconf 87' lang='lat' dir='ltr'>red-</span> 
     </span>
     <span class='ocr_line' id='line_1_17' title="bbox 121 1387 1194 1450; baseline 0 -16"><span class='ocrx_word' id='word_1_119' title='bbox 121 1387 264 1435; x_wconf 90' lang='lat' dir='ltr'>dendo</span> <span class='ocrx_word' id='word_1_120' title='bbox 285 1388 352 1436; x_wconf 83' lang='lat' dir='ltr'>vel</span> <span class='ocrx_word' id='word_1_121' title='bbox 376 1389 628 1450; x_wconf 80' lang='lat' dir='ltr'>adjuvando</span> <span class='ocrx_word' id='word_1_122' title='bbox 655 1390 734 1436; x_wconf 89' lang='lat' dir='ltr'>Dei</span> <span class='ocrx_word' id='word_1_123' title='bbox 753 1390 937 1450; x_wconf 80' lang='lat' dir='ltr'>gratiam</span> <span class='ocrx_word' id='word_1_124' title='bbox 963 1389 1194 1450; x_wconf 84' lang='lat' dir='ltr'>denegatis.</span> 
     </span>
    </p>

    <p class='ocr_par' dir='ltr' id='par_1_7' title="bbox 119 1459 1500 1666">
     <span class='ocr_line' id='line_1_18' title="bbox 185 1459 1500 1525; baseline 0.003 -20"><span class='ocrx_word' id='word_1_125' title='bbox 185 1460 321 1507; x_wconf 87' lang='lat' dir='ltr'>LXX.</span> <span class='ocrx_word' id='word_1_126' title='bbox 343 1459 370 1504; x_wconf 90' lang='lat' dir='ltr'><strong>J</strong></span> <span class='ocrx_word' id='word_1_127' title='bbox 375 1477 444 1507; x_wconf 87' lang='lat' dir='ltr'>UL.</span> <span class='ocrx_word' id='word_1_128' title='bbox 472 1482 491 1502; x_wconf 74' lang='grc' dir='ltr'>α</span> <span class='ocrx_word' id='word_1_129' title='bbox 509 1461 667 1507; x_wconf 90' lang='lat' dir='ltr'>Dicens</span> <span class='ocrx_word' id='word_1_130' title='bbox 692 1478 841 1507; x_wconf 86' lang='lat' dir='ltr'>omnes</span> <span class='ocrx_word' id='word_1_131' title='bbox 855 1461 1058 1507; x_wconf 88' lang='lat' dir='ltr'>homines</span> <span class='ocrx_word' id='word_1_132' title='bbox 1080 1460 1187 1507; x_wconf 85' lang='lat' dir='ltr'>adeo</span> <span class='ocrx_word' id='word_1_133' title='bbox 1204 1479 1385 1525; x_wconf 76' lang='lat' dir='ltr'>capaces</span> <span class='ocrx_word' id='word_1_134' title='bbox 1401 1463 1500 1509; x_wconf 88' lang='lat' dir='ltr'>nul-</span> 
     </span>
     <span class='ocr_line' id='line_1_19' title="bbox 119 1530 1500 1598; baseline 0.003 -22"><span class='ocrx_word' id='word_1_135' title='bbox 119 1530 202 1576; x_wconf 90' lang='lat' dir='ltr'>lius</span> <span class='ocrx_word' id='word_1_136' title='bbox 225 1548 312 1576; x_wconf 91' lang='lat' dir='ltr'>esse</span> <span class='ocrx_word' id='word_1_137' title='bbox 330 1531 522 1588; x_wconf 84' lang='lat' dir='ltr'>virtutis,</span> <span class='ocrx_word' id='word_1_138' title='bbox 552 1543 599 1578; x_wconf 88' lang='lat' dir='ltr'>ut</span> <span class='ocrx_word' id='word_1_139' title='bbox 616 1532 661 1578; x_wconf 92' lang='lat' dir='ltr'>in</span> <span class='ocrx_word' id='word_1_140' title='bbox 687 1533 791 1596; x_wconf 86' lang='lat' dir='ltr'>ipsis</span> <span class='ocrx_word' id='word_1_141' title='bbox 814 1543 1005 1578; x_wconf 90' lang='lat' dir='ltr'>matrum</span> <span class='ocrx_word' id='word_1_142' title='bbox 1029 1532 1289 1590; x_wconf 73' lang='lat' dir='ltr'>visceribus,</span> <span class='ocrx_word' id='word_1_143' title='bbox 1310 1534 1500 1598; x_wconf 83' lang='lat' dir='ltr'>antiquis</span> 
     </span>
     <span class='ocr_line' id='line_1_20' title="bbox 120 1601 711 1666; baseline -0.002 -20"><span class='ocrx_word' id='word_1_144' title='bbox 120 1601 380 1648; x_wconf 86' lang='lat' dir='ltr'>criminibus</span> <span class='ocrx_word' id='word_1_145' title='bbox 394 1602 674 1666; x_wconf 85' lang='lat' dir='ltr'>impleantur.</span> <span class='ocrx_word' id='word_1_146' title='bbox 691 1628 711 1645; x_wconf 69' lang='grc' dir='ltr'>ι,</span> 
     </span>
    </p>

    <p class='ocr_par' dir='ltr' id='par_1_8' title="bbox 111 1673 1496 1813">
     <span class='ocr_line' id='line_1_21' title="bbox 184 1673 1496 1734; baseline 0.002 -16"><span class='ocrx_word' id='word_1_147' title='bbox 184 1674 298 1720; x_wconf 69' lang='lat' dir='ltr'>Aue.</span> <span class='ocrx_word' id='word_1_148' title='bbox 341 1673 575 1730; x_wconf 85' lang='lat' dir='ltr'>Quomodo</span> <span class='ocrx_word' id='word_1_149' title='bbox 599 1674 842 1720; x_wconf 87' lang='lat' dir='ltr'>diceremus</span> <span class='ocrx_word' id='word_1_150' title='bbox 876 1675 1013 1734; x_wconf 88' lang='lat' dir='ltr'>gratia</span> <span class='ocrx_word' id='word_1_151' title='bbox 1040 1674 1268 1733; x_wconf 80' lang='lat' dir='ltr'>justificari</span> <span class='ocrx_word' id='word_1_152' title='bbox 1293 1713 1302 1731; x_wconf 76' lang='grc'>,</span> <span class='ocrx_word' id='word_1_153' title='bbox 1330 1675 1376 1721; x_wconf 91' lang='lat' dir='ltr'>id</span> <span class='ocrx_word' id='word_1_154' title='bbox 1404 1687 1496 1733; x_wconf 84' lang='lat' dir='ltr'>est,</span> 
     </span>
     <span class='ocr_line' id='line_1_22' title="bbox 111 1743 1495 1813; baseline 0.001 -24"><span class='ocrx_word' id='word_1_155' title='bbox 111 1748 251 1804; x_wconf 82' lang='lat' dir='ltr'>J&#39;ustos</span> <span class='ocrx_word' id='word_1_156' title='bbox 269 1744 380 1800; x_wconf 79' lang='lat' dir='ltr'>fieri,</span> <span class='ocrx_word' id='word_1_157' title='bbox 407 1743 442 1789; x_wconf 91' lang='lat' dir='ltr'>si</span> <span class='ocrx_word' id='word_1_158' title='bbox 467 1761 648 1807; x_wconf 85' lang='lat' dir='ltr'>capaces</span> <span class='ocrx_word' id='word_1_159' title='bbox 669 1745 843 1792; x_wconf 78' lang='lat' dir='ltr'>virtutis</span> <span class='ocrx_word' id='word_1_160' title='bbox 867 1745 1067 1790; x_wconf 83' lang='lat' dir='ltr'>homines</span> <span class='ocrx_word' id='word_1_161' title='bbox 1096 1749 1384 1804; x_wconf 70' lang='lat' dir='ltr'>negaremus?</span> <span class='ocrx_word' id='word_1_162' title='bbox 1433 1773 1495 1813; x_wconf 22' lang='lat' dir='ltr'>W*</span> 
     </span>
    </p>

    <p class='ocr_par' dir='ltr' id='par_1_9' title="bbox 116 1811 1501 2074">
     <span class='ocr_line' id='line_1_23' title="bbox 182 1811 1501 1872; baseline 0.002 -12"><span class='ocrx_word' id='word_1_163' title='bbox 182 1811 343 1862; x_wconf 85' lang='lat' dir='ltr'>LXXI.</span> <span class='ocrx_word' id='word_1_164' title='bbox 377 1815 478 1861; x_wconf 84' lang='lat' dir='ltr'><strong>JUL.</strong></span> <span class='ocrx_word' id='word_1_165' title='bbox 509 1816 750 1871; x_wconf 85' lang='lat' dir='ltr'>«Quorum</span> <span class='ocrx_word' id='word_1_166' title='bbox 777 1826 918 1861; x_wconf 88' lang='lat' dir='ltr'>tamen</span> <span class='ocrx_word' id='word_1_167' title='bbox 944 1816 1152 1862; x_wconf 87' lang='lat' dir='ltr'>scelerum</span> <span class='ocrx_word' id='word_1_168' title='bbox 1179 1816 1266 1862; x_wconf 86' lang='lat' dir='ltr'>vim</span> <span class='ocrx_word' id='word_1_169' title='bbox 1286 1853 1297 1872; x_wconf 83' lang='lat'>‚</span> <span class='ocrx_word' id='word_1_170' title='bbox 1319 1834 1406 1862; x_wconf 89' lang='lat' dir='ltr'>non</span> <span class='ocrx_word' id='word_1_171' title='bbox 1429 1833 1501 1862; x_wconf 85' lang='lat' dir='ltr'>so-</span> 
     </span>
     <span class='ocr_line' id='line_1_24' title="bbox 116 1885 1499 1949; baseline 0 -17"><span class='ocrx_word' id='word_1_172' title='bbox 116 1885 206 1932; x_wconf 91' lang='lat' dir='ltr'>lum</span> <span class='ocrx_word' id='word_1_173' title='bbox 228 1885 513 1949; x_wconf 85' lang='lat' dir='ltr'>expultricem</span> <span class='ocrx_word' id='word_1_174' title='bbox 532 1886 798 1932; x_wconf 62' lang='lat' dir='ltr'>innocentiae</span> <span class='ocrx_word' id='word_1_175' title='bbox 823 1886 1049 1942; x_wconf 80' lang='lat' dir='ltr'>naturalis,</span> <span class='ocrx_word' id='word_1_176' title='bbox 1068 1887 1396 1940; x_wconf 80' lang='lat' dir='ltr'>commentaris3</span> <span class='ocrx_word' id='word_1_177' title='bbox 1420 1904 1499 1932; x_wconf 91' lang='lat' dir='ltr'>ve-</span> 
     </span>
     <span class='ocr_line' id='line_1_25' title="bbox 116 1957 1499 2020; baseline 0 -17"><span class='ocrx_word' id='word_1_178' title='bbox 116 1957 348 2003; x_wconf 85' lang='lat' dir='ltr'>rumetiam</span> <span class='ocrx_word' id='word_1_179' title='bbox 381 1957 586 2020; x_wconf 78' lang='lat' dir='ltr'>deinceps</span> <span class='ocrx_word' id='word_1_180' title='bbox 622 1975 701 2020; x_wconf 86' lang='lat' dir='ltr'>per</span> <span class='ocrx_word' id='word_1_181' title='bbox 743 1968 880 2003; x_wconf 86' lang='lat' dir='ltr'>totam</span> <span class='ocrx_word' id='word_1_182' title='bbox 917 1958 1052 2003; x_wconf 85' lang='lat' dir='ltr'>vitam</span> <span class='ocrx_word' id='word_1_183' title='bbox 1075 1957 1120 2002; x_wconf 90' lang='lat' dir='ltr'>in</span> <span class='ocrx_word' id='word_1_184' title='bbox 1153 1958 1258 2003; x_wconf 84' lang='lat' dir='ltr'>vitia</span> <span class='ocrx_word' id='word_1_185' title='bbox 1299 1958 1499 2004; x_wconf 87' lang='lat' dir='ltr'>universa</span> 
     </span>
     <span class='ocr_line' id='line_1_26' title="bbox 117 2038 434 2074; baseline -0.009 -1"><span class='ocrx_word' id='word_1_186' title='bbox 117 2038 394 2074; x_wconf 82' lang='lat' dir='ltr'>coactricem.</span> <span class='ocrx_word' id='word_1_187' title='bbox 413 2050 434 2070; x_wconf 79' lang='lat'>›&gt;</span> 
     </span>
    </p>

    <p class='ocr_par' dir='ltr' id='par_1_10' title="bbox 115 2098 1499 2288">
     <span class='ocr_line' id='line_1_27' title="bbox 180 2098 1499 2161; baseline -0.001 -16"><span class='ocrx_word' id='word_1_188' title='bbox 180 2099 296 2145; x_wconf 75' lang='lat' dir='ltr'>Aue.</span> <span class='ocrx_word' id='word_1_189' title='bbox 323 2102 404 2144; x_wconf 89' lang='lat' dir='ltr'>Per</span> <span class='ocrx_word' id='word_1_190' title='bbox 430 2098 511 2144; x_wconf 89' lang='lat' dir='ltr'>Dei</span> <span class='ocrx_word' id='word_1_191' title='bbox 535 2098 717 2159; x_wconf 82' lang='lat' dir='ltr'>gratiam</span> <span class='ocrx_word' id='word_1_192' title='bbox 742 2099 954 2144; x_wconf 87' lang='lat' dir='ltr'>minuitur</span> <span class='ocrx_word' id='word_1_193' title='bbox 978 2135 989 2153; x_wconf 84' lang='grc'><em>,</em></span> <span class='ocrx_word' id='word_1_194' title='bbox 1014 2115 1094 2161; x_wconf 83' lang='lat' dir='ltr'>per</span> <span class='ocrx_word' id='word_1_195' title='bbox 1124 2099 1204 2143; x_wconf 91' lang='lat' dir='ltr'>Dei</span> <span class='ocrx_word' id='word_1_196' title='bbox 1230 2099 1413 2158; x_wconf 82' lang='lat' dir='ltr'>gratiam</span> <span class='ocrx_word' id='word_1_197' title='bbox 1440 2099 1499 2144; x_wconf 83' lang='lat' dir='ltr'>fi-</span> 
     </span>
     <span class='ocr_line' id='line_1_28' title="bbox 115 2168 1498 2234; baseline -0.001 -18"><span class='ocrx_word' id='word_1_198' title='bbox 115 2169 235 2217; x_wconf 86' lang='lat' dir='ltr'>nitur</span> <span class='ocrx_word' id='word_1_199' title='bbox 259 2168 486 2215; x_wconf 80' lang='lat' dir='ltr'>necessitas</span> <span class='ocrx_word' id='word_1_200' title='bbox 501 2180 647 2215; x_wconf 88' lang='lat' dir='ltr'>nostra</span> <span class='ocrx_word' id='word_1_201' title='bbox 668 2187 679 2214; x_wconf 73' lang='grc' dir='ltr'>ε</span> <span class='ocrx_word' id='word_1_202' title='bbox 704 2187 791 2216; x_wconf 89' lang='lat' dir='ltr'>non</span> <span class='ocrx_word' id='word_1_203' title='bbox 814 2169 890 2215; x_wconf 90' lang='lat' dir='ltr'>hic</span> <span class='ocrx_word' id='word_1_204' title='bbox 914 2168 1051 2214; x_wconf 82' lang='lat' dir='ltr'>habet</span> <span class='ocrx_word' id='word_1_205' title='bbox 1074 2168 1196 2232; x_wconf 87' lang='lat' dir='ltr'>quod</span> <span class='ocrx_word' id='word_1_206' title='bbox 1217 2179 1315 2229; x_wconf 83' lang='lat' dir='ltr'>agat</span> <span class='ocrx_word' id='word_1_207' title='bbox 1334 2169 1498 2234; x_wconf 89' lang='lat' dir='ltr'>loqua-</span> 
     </span>
     <span class='ocr_line' id='line_1_29' title="bbox 116 2251 396 2288; baseline 0.004 -1"><span class='ocrx_word' id='word_1_208' title='bbox 116 2251 222 2287; x_wconf 80' lang='lat' dir='ltr'>citas</span> <span class='ocrx_word' id='word_1_209' title='bbox 241 2251 396 2288; x_wconf 87' lang='lat' dir='ltr'>vestra.</span> 
     </span>
    </p>

    <p class='ocr_par' dir='ltr' id='par_1_11' title="bbox 112 2311 1500 2658">
     <span class='ocr_line' id='line_1_30' title="bbox 178 2311 1496 2375; baseline -0.002 -17"><span class='ocrx_word' id='word_1_210' title='bbox 178 2313 362 2360; x_wconf 88' lang='lat' dir='ltr'>LXXII.</span> <span class='ocrx_word' id='word_1_211' title='bbox 390 2312 491 2360; x_wconf 79' lang='lat' dir='ltr'><strong>JUL.</strong></span> <span class='ocrx_word' id='word_1_212' title='bbox 517 2334 537 2354; x_wconf 79' lang='grc' dir='ltr'>α</span> <span class='ocrx_word' id='word_1_213' title='bbox 554 2313 696 2370; x_wconf 87' lang='lat' dir='ltr'>Quam</span> <span class='ocrx_word' id='word_1_214' title='bbox 710 2312 844 2373; x_wconf 84' lang='lat' dir='ltr'>legem</span> <span class='ocrx_word' id='word_1_215' title='bbox 866 2311 996 2357; x_wconf 86' lang='lat' dir='ltr'>etiam</span> <span class='ocrx_word' id='word_1_216' title='bbox 1014 2311 1246 2374; x_wconf 89' lang='lat' dir='ltr'>peccatiin</span> <span class='ocrx_word' id='word_1_217' title='bbox 1261 2311 1496 2375; x_wconf 86' lang='lat' dir='ltr'>Prophetis</span> 
     </span>
     <span class='ocr_line' id='line_1_31' title="bbox 114 2381 1500 2446; baseline -0.001 -18"><span class='ocrx_word' id='word_1_218' title='bbox 114 2392 155 2428; x_wconf 88' lang='lat' dir='ltr'>et</span> <span class='ocrx_word' id='word_1_219' title='bbox 179 2382 398 2446; x_wconf 89' lang='lat' dir='ltr'>Apostolis</span> <span class='ocrx_word' id='word_1_220' title='bbox 418 2387 509 2443; x_wconf 82' lang='lat' dir='ltr'>jam</span> <span class='ocrx_word' id='word_1_221' title='bbox 526 2401 682 2444; x_wconf 85' lang='lat' dir='ltr'>magno</span> <span class='ocrx_word' id='word_1_222' title='bbox 707 2400 879 2429; x_wconf 85' lang='lat' dir='ltr'>morum</span> <span class='ocrx_word' id='word_1_223' title='bbox 904 2393 945 2427; x_wconf 86' lang='lat' dir='ltr'>et</span> <span class='ocrx_word' id='word_1_224' title='bbox 961 2383 1183 2442; x_wconf 85' lang='lat' dir='ltr'>signorum</span> <span class='ocrx_word' id='word_1_225' title='bbox 1204 2381 1371 2442; x_wconf 83' lang='lat' dir='ltr'>fulgore</span> <span class='ocrx_word' id='word_1_226' title='bbox 1392 2399 1500 2427; x_wconf 87' lang='lat' dir='ltr'>con·</span> 
     </span>
     <span class='ocr_line' id='line_1_32' title="bbox 112 2453 1495 2518; baseline -0.001 -17"><span class='ocrx_word' id='word_1_227' title='bbox 112 2453 289 2517; x_wconf 82' lang='lat' dir='ltr'>spicuiS‚</span> <span class='ocrx_word' id='word_1_228' title='bbox 312 2464 353 2499; x_wconf 88' lang='lat' dir='ltr'>et</span> <span class='ocrx_word' id='word_1_229' title='bbox 369 2465 468 2517; x_wconf 88' lang='lat' dir='ltr'>post</span> <span class='ocrx_word' id='word_1_230' title='bbox 486 2454 608 2500; x_wconf 87' lang='lat' dir='ltr'>illam</span> <span class='ocrx_word' id='word_1_231' title='bbox 630 2455 812 2515; x_wconf 84' lang='lat' dir='ltr'>gratiam</span> <span class='ocrx_word' id='word_1_232' title='bbox 832 2454 1139 2518; x_wconf 77' lang='lat' dir='ltr'>mysteriorum</span> <span class='ocrx_word' id='word_1_233' title='bbox 1161 2453 1346 2510; x_wconf 75' lang='lat' dir='ltr'>Christi,</span> <span class='ocrx_word' id='word_1_234' title='bbox 1361 2470 1495 2517; x_wconf 90' lang='lat' dir='ltr'>quam</span> 
     </span>
     <span class='ocr_line' id='line_1_33' title="bbox 113 2524 1499 2589; baseline 0.001 -19"><span class='ocrx_word' id='word_1_235' title='bbox 113 2535 161 2570; x_wconf 85' lang='lat' dir='ltr'>tu</span> <span class='ocrx_word' id='word_1_236' title='bbox 184 2524 254 2570; x_wconf 91' lang='lat' dir='ltr'>his</span> <span class='ocrx_word' id='word_1_237' title='bbox 270 2525 477 2572; x_wconf 89' lang='lat' dir='ltr'>omnibus</span> <span class='ocrx_word' id='word_1_238' title='bbox 491 2526 705 2587; x_wconf 87' lang='lat' dir='ltr'>dogmatis</span> <span class='ocrx_word' id='word_1_239' title='bbox 722 2527 785 2573; x_wconf 88' lang='lat' dir='ltr'>tui</span> <span class='ocrx_word' id='word_1_240' title='bbox 796 2525 971 2587; x_wconf 82' lang='lat' dir='ltr'>flagitiis</span> <span class='ocrx_word' id='word_1_241' title='bbox 986 2525 1194 2589; x_wconf 84' lang='lat' dir='ltr'>opitulari</span> <span class='ocrx_word' id='word_1_242' title='bbox 1213 2535 1360 2589; x_wconf 88' lang='lat' dir='ltr'>putas,</span> <span class='ocrx_word' id='word_1_243' title='bbox 1378 2542 1499 2571; x_wconf 87' lang='lat' dir='ltr'>man-</span> 
     </span>
     <span class='ocr_line' id='line_1_34' title="bbox 113 2596 730 2658; baseline 0.003 -16"><span class='ocrx_word' id='word_1_244' title='bbox 113 2596 212 2642; x_wconf 90' lang='lat' dir='ltr'>sisse</span> <span class='ocrx_word' id='word_1_245' title='bbox 228 2605 270 2642; x_wconf 83' lang='lat' dir='ltr'>et</span> <span class='ocrx_word' id='word_1_246' title='bbox 292 2596 476 2657; x_wconf 89' lang='lat' dir='ltr'>viguisse</span> <span class='ocrx_word' id='word_1_247' title='bbox 502 2597 687 2658; x_wconf 81' lang='lat' dir='ltr'>derras.</span> <span class='ocrx_word' id='word_1_248' title='bbox 710 2619 730 2640; x_wconf 85' lang='lat'>›&gt;</span> 
     </span>
    </p>
   </div>
  </div>
 </body>
</html>
