1863 3262
202 301 357 333 opums
393 298 653 332 lMPERFECTI
690 298 867 329 CONTRA
901 299 1146 341 summost,
1188 302 1274 332 1111.
1319 303 1378 331 1v.
1441 283 1524 331 155

218 368 332 414 Aoo.
366 367 411 414 si
435 382 523 412 non
551 375 598 417 tu
622 365 682 410 ita
705 365 889 427 posuisti
912 365 1015 410 libri
1048 365 1180 411 verba
1211 366 1346 412 divini
1369 404 1378 422 ,
1416 366 1529 411 sicut

151 453 229 497 ego
245 437 289 483 in
308 436 381 483 illa
398 435 598 482 chartula
620 435 791 489 inveni3
814 452 899 480 non
920 435 1004 480 tibi
1024 472 1033 490 ‚
1059 435 1131 480 sed
1159 437 1196 481 ei
1216 439 1291 499 qui
1314 438 1374 482 sic
1394 437 1530 499 scrip-

152 508 225 563 sit,
251 506 399 566 ignovi
421 523 433 550 1
464 506 536 551 cui
562 508 691 550 ambo
718 505 927 550 debemus
947 505 1180 564 ignoscere.
1219 507 1265 551 Si
1295 516 1437 551 autem
1462 522 1530 551 1116

152 587 281 640 putas
305 592 394 622 non
421 576 508 621 hoc
532 575 743 622 invenisse
765 576 810 620 in
843 575 1044 621 chartula
1061 613 1072 631 ,
1104 575 1179 621 sed
1214 586 1419 638 tanquam
1444 576 1531 621 1106

152 647 412 700 invenerim,
438 646 535 692 ideo
559 645 825 691 mendaciter
850 645 924 690 illa
951 646 1085 691 verba
1108 645 1322 708 posuisse,
1345 655 1393 690 ut
1428 655 1533 690 esset

150 715 270 780 quod
289 717 522 762 tribuerem
543 717 666 781 quasi
690 717 823 761 errori
853 726 929 761 tuo
951 735 962 769 3
990 733 1109 760 nunc
1131 716 1211 761 tibi
1240 726 1354 761 certe
1372 752 1382 772 ‚
1410 715 1531 778 quod

151 798 239 834 tam
258 787 370 834 male
391 804 441 833 ac
461 787 568 833 falso
591 787 645 832 de
665 804 732 834 me
749 786 882 832 fueris
911 787 1133 849 opinatus,
1160 786 1352 846 ignosco.
1374 806 1393 826 ›>

217 859 267 905 V.
297 858 399 905 JUL.
434 880 452 897 u
476 859 713 922 Postquam
734 874 834 917 ergo
853 857 939 902 hoc
958 857 1033 902 tali
1053 857 1262 916 gravitate
1289 855 1531 919 reprehen—

151 927 233 985 dit,
259 923 402 992 pergit
420 928 474 974 ad
492 929 675 993 reliqua,
702 945 751 974 ac
774 938 1010 992 patronum
1031 944 1159 973 suum
1184 937 1432 973 commonet
1454 963 1465 982 ‚
1485 936 1534 971 ut

151 999 330 1062 hisquae
351 1010 595 1061 sequuntur
622 998 860 1044 attendat.»
884 999 998 1043 Deus
1014 997 1194 1058 igitur1‚
1218 997 1377 1062 inquit,
1407 997 1534 1041 maris

151 1080 322 1121 ereator
340 1079 383 1114 et
398 1067 614 1126 foeminae,
642 1068 943 1115 convenientia
968 1069 1316 1128 generationibus
1337 1067 1534 1113 membra

150 1135 375 1186 formavit:
395 1159 416 1185 ς(
433 1139 517 1185 Sed
542 1139 629 1184 1106
653 1148 823 1184 tantum
855 1137 908 1183 de
931 1139 1076 1200 capite
1098 1138 1318 1184 dictorum
1337 1154 1533 1183 meorum

151 1209 339 1256 inserens
356 1247 367 1266 ‚
389 1209 689 1273 praetermissis
707 1209 906 1272 plurimis
930 1210 1108 1255 omnino
1129 1210 1347 1265 versibus,
1371 1209 1535 1272 quibus

151 1280 321 1326 novitas
345 1280 620 1351 potissimum
642 1279 891 1326 inculcatur
913 1280 1155 1325 animarum
1175 1279 1289 1324 nihil
1313 1290 1388 1324 aut
1414 1279 1535 1324 carni

154 1360 228 1397 aut
258 1352 411 1396 semini
445 1351 731 1406 debentium,
773 1350 925 1395 subdit
963 1349 1075 1395 illud
1117 1367 1288 1406 meum,
1325 1352 1392 1394 Ita
1419 1349 1536 1409 gigni

152 1437 341 1485 corpora
369 1420 424 1467 de
446 1422 706 1485 corporibus
741 1421 961 1467 ordinavit.
992 1439 1002 1465 z
1032 1437 1221 1484 quorum
1257 1430 1400 1466 tamen
1441 1419 1536 1465 effi-

153 1492 326 1537 cientiae
345 1492 540 1555 potentia
557 1492 821 1555 operationis
850 1492 1079 1536 intervenit
1099 1529 1109 1546 ‚
1140 1509 1266 1537 omne
1292 1490 1410 1554 quod
1436 1500 1495 1535 est
1521 1527 1531 1545 ,

153 1579 203 1608 ea
223 1562 530 1608 administra-ns
555 1564 736 1619 virtute,
760 1579 847 1626 qua
882 1561 1097 1608 condidit„
1121 1562 1167 1607 Si
1187 1563 1320 1627 igitur
1344 1578 1433 1606 non
1456 1561 1535 1605 nisi

153 1648 234 1696 per
256 1644 403 1678 sexum
421 1633 572 1690 foetus,
603 1650 689 1679 non
710 1633 792 1678 nisi
813 1649 893 1696 per
915 1649 1074 1695 corpus
1089 1649 1224 1688 sexus,
1252 1650 1339 1677 1100
1362 1631 1443 1676 nisi
1461 1647 1538 1693 per

155 1706 299 1747 Deum
321 1719 482 1766 eorpus
502 1722 513 1757 ;
540 1704 636 1766 quis
658 1700 850 1762 ambigat
874 1701 1206 1748 foecunditatem
1232 1703 1323 1747 Deo
1341 1705 1438 1761 jure
1467 1718 1536 1745 re-

155 1773 335 1835 putari?
362 1774 600 1836 Postquam
626 1774 724 1820 haec
747 1774 893 1836 itaque
913 1773 967 1818 de
1001 1790 1094 1817 meo
1113 1774 1281 1836 posuit,
1311 1788 1538 1817 6001111611-

157 1842 234 1888 dat
251 1844 458 1906 quoniam
481 1844 698 1890 catholice
718 1861 767 1889 ea
784 1843 903 1889 dicta
921 1843 1049 1889 etiam
1078 1844 1170 1906 ipse
1187 1843 1387 1888 fateatur.
1426 1841 1537 1898 Quis

157 1930 247 1958 non
269 1923 370 1973 ergo
387 1923 562 1976 putaret
587 1915 808 1959 hominem
832 1913 962 1959 fuisse
987 1917 1240 1959 mutatum?
1268 1914 1429 1958 Verum
1450 1929 1538 1956 non

159 1983 210 2027 fit
241 1983 469 2028 immemor
505 1984 598 2037 sui3
641 1984 714 2029 sed
748 1983 931 2028 similem
971 1983 1265 2029 conditionem
1302 1983 1539 2028 arbitratur

157 2052 287 2116 pravi
309 2052 526 2113 dogmatis
548 2052 790 2116 etpudoris
809 2090 819 2109 ‚
847 2064 896 2098 ut
919 2054 1048 2098 etiam
1076 2053 1187 2099 iilud
1210 2054 1442 2117 perspicuo
1468 2068 1539 2096 re-

157 2131 338 2189 paretur
356 2121 514 2186 exitio?
539 2123 743 2169 sieuthic
768 2123 938 2168 assiduo
963 2122 1154 2168 durescit
1183 2123 1348 2169 attritu.
1374 2121 1541 2166 Probat

160 2204 262 2252 ergo
291 2193 547 2238 sententiam
573 2210 740 2248 meam,
781 2203 823 2238 et
861 2192 1021 2239 ferrum
1053 2193 1304 2256 praejudicii
1328 2192 1372 2238 in
1407 2190 1539 2236 fidem

161 2272 285 2308 suam
326 2272 565 2326 spontaneo
605 2263 756 2323 defigit
785 2263 986 2326 amplexu
1018 2281 1029 2307 ε
1066 2263 1138 2309 sed
1170 2274 1271 2334 post
1293 2263 1391 2309 haec
1418 2261 1542 2325 quasi

161 2333 327 2392 integer-
343 2333 502 2379 virium
516 2371 528 2391 ,
554 2343 752 2379 autumat
769 2350 986 2397 superesse
1009 2350 1097 2397 quo
1117 2333 1308 2380 dimicet.
1338 2333 1408 2378 Sic
1427 2331 1541 2378 enim

164 2404 364 2471 sequitur
393 2421 405 2449 ε
433 2426 453 2445 n
473 2406 577 2450 Post
611 2405 710 2450 haec
733 2421 833 2468 quae
856 2405 1068 2451 veraciter
1103 2415 1147 2450 et
1179 2404 1395 2451 catholice
1423 2404 1543 2449 dicta

165 2485 283 2530 sunt,
305 2474 394 2521 imo
412 2475 458 2520 in
483 2474 642 2521 divinis
678 2475 800 2521 libris
821 2475 1030 2521 veraciter
1053 2476 1217 2539 scripta
1232 2513 1242 2531 ‚
1279 2492 1368 2521 non
1398 2483 1541 2519 autem

152 2545 223 2591 .ab
241 2544 324 2591 isto
342 2545 564 2591 catholice
579 2545 701 2592 dicta
719 2556 847 2603 sunt,
868 2546 971 2609 quia
1005 2562 1092 2591 non
1125 2546 1364 2593 intentione
1389 2546 1541 2592 catho-

216 2628 227 2651 ¹
248 2627 356 2659 Verba
368 2628 491 2663 Juliaui
507 2639 544 2661 ex
559 2633 695 2671 August.
717 2629 756 2661 de
773 2631 873 2672 Nupt.
894 2629 953 2662 lib.
979 2641 1010 2662 2.
1033 2640 1060 2661 c.
1078 2635 1109 2666 4,
