1863 3262
345 275 398 304 12
766 274 801 304 S.
845 272 1089 304 AUGUSTINI
1126 273 1331 306 EPISCOPI

400 339 519 386 XVI.
561 339 660 385 JUL.
703 359 723 379 «
748 339 862 399 Ergo
888 350 1038 385 contra
1062 339 1179 385 hanc
1200 340 1340 386 nitens
1360 339 1421 386 ire
1445 341 1720 399 sententiam,

338 410 502 473 pariter
517 409 608 454 fieri
628 420 808 465 asserat,
834 410 953 472 quod
967 411 1129 473 pariter
1150 427 1201 455 ne
1222 411 1342 455 fieret
1358 411 1621 474 imperatum
1642 423 1717 460 est.

337 479 527 524 Facilius
547 479 715 542 quippe
748 478 812 524 lex
838 480 917 524 Dei
945 480 1115 540 negari,
1144 497 1276 544 quam
1302 481 1524 526 emendari
1552 493 1723 545 potest;

338 560 380 595 et
406 549 508 595 licet
533 549 588 594 sit
611 550 794 612 profana
820 551 989 610 negatio
1010 588 1020 606 ,
1048 551 1274 613 profanior
1298 561 1442 596 tamen
1470 551 1728 598 absurdior-

340 636 425 683 que
445 620 657 665 correctio
678 630 753 666 est.
792 620 836 664 Si
863 621 975 665 enim
1000 620 1053 666 de
1072 621 1247 666 duobus
1268 625 1361 681 ejus
1387 620 1571 666 decretis
1591 638 1728 668 unum

338 690 585 743 venereris
634 690 814 734 alterum
860 690 1065 735 execreris
1110 708 1183 750 1110
1189 701 1304 736 ratus
1322 728 1332 747 ,
1383 691 1440 736 ab
1477 695 1568 769 ejus
1605 702 1729 754 parte

340 760 461 838 quod
484 761 697 840 suscipi5,
728 770 769 805 et
798 759 862 805 illi
886 761 1050 820 cog-mis
1073 761 1252 807 obedire
1265 761 1385 825 quod
1403 762 1597 824 respuis;
1616 779 1730 825 quo-

343 831 459 876 niam
497 832 624 876 unius
662 831 783 894 quod
820 831 902 876 tibi
929 832 1117 877 cha1um
1153 842 1217 878 est
1251 832 1485 892 dignitate,
1526 833 1653 878 etiam
1685 832 1731 878 id

342 901 461 980 quod
496 903 748 948 aversabate
786 901 1034 947 defenditur
1063 920 1073 947 :
1111 914 1241 967 atque
1277 903 1587 949 absurdissime
1618 921 1666 948 ea
1690 919 1733 949 se

344 973 577 1036 quisquam
596 973 735 1018 credit
758 985 982 1036 praecepta
1002 975 1224 1031 venerali‚
1253 992 1443 1038 quorum
1461 984 1632 1053 partem
1653 990 1734 1020 au-

349 1043 462 1089 det
452 1061 674 1090 lncessere.
700 1044 826 1089 [nde
853 1046 1185 1108 consequentius
1208 1057 1350 1110 potest
1371 1045 1515 1105 negari
1542 1045 1604 1090 lex
1631 1045 1734 1091 uni-

349 1131 495 1167 versa,
523 1131 655 1177 quam
690 1115 845 1174 corrigi
876 1133 886 1159 ε
915 1133 1042 1160 nemo
1083 1127 1227 1162 autem
1266 1134 1359 1162 eam
1387 1117 1627 1176 corrigere,
1653 1115 1736 1161 nisi

347 1184 509 1247 impius
533 1184 717 1248 quisque
743 1185 925 1230 tentabit
947 1203 957 1230 :
985 1203 1007 1231 3
1032 1185 1237 1245 religiosis
1255 1203 1356 1247 ergo
1379 1197 1421 1231 et
1444 1185 1737 1249 prudentibus

349 1266 439 1300 tota
466 1255 720 1317 suspicitur,
751 1267 839 1301 tota
861 1256 1082 1303 laudatur.
1113 1258 1203 1303 Nec
1227 1275 1326 1303 sane
1341 1274 1606 1321 quemquam
1637 1273 1736 1302 mo-

357 1336 455 1371 veat
469 1362 479 1381 ,
497 1324 617 1389 quod
638 1326 770 1371 ritum
791 1327 1102 1373 sacrificiorum
1126 1338 1319 1374 veterum
1343 1328 1457 1374 Novi
1476 1326 1741 1373 Testamenti

349 1396 495 1442 videat
511 1406 637 1441 aetate
661 1413 856 1443 cessasse.
886 1398 983 1442 Non
1009 1408 1071 1443 est
1098 1414 1183 1443 una
1208 1399 1319 1444 ratio
1338 1399 1551 1444 virtutum
1569 1408 1610 1442 et
1630 1397 1739 1442 hos-

350 1466 508 1512 tiarum
538 1484 548 1511 z
578 1466 660 1511 alia
675 1477 736 1512 est
756 1479 1084 1531 praeceptorum
1105 1469 1350 1532 perennitas
1367 1506 1378 1525 ,
1398 1468 1479 1514 alia
1499 1468 1741 1514 sacriflcio-

352 1555 450 1583 rum
491 1537 799 1601 temporalitas,
831 1539 1038 1585 Veniente
1071 1550 1217 1585 tamen
1243 1539 1446 1595 Christo,
1477 1539 1555 1603 qui
1588 1537 1742 1583 hostiis

351 1608 627 1669 figurabatur
662 1609 882 1673 antiquis,
913 1610 1093 1674 impleta
1129 1621 1253 1666 sunt,
1298 1628 1387 1656 non
1423 1610 1738 1665 condemnata,

352 1696 452 1742 quae
468 1678 640 1725 fuerant
666 1680 880 1728 instituta.
908 1682 1058 1745 Neque
1077 1682 1192 1728 enim
1212 1682 1297 1727 suis
1327 1681 1598 1746 temporibus
1618 1697 1741 1744 prae-

354 1750 563 1795 dicuntur
585 1751 767 1796 exercita
789 1768 798 1795 :
821 1751 894 1797 sed
914 1752 1171 1798 succedente
1196 1752 1461 1816 perfectione
1478 1789 1489 1809 ,
1513 1768 1614 1815 quae
1633 1767 1744 1814 pro-

357 1821 482 1866 missa
510 1821 662 1868 officiis
682 1839 832 1868 eorum
854 1822 1072 1880 fueranffl,
1100 1824 1373 1888 quieverunt.
1396 1845 1415 1865 ›>

424 1893 538 1940 Aua.
582 1893 679 1939 Hoc
696 1893 804 1956 quid
825 1893 879 1939 ad
896 1911 984 1939 rem
1001 1898 1019 1941 Ρ
1038 1896 1223 1940 Peccata
1244 1905 1423 1958 patrum
1441 1911 1483 1939 se
1501 1892 1608 1938 dixit
1627 1894 1746 1937 Deus

354 1963 399 2009 in
439 1964 549 2009 filios
590 1964 917 2021 redditurum2,
952 1983 1039 2010 non
1077 1965 1291 2011 sacrificia
1323 1983 1333 2010 ε
1366 1975 1408 2010 et
1445 1982 1546 2010 cum
1581 1963 1749 2027 possint

356 2034 486 2080 etiam
524 2046 726 2097 parentes
766 2035 929 2080 imitari
977 2035 1111 2081 malos
1149 2035 1283 2092 filios,
1328 2051 1555 2097 nunquam
1602 2043 1748 2078 tamen

358 2103 466 2149 dixit
500 2104 644 2149 Deus:
672 2125 691 2144 «
713 2104 914 2149 Reddam
937 2116 1115 2167 peccata
1142 2105 1334 2150 filiorum
1366 2105 1411 2150 in
1433 2114 1603 2167 patres3
1625 2123 1645 2143 ›>
1671 2101 1746 2147 sed

359 2175 631 2238 ubicumque
656 2174 744 2220 hoc
773 2174 904 2231 dixit,
939 2192 1042 2220 cum
1074 2193 1190 2239 saepe
1224 2176 1312 2221 hoc
1348 2175 1534 2230 dixerit,
1567 2183 1748 2237 patrum

358 2245 466 2290 dixit
486 2245 529 2290 in
545 2245 683 2298 filios3
706 2245 783 2291 ubi
808 2246 959 2309 utique
975 2245 1304 2306 generationis-⁹³,
1323 2243 1680 2291 nonimitationis
1705 2260 1748 2289 se

357 2316 548 2362 ostendit
565 2316 671 2362 vitia
687 2328 1029 2382 persequentem.

424 2387 567 2434 XVII.
610 2388 709 2434 Jcr..
756 2409 774 2428 «
798 2389 1025 2451 Prfecepta
1051 2397 1219 2445 autem,
1237 2388 1398 2452 quibus
1417 2387 1581 2451 pietas,
1615 2384 1744 2439 fides,

347 2458 515 2518 Justitia
533 2495 544 2514 ,
570 2458 774 2505 sanctitas
787 2459 1051 2516 continetur,
1073 2476 1164 2506 non
1181 2459 1323 2506 solum
1340 2476 1429 2505 non
1443 2465 1736 2512 cessaverunt,

407 2557 417 2579 ¹
435 2560 530 2588 Forte
547 2557 662 2590 fuerat.
680 2577 723 2582 —
741 2557 756 2580 2
771 2562 863 2592 Dent.
882 2571 913 2600 v,
927 2572 1006 2602 9.—
1020 2557 1034 2583 3
1051 2562 1148 2593 Num.
1166 2571 1232 2600 x1v,
1255 2560 1293 2591 18
1310 2570 1318 2599 ;
1338 2557 1442 2591 Exod.
1462 2567 1518 2600 xx,
1539 2557 1570 2596 5,
1589 2560 1620 2587 et
1635 2556 1749 2588 xxxxv’

355 2625 370 2653 7
389 2615 535 2653 3Jeiem.
552 2624 659 2656 xxxix,
690 2616 743 2648 18.
