1824 3236
358 248 447 308 4952
781 261 820 289 5.
859 259 1106 291 AUGUSTmt
1137 261 1344 292 EPISCOPI

355 330 467 373 'Nam
487 345 585 373 eum
611 326 720 373 dieis
741 326 904 386 flagitia
930 337 1178 389 temporum
1205 338 1454 373 secutorum
1473 328 1518 373 in
1538 338 1739 373 naturam

361 398 539 444 transire
577 415 665 444 non
693 414 817 461 posse
833 434 843 452 ,
887 397 1010 444 verbi
1036 398 1170 457 gratia
1192 435 1202 454 ,,
1225 409 1274 443 ut
1296 398 1349 443 de
1383 399 1636 462 peculatore
1654 435 1665 454 ‚
1687 398 1741 444 de

356 469 604 532 parricida,
628 471 682 514 (le
712 468 874 513 incesto
897 469 979 513 orti
1001 468 1076 512 filii
1113 480 1393 528 generantum
1422 468 1613 531 peccatis
1638 486 1741 514 nas-

357 551 513 586 cantur
534 539 739 593 obnoxii3
774 557 854 585 nec
877 539 1012 585 ullum
1038 539 1200 585 crimen
1219 557 1331 596 esse,
1360 540 1480 604 quod
1506 538 1743 586 seminibus

357 611 607 665 misceatur,
641 621 802 674 praeter
825 609 933 655 illud
961 625 1095 655 unum
1117 630 1128 663 ς
1157 611 1424 673 apertissime
1445 610 1634 657 ostendis
1652 647 1663 667 ‚
1685 610 1742 656 il—

356 682 442 728 lam
466 682 807 728 inobedientiam
825 699 910 726 non
936 692 976 726 te
997 680 1188 739 ejusdem
1212 683 1375 741 generis
1401 682 1605 728 arbitrari
1625 719 1635 738 ‚
1667 698 1743 728 cu-

354 757 424 814 jus
461 754 588 798 etiam
624 764 794 799 caeterae
827 763 941 798 sunt.
976 751 1085 797 Vide
1117 769 1240 812 crgo,
1282 753 1563 813 interrogatio
1600 751 1761 800 nostra

356 834 532 887 quantae
554 824 609 869 sit
632 823 861 868 brevitatis
881 833 923 867 et
950 821 1073 868 lucis.
1106 822 1151 867 Si
1176 834 1430 885 peecatum,
1458 823 1577 887 quod
1604 823 1743 869 Adam

358 894 599 949 commisit,
626 893 849 938 voluntate
871 904 1121 955 susceptum
1145 904 1230 942 est.
1258 904 1299 939 et
1321 894 1467 957 potuit
1491 894 1585 939 fieri
1610 904 1745 939 natu-

360 965 475 1018 rale;
503 982 582 1010 cur
600 981 687 1008 non
704 963 802 1009 haec
822 957 921 1026 quae
944 964 1056 1008 fiunt
1082 963 1277 1027 quotidie
1305 975 1482 1027 peecata
1498 1001 1508 1020 ,
1543 981 1643 1027 quae
1663 981 1747 1009 vo-

356 1035 500 1081 luntas
526 1035 760 1080 criminosa
784 1034 1050 1089 committit,
1073 1035 1117 1079 in
1152 1034 1473 1080 deformitatem
1507 1045 1550 1080 et
1576 1038 1746 1098 praeju-

358 1106 472 1152 dicia
513 1105 725 1151 seminum
767 1109 1093 1164 congeruntur?
1130 1105 1262 1162 Quod
1300 1105 1333 1150 si
1369 1105 1448 1151 ista
1482 1122 1571 1150 non
1605 1104 1748 1151 minus

359 1178 547 1234 atrocia,
588 1195 719 1241 quam
749 1177 905 1241 plura,
948 1177 1191 1237 ingenerari
1231 1188 1478 1241 nequeunt3
1503 1194 1591 1241 qua
1625 1176 1742 1236 lege,

358 1266 445 1313 qua
484 1249 758 1305 conditione,
788 1265 876 1312 quo
915 1248 1144 1312 privilegio
1183 1248 1294 1294 illud
1326 1248 1467 1294 solum
1497 1247 1748 1295 vindicatur

355 1320 624 1380 ingenitum?
652 1320 698 1365 Si
718 1319 845 1366 unius
867 1320 1030 1379 generis
1045 1330 1229 1382 peecata
1249 1330 1377 1376 sunt,
1395 1337 1496 1384 quae
1516 1319 1715 1365 novimus
1732 1356 1742 1374 ‚

353 1408 454 1454 quae
476 1391 540 1436 lex
560 1391 718 1451 arguit,
735 1407 835 1454 quae
860 1391 1041 1454 aequitas
1066 1391 1212 1454 punit,
1242 1402 1284 1436 et
1305 1391 1414 1436 illud
1440 1390 1570 1454 primi
1596 1390 1747 1436 homi-

356 1463 422 1506 nis
436 1499 446 1518 ‚
470 1461 587 1525 quod
607 1462 831 1507 voluntate
849 1461 1130 1507 commissum
1147 1472 1188 1507 et
1208 1462 1414 1524 aequitate
1434 1462 1642 1524 punitum
1659 1471 1743 1514 est3

356 1548 435 1577 cur
464 1549 549 1577 non
588 1542 662 1577 aut
685 1532 764 1577 ista
794 1549 840 1577 ex
865 1531 940 1577 illo
967 1531 1250 1592 intelligimus
1270 1569 1280 1588 ,
1310 1542 1384 1578 aut
1413 1530 1522 1577 illud
1553 1548 1600 1577 ex
1624 1531 1744 1577 istis?

359 1604 445 1649 Aut
469 1604 502 1648 si
523 1613 674 1648 mutuo
706 1603 791 1648 sibi
816 1603 1065 1648 testimonio
1089 1620 1175 1648 esse
1207 1620 1294 1648 non
1324 1614 1528 1667 possunt,
1550 1619 1637 1666 qua
1659 1602 1746 1648 im-

356 1674 567 1738 pudentia
593 1673 831 1735 denegatur
850 1674 922 1719 illa
950 1674 1257 1737 praevaricatio
1287 1674 1463 1720 alterius
1486 1673 1747 1720 conditionis

354 1746 483 1791 fuisse
501 1782 511 1801 ,
534 1744 580 1791 id
600 1755 688 1801 est,
717 1763 805 1791 non
830 1745 883 1791 de
907 1746 1156 1801 voluntate,
1192 1746 1265 1791 sed
1294 1745 1480 1792 naturali
1513 1745 1612 1791 tabe
1637 1762 1745 1808 pro-

361 1816 448 1862 lata
463 1820 481 1861 ἶ)

427 1910 447 1930 »
464 1892 687 1934 Postremo
703 1887 814 1934 ande
831 1905 933 1935 eum
957 1889 1185 1934 assertione
1202 1888 1396 1934 traducis
1414 1887 1595 1934 definire
1607 1887 1748 1951 quod-

360 1976 551 2023 cumque
576 1970 805 2023 peecatum
825 1997 835 2015 ,
866 1977 954 2005 non
982 1958 1081 2004 dico
1103 1958 1213 2004 illud
1234 1959 1426 2022 primum
1444 1996 1454 2015 ,
1483 1958 1554 2004 sed
1573 1958 1747 2004 interim

358 2030 425 2076 vel
442 2030 495 2075 de
516 2030 585 2075 his
607 2048 706 2094 qnae
723 2047 842 2076 nunc
863 2032 976 2076 fiunt
992 2068 1002 2086 ‚
1023 2031 1146 2076 verbi
1166 2030 1304 2090 gratia
1319 2067 1329 2086 ‚
1351 2030 1622 2090 sacrilegium
1638 2066 1649 2084 ,
1670 2029 1746 2076 ssa-

357 2102 509 2161 gitium
526 2138 535 2156 ,
556 2101 620 2147 vel
645 2101 807 2147 malum
829 2101 1072 2165 quodpiam
1098 2101 1296 2154 facinus3
1318 2101 1362 2146 id
1387 2112 1477 2157 est,
1506 2101 1604 2146 haec
1637 2117 1744 2163 pee-

355 2182 451 2216 cata
485 2188 617 2234 quam
654 2171 953 2217 definitionem
995 2173 1210 2228 habeant,
1241 2172 1470 2234 explicato.
1498 2171 1626 2216 Dices
1656 2171 1745 2216 sine

355 2243 493 2289 dubio
517 2260 527 2286 :
552 2243 764 2289 Voluntas
784 2254 846 2289 est
862 2255 1072 2308 appetens
1092 2243 1210 2307 quod
1226 2243 1395 2303 justitia
1410 2254 1549 2300 vetat,
1570 2254 1611 2289 et
1632 2243 1744 2289 unde

351 2315 539 2361 liberum
562 2325 625 2360 est
649 2315 882 2362 abstinere.
916 2315 1029 2372 Quia
1056 2315 1089 2360 si
1125 2314 1326 2360 voluntas
1358 2314 1472 2360 mala
1496 2331 1582 2360 non
1602 2324 1707 2359 esset
1730 2351 1740 2370 ,

356 2396 589 2450 peccatum
626 2403 712 2431 esse
746 2403 835 2431 non
859 2397 1016 2450 posset.
1059 2385 1125 2431 Ad
1150 2385 1238 2431 hoe
1275 2402 1404 2448 quam
1432 2383 1744 2430 rationabiliter

357 2474 628 2517 assurgamus
666 2457 856 2503 intende.
904 2457 942 2503 O
985 2456 1323 2502 hebetudinem!
1367 2473 1391 2501 0
1425 2455 1742 2520 impudentiam

356 2546 445 2574 non
467 2528 686 2574 ferendam
704 2528 712 2573 l
739 2528 903 2574 Definis
922 2545 1008 2573 non
1026 2545 1111 2574 esse
1133 2539 1364 2592 peecatum
1380 2528 1459 2574 nisi
1475 2527 1742 2574 voluntatem

355 2600 567 2655 liberam,
606 2609 648 2644 et
675 2617 695 2644 a
716 2599 883 2658 justitia
918 2599 1224 2664 prohibitam3
1264 2616 1365 2646 cum
1395 2599 1497 2646 mali
1531 2598 1741 2645 naturalis
