<?xml version="1.0" encoding="UTF-8"?>
<!DOCTYPE html PUBLIC "-//W3C//DTD XHTML 1.0 Transitional//EN"
    "http://www.w3.org/TR/xhtml1/DTD/xhtml1-transitional.dtd">
<html xmlns="http://www.w3.org/1999/xhtml" xml:lang="en" lang="en">
 <head>
  <title>
</title>
<meta http-equiv="Content-Type" content="text/html;charset=utf-8" />
  <meta name='ocr-system' content='tesseract 3.04.00' />
  <meta name='ocr-capabilities' content='ocr_page ocr_carea ocr_par ocr_line ocrx_word'/>
</head>
<body>
  <div class='ocr_page' id='page_1' title='image "./operaomniaaccura37auguuoft/operaomniaaccura37auguuoft_0450.png"; bbox 0 0 1824 3236; ppageno 0'>
   <div class='ocr_carea' id='block_1_1' title="bbox 263 212 1667 2492">
    <p class='ocr_par' dir='ltr' id='par_1_1' title="bbox 270 212 1244 269">
     <span class='ocr_line' id='line_1_1' title="bbox 270 212 1244 269; baseline -0.007 0"><span class='ocrx_word' id='word_1_1' title='bbox 270 212 361 269; x_wconf 44' lang='lat' dir='ltr'>&#39;tif’</span> <span class='ocrx_word' id='word_1_2' title='bbox 681 233 713 263; x_wconf 76' lang='lat' dir='ltr'>s,</span> <span class='ocrx_word' id='word_1_3' title='bbox 759 233 1002 264; x_wconf 61' lang='lat' dir='ltr'>Accessum</span> <span class='ocrx_word' id='word_1_4' title='bbox 1042 234 1244 264; x_wconf 69' lang='lat' dir='ltr'>nviscorr</span> 
     </span>
    </p>

    <p class='ocr_par' dir='ltr' id='par_1_2' title="bbox 263 296 1667 2492">
     <span class='ocr_line' id='line_1_2' title="bbox 334 296 1652 355; baseline 0.008 -15"><span class='ocrx_word' id='word_1_5' title='bbox 334 300 432 351; x_wconf 76' lang='lat' dir='ltr'>Quo</span> <span class='ocrx_word' id='word_1_6' title='bbox 451 296 601 341; x_wconf 85' lang='lat' dir='ltr'>audito</span> <span class='ocrx_word' id='word_1_7' title='bbox 624 333 633 351; x_wconf 91' lang='lat'>,</span> <span class='ocrx_word' id='word_1_8' title='bbox 661 297 731 344; x_wconf 87' lang='lat' dir='ltr'>ille</span> <span class='ocrx_word' id='word_1_9' title='bbox 754 309 827 345; x_wconf 84' lang='lat' dir='ltr'>tua</span> <span class='ocrx_word' id='word_1_10' title='bbox 849 300 1001 355; x_wconf 87' lang='lat' dir='ltr'>nobis,</span> <span class='ocrx_word' id='word_1_11' title='bbox 1029 302 1061 345; x_wconf 92' lang='lat' dir='ltr'>si</span> <span class='ocrx_word' id='word_1_12' title='bbox 1088 300 1268 345; x_wconf 79' lang='lat' dir='ltr'>liaberet</span> <span class='ocrx_word' id='word_1_13' title='bbox 1287 336 1296 354; x_wconf 82' lang='lat'><strong>‚</strong></span> <span class='ocrx_word' id='word_1_14' title='bbox 1322 302 1456 347; x_wconf 85' lang='lat' dir='ltr'>verba</span> <span class='ocrx_word' id='word_1_15' title='bbox 1487 303 1652 350; x_wconf 82' lang='lat' dir='ltr'>recita·-</span> 
     </span>
     <span class='ocr_line' id='line_1_3' title="bbox 267 369 1652 435; baseline 0.008 -23"><span class='ocrx_word' id='word_1_16' title='bbox 267 379 328 413; x_wconf 82' lang='lat' dir='ltr'>ret</span> <span class='ocrx_word' id='word_1_17' title='bbox 349 405 357 420; x_wconf 71' lang='lat'>,</span> <span class='ocrx_word' id='word_1_18' title='bbox 394 369 469 414; x_wconf 86' lang='lat' dir='ltr'>ubi</span> <span class='ocrx_word' id='word_1_19' title='bbox 505 369 614 415; x_wconf 77' lang='lat' dir='ltr'>(licis</span> <span class='ocrx_word' id='word_1_20' title='bbox 631 407 640 419; x_wconf 80' lang='grc'>,</span> <span class='ocrx_word' id='word_1_21' title='bbox 663 392 683 411; x_wconf 77' lang='lat' dir='ltr'>c&lt;</span> <span class='ocrx_word' id='word_1_22' title='bbox 708 373 806 417; x_wconf 79' lang='lat' dir='ltr'>Esse</span> <span class='ocrx_word' id='word_1_23' title='bbox 836 374 1173 419; x_wconf 75' lang='lat' dir='ltr'>amentissimum</span> <span class='ocrx_word' id='word_1_24' title='bbox 1195 409 1204 427; x_wconf 81' lang='lat'>.-</span> <span class='ocrx_word' id='word_1_25' title='bbox 1238 373 1407 419; x_wconf 76' lang='lat' dir='ltr'>arbitrii</span> <span class='ocrx_word' id='word_1_26' title='bbox 1431 377 1652 435; x_wconf 81' lang='lat' dir='ltr'>negotium</span> 
     </span>
     <span class='ocr_line' id='line_1_4' title="bbox 267 439 1656 507; baseline 0.009 -26"><span class='ocrx_word' id='word_1_27' title='bbox 267 439 503 485; x_wconf 70' lang='lat' dir='ltr'>seminibus</span> <span class='ocrx_word' id='word_1_28' title='bbox 528 441 770 488; x_wconf 84' lang='lat' dir='ltr'>immixtum</span> <span class='ocrx_word' id='word_1_29' title='bbox 800 456 970 507; x_wconf 82' lang='lat' dir='ltr'>putare,</span> <span class='ocrx_word' id='word_1_30' title='bbox 995 456 1035 490; x_wconf 89' lang='lat' dir='ltr'>et</span> <span class='ocrx_word' id='word_1_31' title='bbox 1056 445 1197 490; x_wconf 83' lang='lat' dir='ltr'>officia</span> <span class='ocrx_word' id='word_1_32' title='bbox 1222 444 1495 491; x_wconf 79' lang='lat' dir='ltr'>voluntatum</span> <span class='ocrx_word' id='word_1_33' title='bbox 1524 447 1656 494; x_wconf 88' lang='lat' dir='ltr'>inole-</span> 
     </span>
     <span class='ocr_line' id='line_1_5' title="bbox 264 510 1653 578; baseline 0.008 -26"><span class='ocrx_word' id='word_1_34' title='bbox 264 510 370 555; x_wconf 73' lang='lat' dir='ltr'>xisse</span> <span class='ocrx_word' id='word_1_35' title='bbox 397 512 685 573; x_wconf 71' lang='lat' dir='ltr'>conceptibus</span> <span class='ocrx_word' id='word_1_36' title='bbox 705 531 715 558; x_wconf 71' lang='grc' dir='ltr'>ε</span> <span class='ocrx_word' id='word_1_37' title='bbox 739 526 780 560; x_wconf 87' lang='lat' dir='ltr'>et</span> <span class='ocrx_word' id='word_1_38' title='bbox 806 517 849 560; x_wconf 84' lang='lat' dir='ltr'>in</span> <span class='ocrx_word' id='word_1_39' title='bbox 876 516 991 561; x_wconf 77' lang='lat' dir='ltr'>lianc</span> <span class='ocrx_word' id='word_1_40' title='bbox 1014 519 1269 561; x_wconf 88' lang='lat' dir='ltr'>sententiam</span> <span class='ocrx_word' id='word_1_41' title='bbox 1291 514 1509 578; x_wconf 79' lang='lat' dir='ltr'>quidquid</span> <span class='ocrx_word' id='word_1_42' title='bbox 1537 518 1653 563; x_wconf 85' lang='lat' dir='ltr'>aliud</span> 
     </span>
     <span class='ocr_line' id='line_1_6' title="bbox 266 579 1655 649; baseline 0.006 -25"><span class='ocrx_word' id='word_1_43' title='bbox 266 579 470 626; x_wconf 74' lang='lat' dir='ltr'>addidisti</span> <span class='ocrx_word' id='word_1_44' title='bbox 493 619 502 627; x_wconf 86' lang='lat'><strong>.</strong></span> <span class='ocrx_word' id='word_1_45' title='bbox 532 600 578 627; x_wconf 73' lang='lat' dir='ltr'>ex</span> <span class='ocrx_word' id='word_1_46' title='bbox 612 583 695 629; x_wconf 84' lang='lat' dir='ltr'>boc</span> <span class='ocrx_word' id='word_1_47' title='bbox 726 602 816 630; x_wconf 84' lang='lat' dir='ltr'>eam</span> <span class='ocrx_word' id='word_1_48' title='bbox 845 587 1034 649; x_wconf 83' lang='lat' dir='ltr'>probare</span> <span class='ocrx_word' id='word_1_49' title='bbox 1059 596 1241 632; x_wconf 87' lang='lat' dir='ltr'>conatus</span> <span class='ocrx_word' id='word_1_50' title='bbox 1261 623 1270 641; x_wconf 73' lang='lat'>‚</span> <span class='ocrx_word' id='word_1_51' title='bbox 1294 602 1382 648; x_wconf 86' lang='lat' dir='ltr'>quo</span> <span class='ocrx_word' id='word_1_52' title='bbox 1402 604 1481 632; x_wconf 80' lang='lat' dir='ltr'>nec</span> <span class='ocrx_word' id='word_1_53' title='bbox 1507 587 1655 634; x_wconf 80' lang='lat' dir='ltr'>diserti</span> 
     </span>
     <span class='ocr_line' id='line_1_7' title="bbox 265 652 1656 711; baseline 0.006 -16"><span class='ocrx_word' id='word_1_54' title='bbox 265 652 555 707; x_wconf 67' lang='lat' dir='ltr'>disertorum,</span> <span class='ocrx_word' id='word_1_55' title='bbox 591 671 668 698; x_wconf 81' lang='lat' dir='ltr'>nee</span> <span class='ocrx_word' id='word_1_56' title='bbox 713 655 940 702; x_wconf 75' lang='lat' dir='ltr'>histriones</span> <span class='ocrx_word' id='word_1_57' title='bbox 978 656 1270 711; x_wconf 68' lang='lat' dir='ltr'>histrionum,</span> <span class='ocrx_word' id='word_1_58' title='bbox 1307 674 1385 701; x_wconf 89' lang='lat' dir='ltr'>nec</span> <span class='ocrx_word' id='word_1_59' title='bbox 1425 657 1656 704; x_wconf 68' lang='lat' dir='ltr'>bellatores</span> 
     </span>
     <span class='ocr_line' id='line_1_8' title="bbox 263 724 1657 785; baseline 0.006 -20"><span class='ocrx_word' id='word_1_60' title='bbox 263 733 503 768; x_wconf 57' lang='lat' dir='ltr'>uastaui‘itm·</span> <span class='ocrx_word' id='word_1_61' title='bbox 523 724 598 769; x_wconf 78' lang='lat' dir='ltr'>tilii</span> <span class='ocrx_word' id='word_1_62' title='bbox 626 724 902 773; x_wconf 76' lang='lat' dir='ltr'>bellatorum.</span> <span class='ocrx_word' id='word_1_63' title='bbox 926 729 1012 772; x_wconf 78' lang='lat' dir='ltr'>Isto</span> <span class='ocrx_word' id='word_1_64' title='bbox 1041 738 1114 772; x_wconf 86' lang='lat' dir='ltr'>tuo</span> <span class='ocrx_word' id='word_1_65' title='bbox 1141 726 1359 785; x_wconf 83' lang='lat' dir='ltr'>adjutorio</span> <span class='ocrx_word' id='word_1_66' title='bbox 1385 727 1657 773; x_wconf 77' lang='lat' dir='ltr'>Manichaeus</span> 
     </span>
     <span class='ocr_line' id='line_1_9' title="bbox 267 793 1657 861; baseline 0.004 -23"><span class='ocrx_word' id='word_1_67' title='bbox 267 795 318 838; x_wconf 53' lang='lat' dir='ltr'>ati</span> <span class='ocrx_word' id='word_1_68' title='bbox 341 793 422 838; x_wconf 76' lang='lat' dir='ltr'>boc</span> <span class='ocrx_word' id='word_1_69' title='bbox 448 795 584 839; x_wconf 75' lang='lat' dir='ltr'>utitur</span> <span class='ocrx_word' id='word_1_70' title='bbox 601 795 635 850; x_wconf 70' lang='lat'>¹,</span> <span class='ocrx_word' id='word_1_71' title='bbox 661 809 706 842; x_wconf 91' lang='lat' dir='ltr'>ut</span> <span class='ocrx_word' id='word_1_72' title='bbox 730 810 955 861; x_wconf 76' lang='lat' dir='ltr'>oppugnet</span> <span class='ocrx_word' id='word_1_73' title='bbox 973 798 1092 861; x_wconf 86' lang='lat' dir='ltr'>quod</span> <span class='ocrx_word' id='word_1_74' title='bbox 1110 797 1510 860; x_wconf 80' lang='lat' dir='ltr'>dicimus.peccato</span> <span class='ocrx_word' id='word_1_75' title='bbox 1525 798 1657 861; x_wconf 88' lang='lat' dir='ltr'>primi</span> 
     </span>
     <span class='ocr_line' id='line_1_10' title="bbox 265 865 1658 932; baseline 0.004 -23"><span class='ocrx_word' id='word_1_76' title='bbox 265 866 450 910; x_wconf 78' lang='lat' dir='ltr'>bominis</span> <span class='ocrx_word' id='word_1_77' title='bbox 471 865 706 914; x_wconf 81' lang='lat' dir='ltr'>humanam</span> <span class='ocrx_word' id='word_1_78' title='bbox 722 870 915 914; x_wconf 81' lang='lat' dir='ltr'>vitiatam</span> <span class='ocrx_word' id='word_1_79' title='bbox 940 869 1070 915; x_wconf 87' lang='lat' dir='ltr'>fuisse</span> <span class='ocrx_word' id='word_1_80' title='bbox 1092 879 1312 924; x_wconf 83' lang='lat' dir='ltr'>naturam,</span> <span class='ocrx_word' id='word_1_81' title='bbox 1332 868 1461 913; x_wconf 89' lang='lat' dir='ltr'>etiam</span> <span class='ocrx_word' id='word_1_82' title='bbox 1488 869 1532 914; x_wconf 92' lang='lat' dir='ltr'>in</span> <span class='ocrx_word' id='word_1_83' title='bbox 1549 886 1658 932; x_wconf 85' lang='lat' dir='ltr'>pos-</span> 
     </span>
     <span class='ocr_line' id='line_1_11' title="bbox 265 935 1658 1002; baseline 0.004 -23"><span class='ocrx_word' id='word_1_84' title='bbox 265 935 366 980; x_wconf 71' lang='lat' dir='ltr'>teris</span> <span class='ocrx_word' id='word_1_85' title='bbox 380 939 469 995; x_wconf 80' lang='lat' dir='ltr'>ejus</span> <span class='ocrx_word' id='word_1_86' title='bbox 485 971 496 988; x_wconf 85' lang='lat'>‚</span> <span class='ocrx_word' id='word_1_87' title='bbox 512 938 588 999; x_wconf 82' lang='lat' dir='ltr'>qui</span> <span class='ocrx_word' id='word_1_88' title='bbox 619 939 782 984; x_wconf 83' lang='lat' dir='ltr'>ratione</span> <span class='ocrx_word' id='word_1_89' title='bbox 796 940 991 985; x_wconf 87' lang='lat' dir='ltr'>seminali</span> <span class='ocrx_word' id='word_1_90' title='bbox 1009 939 1137 985; x_wconf 90' lang='lat' dir='ltr'>inillo</span> <span class='ocrx_word' id='word_1_91' title='bbox 1151 950 1273 984; x_wconf 78' lang='lat' dir='ltr'>erant</span> <span class='ocrx_word' id='word_1_92' title='bbox 1291 977 1300 994; x_wconf 76' lang='lat'><em>‚</em></span> <span class='ocrx_word' id='word_1_93' title='bbox 1324 938 1503 1002; x_wconf 85' lang='lat' dir='ltr'>quando</span> <span class='ocrx_word' id='word_1_94' title='bbox 1528 939 1572 984; x_wconf 92' lang='lat' dir='ltr'>in</span> <span class='ocrx_word' id='word_1_95' title='bbox 1586 939 1658 985; x_wconf 82' lang='lat' dir='ltr'>illa</span> 
     </span>
     <span class='ocr_line' id='line_1_12' title="bbox 265 1005 1657 1073; baseline 0.004 -23"><span class='ocrx_word' id='word_1_96' title='bbox 265 1005 418 1065; x_wconf 69' lang='lat' dir='ltr'>grandi</span> <span class='ocrx_word' id='word_1_97' title='bbox 436 1008 797 1068; x_wconf 60' lang='lat' dir='ltr'>praffvarit-atione</span> <span class='ocrx_word' id='word_1_98' title='bbox 812 1011 1012 1073; x_wconf 72' lang='lat' dir='ltr'>peccavit</span> <span class='ocrx_word' id='word_1_99' title='bbox 1031 1028 1041 1055; x_wconf 91' lang='lat'>:</span> <span class='ocrx_word' id='word_1_100' title='bbox 1064 1010 1300 1073; x_wconf 88' lang='lat' dir='ltr'>quodcum</span> <span class='ocrx_word' id='word_1_101' title='bbox 1322 1010 1657 1073; x_wconf 73' lang='lat' dir='ltr'>oppugnaverit,</span> 
     </span>
     <span class='ocr_line' id='line_1_13' title="bbox 266 1075 1655 1136; baseline 0.003 -15"><span class='ocrx_word' id='word_1_102' title='bbox 266 1075 519 1122; x_wconf 78' lang='lat' dir='ltr'>introducat</span> <span class='ocrx_word' id='word_1_103' title='bbox 553 1079 903 1126; x_wconf 65' lang='lat' dir='ltr'>commixtionem</span> <span class='ocrx_word' id='word_1_104' title='bbox 947 1080 1135 1126; x_wconf 85' lang='lat' dir='ltr'>duarum</span> <span class='ocrx_word' id='word_1_105' title='bbox 1162 1091 1419 1126; x_wconf 83' lang='lat' dir='ltr'>naturarum</span> <span class='ocrx_word' id='word_1_106' title='bbox 1451 1097 1655 1136; x_wconf 82' lang='lat' dir='ltr'>suarum,</span> 
     </span>
     <span class='ocr_line' id='line_1_14' title="bbox 270 1150 1661 1214; baseline 0.004 -23"><span class='ocrx_word' id='word_1_107' title='bbox 270 1158 400 1210; x_wconf 83' lang='lat' dir='ltr'>atque</span> <span class='ocrx_word' id='word_1_108' title='bbox 418 1166 464 1193; x_wconf 70' lang='lat' dir='ltr'>&lt;x</span> <span class='ocrx_word' id='word_1_109' title='bbox 482 1150 788 1196; x_wconf 79' lang='lat' dir='ltr'>commixtione</span> <span class='ocrx_word' id='word_1_110' title='bbox 807 1163 974 1197; x_wconf 78' lang='lat' dir='ltr'>naturae</span> <span class='ocrx_word' id='word_1_111' title='bbox 991 1151 1118 1196; x_wconf 81' lang='lat' dir='ltr'>malae</span> <span class='ocrx_word' id='word_1_112' title='bbox 1135 1152 1208 1196; x_wconf 76' lang='lat' dir='ltr'>illa</span> <span class='ocrx_word' id='word_1_113' title='bbox 1227 1151 1337 1196; x_wconf 85' lang='lat' dir='ltr'>mala</span> <span class='ocrx_word' id='word_1_114' title='bbox 1354 1168 1476 1206; x_wconf 76' lang='lat' dir='ltr'>‚cum</span> <span class='ocrx_word' id='word_1_115' title='bbox 1499 1151 1661 1214; x_wconf 89' lang='lat' dir='ltr'>quibus</span> 
     </span>
     <span class='ocr_line' id='line_1_15' title="bbox 273 1218 1661 1276; baseline 0.004 -15"><span class='ocrx_word' id='word_1_116' title='bbox 273 1218 468 1263; x_wconf 85' lang='lat' dir='ltr'>homines</span> <span class='ocrx_word' id='word_1_117' title='bbox 489 1231 729 1266; x_wconf 73' lang='lat' dir='ltr'>nascuntur</span> <span class='ocrx_word' id='word_1_118' title='bbox 747 1258 757 1276; x_wconf 82' lang='lat'>‚</span> <span class='ocrx_word' id='word_1_119' title='bbox 785 1233 991 1268; x_wconf 82' lang='lat' dir='ltr'>asseveret</span> <span class='ocrx_word' id='word_1_120' title='bbox 1011 1223 1198 1269; x_wconf 76' lang='lat' dir='ltr'>existere.</span> <span class='ocrx_word' id='word_1_121' title='bbox 1226 1224 1291 1268; x_wconf 69' lang='lat' dir='ltr'>&#39;l&#39;u</span> <span class='ocrx_word' id='word_1_122' title='bbox 1314 1233 1456 1268; x_wconf 81' lang='lat' dir='ltr'>autem</span> <span class='ocrx_word' id='word_1_123' title='bbox 1481 1232 1529 1267; x_wconf 89' lang='lat' dir='ltr'>ut</span> <span class='ocrx_word' id='word_1_124' title='bbox 1551 1219 1661 1267; x_wconf 88' lang='lat' dir='ltr'>mihi</span> 
     </span>
     <span class='ocr_line' id='line_1_16' title="bbox 270 1289 1660 1352; baseline 0.004 -20"><span class='ocrx_word' id='word_1_125' title='bbox 270 1289 464 1344; x_wconf 74' lang='lat' dir='ltr'>resistas,</span> <span class='ocrx_word' id='word_1_126' title='bbox 499 1308 584 1335; x_wconf 89' lang='lat' dir='ltr'>rem</span> <span class='ocrx_word' id='word_1_127' title='bbox 608 1291 966 1338; x_wconf 74' lang='lat' dir='ltr'>absurdissimam</span> <span class='ocrx_word' id='word_1_128' title='bbox 1000 1304 1041 1338; x_wconf 83' lang='lat' dir='ltr'>et</span> <span class='ocrx_word' id='word_1_129' title='bbox 1075 1293 1496 1338; x_wconf 77' lang='lat' dir='ltr'>detestabilissimam</span> <span class='ocrx_word' id='word_1_130' title='bbox 1534 1309 1660 1352; x_wconf 81' lang='lat' dir='ltr'>coge·</span> 
     </span>
     <span class='ocr_line' id='line_1_17' title="bbox 269 1359 1661 1426; baseline 0.003 -23"><span class='ocrx_word' id='word_1_131' title='bbox 269 1359 326 1404; x_wconf 79' lang='lat' dir='ltr'>ris</span> <span class='ocrx_word' id='word_1_132' title='bbox 346 1359 487 1405; x_wconf 70' lang='lat' dir='ltr'>(licere</span> <span class='ocrx_word' id='word_1_133' title='bbox 508 1399 517 1410; x_wconf 78' lang='grc'>,</span> <span class='ocrx_word' id='word_1_134' title='bbox 538 1362 648 1406; x_wconf 85' lang='lat' dir='ltr'>mala</span> <span class='ocrx_word' id='word_1_135' title='bbox 669 1362 833 1409; x_wconf 86' lang='lat' dir='ltr'>scilicet</span> <span class='ocrx_word' id='word_1_136' title='bbox 852 1363 932 1409; x_wconf 81' lang='lat' dir='ltr'>ista</span> <span class='ocrx_word' id='word_1_137' title='bbox 954 1364 1225 1410; x_wconf 84' lang='lat' dir='ltr'>nascentium</span> <span class='ocrx_word' id='word_1_138' title='bbox 1247 1363 1376 1409; x_wconf 87' lang='lat' dir='ltr'>etiam</span> <span class='ocrx_word' id='word_1_139' title='bbox 1394 1363 1438 1408; x_wconf 92' lang='lat' dir='ltr'>in</span> <span class='ocrx_word' id='word_1_140' title='bbox 1459 1362 1661 1426; x_wconf 85' lang='lat' dir='ltr'>paradiso</span> 
     </span>
     <span class='ocr_line' id='line_1_18' title="bbox 271 1432 1663 1497; baseline 0.003 -22"><span class='ocrx_word' id='word_1_141' title='bbox 271 1441 471 1476; x_wconf 78' lang='lat' dir='ltr'>exortura</span> <span class='ocrx_word' id='word_1_142' title='bbox 509 1432 662 1488; x_wconf 71' lang='lat' dir='ltr'>fuisse,</span> <span class='ocrx_word' id='word_1_143' title='bbox 690 1434 724 1479; x_wconf 83' lang='lat' dir='ltr'>si</span> <span class='ocrx_word' id='word_1_144' title='bbox 758 1452 885 1479; x_wconf 84' lang='lat' dir='ltr'>nemo</span> <span class='ocrx_word' id='word_1_145' title='bbox 910 1445 1145 1497; x_wconf 81' lang='lat' dir='ltr'>peccasset.</span> <span class='ocrx_word' id='word_1_146' title='bbox 1188 1434 1273 1479; x_wconf 85' lang='lat' dir='ltr'>I-Iic</span> <span class='ocrx_word' id='word_1_147' title='bbox 1313 1445 1351 1479; x_wconf 89' lang='lat' dir='ltr'>te</span> <span class='ocrx_word' id='word_1_148' title='bbox 1390 1433 1663 1479; x_wconf 81' lang='lat' dir='ltr'>Manichaeus</span> 
     </span>
     <span class='ocr_line' id='line_1_19' title="bbox 277 1502 1664 1563; baseline 0.003 -19"><span class='ocrx_word' id='word_1_149' title='bbox 277 1502 478 1561; x_wconf 74' lang='lat' dir='ltr'>urgebit,</span> <span class='ocrx_word' id='word_1_150' title='bbox 519 1515 564 1549; x_wconf 86' lang='lat' dir='ltr'>ut</span> <span class='ocrx_word' id='word_1_151' title='bbox 603 1504 723 1549; x_wconf 83' lang='lat' dir='ltr'>dicas</span> <span class='ocrx_word' id='word_1_152' title='bbox 766 1505 880 1550; x_wconf 86' lang='lat' dir='ltr'>unde</span> <span class='ocrx_word' id='word_1_153' title='bbox 919 1505 1091 1551; x_wconf 83' lang='lat' dir='ltr'>fuerant</span> <span class='ocrx_word' id='word_1_154' title='bbox 1132 1515 1343 1550; x_wconf 25' lang='lat' dir='ltr'>exortura*</span> <span class='ocrx_word' id='word_1_155' title='bbox 1373 1504 1462 1550; x_wconf 90' lang='lat' dir='ltr'>Ubi</span> <span class='ocrx_word' id='word_1_156' title='bbox 1500 1504 1664 1563; x_wconf 81' lang='lat' dir='ltr'>magnis</span> 
     </span>
     <span class='ocr_line' id='line_1_20' title="bbox 278 1575 1664 1638; baseline 0.004 -24"><span class='ocrx_word' id='word_1_157' title='bbox 278 1583 523 1619; x_wconf 76' lang='lat' dir='ltr'>coarctatus</span> <span class='ocrx_word' id='word_1_158' title='bbox 545 1576 817 1634; x_wconf 76' lang='lat' dir='ltr'>angustiis,si</span> <span class='ocrx_word' id='word_1_159' title='bbox 837 1575 991 1622; x_wconf 79' lang='lat' dir='ltr'>dixeris</span> <span class='ocrx_word' id='word_1_160' title='bbox 1014 1594 1059 1621; x_wconf 84' lang='lat' dir='ltr'>ex</span> <span class='ocrx_word' id='word_1_161' title='bbox 1084 1576 1187 1638; x_wconf 81' lang='lat' dir='ltr'>ipsis</span> <span class='ocrx_word' id='word_1_162' title='bbox 1207 1577 1373 1621; x_wconf 84' lang='lat' dir='ltr'>naturis</span> <span class='ocrx_word' id='word_1_163' title='bbox 1395 1576 1664 1622; x_wconf 86' lang='lat' dir='ltr'>nascentium</span> 
     </span>
     <span class='ocr_line' id='line_1_21' title="bbox 276 1645 1662 1703; baseline 0.004 -17"><span class='ocrx_word' id='word_1_164' title='bbox 276 1654 474 1689; x_wconf 77' lang='lat' dir='ltr'>exortura</span> <span class='ocrx_word' id='word_1_165' title='bbox 507 1645 635 1691; x_wconf 76' lang='lat' dir='ltr'>fuisse</span> <span class='ocrx_word' id='word_1_166' title='bbox 667 1647 780 1692; x_wconf 86' lang='lat' dir='ltr'>mala</span> <span class='ocrx_word' id='word_1_167' title='bbox 814 1647 920 1703; x_wconf 77' lang='lat' dir='ltr'>ista,</span> <span class='ocrx_word' id='word_1_168' title='bbox 946 1647 1035 1693; x_wconf 88' lang='lat' dir='ltr'>sine</span> <span class='ocrx_word' id='word_1_169' title='bbox 1062 1647 1192 1692; x_wconf 82' lang='lat' dir='ltr'>ullius</span> <span class='ocrx_word' id='word_1_170' title='bbox 1216 1647 1370 1693; x_wconf 88' lang='lat' dir='ltr'>merito</span> <span class='ocrx_word' id='word_1_171' title='bbox 1401 1645 1662 1701; x_wconf 78' lang='lat' dir='ltr'>voluntatis3</span> 
     </span>
     <span class='ocr_line' id='line_1_22' title="bbox 276 1714 1665 1781; baseline 0.003 -24"><span class='ocrx_word' id='word_1_172' title='bbox 276 1714 473 1776; x_wconf 81' lang='lat' dir='ltr'>profecto</span> <span class='ocrx_word' id='word_1_173' title='bbox 498 1733 649 1775; x_wconf 73' lang='lat' dir='ltr'>argues</span> <span class='ocrx_word' id='word_1_174' title='bbox 665 1718 912 1763; x_wconf 79' lang='lat' dir='ltr'>Creatorem</span> <span class='ocrx_word' id='word_1_175' title='bbox 934 1735 944 1763; x_wconf 94' lang='lat'>:</span> <span class='ocrx_word' id='word_1_176' title='bbox 967 1717 1087 1781; x_wconf 85' lang='lat' dir='ltr'>quod</span> <span class='ocrx_word' id='word_1_177' title='bbox 1106 1735 1158 1762; x_wconf 87' lang='lat' dir='ltr'>ne</span> <span class='ocrx_word' id='word_1_178' title='bbox 1178 1716 1308 1762; x_wconf 84' lang='lat' dir='ltr'>facias</span> <span class='ocrx_word' id='word_1_179' title='bbox 1327 1755 1337 1769; x_wconf 91' lang='lat'>,</span> <span class='ocrx_word' id='word_1_180' title='bbox 1362 1716 1665 1777; x_wconf 85' lang='lat' dir='ltr'>confugiturus</span> 
     </span>
     <span class='ocr_line' id='line_1_23' title="bbox 277 1784 1665 1852; baseline 0.002 -23"><span class='ocrx_word' id='word_1_181' title='bbox 277 1801 319 1829; x_wconf 85' lang='lat' dir='ltr'>es</span> <span class='ocrx_word' id='word_1_182' title='bbox 342 1784 396 1830; x_wconf 85' lang='lat' dir='ltr'>ad</span> <span class='ocrx_word' id='word_1_183' title='bbox 424 1786 571 1831; x_wconf 86' lang='lat' dir='ltr'>merita</span> <span class='ocrx_word' id='word_1_184' title='bbox 606 1787 884 1833; x_wconf 79' lang='lat' dir='ltr'>voluntatum</span> <span class='ocrx_word' id='word_1_185' title='bbox 923 1788 1152 1834; x_wconf 87' lang='lat' dir='ltr'>malarum.</span> <span class='ocrx_word' id='word_1_186' title='bbox 1181 1787 1267 1833; x_wconf 74' lang='lat' dir='ltr'>Sed</span> <span class='ocrx_word' id='word_1_187' title='bbox 1298 1787 1370 1833; x_wconf 83' lang='lat' dir='ltr'>ille</span> <span class='ocrx_word' id='word_1_188' title='bbox 1401 1788 1665 1852; x_wconf 78' lang='lat' dir='ltr'>quaesiturus</span> 
     </span>
     <span class='ocr_line' id='line_1_24' title="bbox 278 1857 1665 1920; baseline 0.001 -19"><span class='ocrx_word' id='word_1_189' title='bbox 278 1866 340 1901; x_wconf 80' lang='lat' dir='ltr'>est</span> <span class='ocrx_word' id='word_1_190' title='bbox 357 1894 367 1911; x_wconf 85' lang='lat'>‚</span> <span class='ocrx_word' id='word_1_191' title='bbox 392 1860 610 1920; x_wconf 61' lang='lat' dir='ltr'>quarum?</span> <span class='ocrx_word' id='word_1_192' title='bbox 633 1876 720 1904; x_wconf 88' lang='lat' dir='ltr'>non</span> <span class='ocrx_word' id='word_1_193' title='bbox 752 1859 865 1904; x_wconf 88' lang='lat' dir='ltr'>enim</span> <span class='ocrx_word' id='word_1_194' title='bbox 900 1870 962 1905; x_wconf 90' lang='lat' dir='ltr'>est</span> <span class='ocrx_word' id='word_1_195' title='bbox 991 1859 1191 1905; x_wconf 86' lang='lat' dir='ltr'>voluntas</span> <span class='ocrx_word' id='word_1_196' title='bbox 1217 1858 1304 1904; x_wconf 87' lang='lat' dir='ltr'>ulla</span> <span class='ocrx_word' id='word_1_197' title='bbox 1329 1860 1540 1904; x_wconf 84' lang='lat' dir='ltr'>seminum</span> <span class='ocrx_word' id='word_1_198' title='bbox 1561 1896 1571 1914; x_wconf 89' lang='lat'>‚</span> <span class='ocrx_word' id='word_1_199' title='bbox 1596 1857 1665 1903; x_wconf 86' lang='lat' dir='ltr'>vel</span> 
     </span>
     <span class='ocr_line' id='line_1_25' title="bbox 279 1928 1665 1991; baseline 0.001 -19"><span class='ocrx_word' id='word_1_200' title='bbox 279 1928 546 1973; x_wconf 77' lang='lat' dir='ltr'>nascentium</span> <span class='ocrx_word' id='word_1_201' title='bbox 572 1929 870 1991; x_wconf 81' lang='lat' dir='ltr'>parvulorum.</span> <span class='ocrx_word' id='word_1_202' title='bbox 898 1930 1019 1987; x_wconf 85' lang='lat' dir='ltr'>Quid</span> <span class='ocrx_word' id='word_1_203' title='bbox 1047 1946 1146 1990; x_wconf 81' lang='lat' dir='ltr'>ergo</span> <span class='ocrx_word' id='word_1_204' title='bbox 1181 1929 1384 1985; x_wconf 83' lang='lat' dir='ltr'>restabit,</span> <span class='ocrx_word' id='word_1_205' title='bbox 1409 1929 1488 1974; x_wconf 87' lang='lat' dir='ltr'>nisi</span> <span class='ocrx_word' id='word_1_206' title='bbox 1515 1939 1563 1974; x_wconf 87' lang='lat' dir='ltr'>ut</span> <span class='ocrx_word' id='word_1_207' title='bbox 1581 1945 1665 1973; x_wconf 87' lang='lat' dir='ltr'>no·-</span> 
     </span>
     <span class='ocr_line' id='line_1_26' title="bbox 278 1998 1662 2064; baseline 0.001 -20"><span class='ocrx_word' id='word_1_208' title='bbox 278 1998 448 2044; x_wconf 77' lang='lat' dir='ltr'>hiscum</span> <span class='ocrx_word' id='word_1_209' title='bbox 467 1999 696 2059; x_wconf 71' lang='lat' dir='ltr'>intelligas,</span> <span class='ocrx_word' id='word_1_210' title='bbox 712 2002 745 2046; x_wconf 89' lang='lat' dir='ltr'>si</span> <span class='ocrx_word' id='word_1_211' title='bbox 760 2001 825 2047; x_wconf 78' lang='lat' dir='ltr'>vis</span> <span class='ocrx_word' id='word_1_212' title='bbox 842 2001 1022 2047; x_wconf 83' lang='lat' dir='ltr'>evadere</span> <span class='ocrx_word' id='word_1_213' title='bbox 1041 2001 1108 2047; x_wconf 70' lang='lat' dir='ltr'>vel</span> <span class='ocrx_word' id='word_1_214' title='bbox 1124 2018 1327 2064; x_wconf 83' lang='lat' dir='ltr'>superare</span> <span class='ocrx_word' id='word_1_215' title='bbox 1342 2000 1662 2055; x_wconf 77' lang='lat' dir='ltr'>Manichaeum,</span> 
     </span>
     <span class='ocr_line' id='line_1_27' title="bbox 280 2069 1666 2135; baseline 0.001 -21"><span class='ocrx_word' id='word_1_216' title='bbox 280 2069 324 2114; x_wconf 90' lang='lat' dir='ltr'>in</span> <span class='ocrx_word' id='word_1_217' title='bbox 351 2069 534 2115; x_wconf 80' lang='lat' dir='ltr'>occultis</span> <span class='ocrx_word' id='word_1_218' title='bbox 553 2072 768 2130; x_wconf 69' lang='lat' dir='ltr'>originum</span> <span class='ocrx_word' id='word_1_219' title='bbox 794 2072 961 2118; x_wconf 86' lang='lat' dir='ltr'>sinibus</span> <span class='ocrx_word' id='word_1_220' title='bbox 989 2072 1172 2118; x_wconf 83' lang='lat' dir='ltr'>latenter</span> <span class='ocrx_word' id='word_1_221' title='bbox 1196 2072 1414 2135; x_wconf 89' lang='lat' dir='ltr'>implicari</span> <span class='ocrx_word' id='word_1_222' title='bbox 1440 2072 1567 2116; x_wconf 88' lang='lat' dir='ltr'>etiam</span> <span class='ocrx_word' id='word_1_223' title='bbox 1597 2088 1666 2115; x_wconf 90' lang='lat' dir='ltr'>se-</span> 
     </span>
     <span class='ocr_line' id='line_1_28' title="bbox 282 2141 1665 2189; baseline 0.001 -4"><span class='ocrx_word' id='word_1_224' title='bbox 282 2141 397 2186; x_wconf 79' lang='lat' dir='ltr'>mina</span> <span class='ocrx_word' id='word_1_225' title='bbox 427 2146 697 2187; x_wconf 82' lang='lat' dir='ltr'>nascentium</span> <span class='ocrx_word' id='word_1_226' title='bbox 731 2154 772 2188; x_wconf 82' lang='lat' dir='ltr'>et</span> <span class='ocrx_word' id='word_1_227' title='bbox 800 2160 847 2188; x_wconf 85' lang='lat' dir='ltr'>ex</span> <span class='ocrx_word' id='word_1_228' title='bbox 885 2143 995 2189; x_wconf 85' lang='lat' dir='ltr'>mala</span> <span class='ocrx_word' id='word_1_229' title='bbox 1019 2143 1244 2189; x_wconf 86' lang='lat' dir='ltr'>voluntate</span> <span class='ocrx_word' id='word_1_230' title='bbox 1267 2142 1484 2188; x_wconf 70' lang='lat' dir='ltr'>venientia</span> <span class='ocrx_word' id='word_1_231' title='bbox 1513 2141 1665 2186; x_wconf 87' lang='lat' dir='ltr'>merita</span> 
     </span>
     <span class='ocr_line' id='line_1_29' title="bbox 282 2212 1667 2278; baseline 0.001 -22"><span class='ocrx_word' id='word_1_232' title='bbox 282 2212 577 2272; x_wconf 81' lang='lat' dir='ltr'>generantium</span> <span class='ocrx_word' id='word_1_233' title='bbox 610 2231 619 2257; x_wconf 73' lang='grc' dir='ltr'>ε</span> <span class='ocrx_word' id='word_1_234' title='bbox 648 2215 719 2259; x_wconf 79' lang='lat' dir='ltr'>sed</span> <span class='ocrx_word' id='word_1_235' title='bbox 763 2215 894 2278; x_wconf 84' lang='lat' dir='ltr'>primi</span> <span class='ocrx_word' id='word_1_236' title='bbox 932 2214 1123 2260; x_wconf 86' lang='lat' dir='ltr'>hominis</span> <span class='ocrx_word' id='word_1_237' title='bbox 1163 2225 1251 2258; x_wconf 87' lang='lat' dir='ltr'>tam</span> <span class='ocrx_word' id='word_1_238' title='bbox 1290 2230 1496 2272; x_wconf 82' lang='lat' dir='ltr'>magnum</span> <span class='ocrx_word' id='word_1_239' title='bbox 1538 2213 1667 2257; x_wconf 83' lang='lat' dir='ltr'>fuisse</span> 
     </span>
     <span class='ocr_line' id='line_1_30' title="bbox 282 2284 1667 2346; baseline 0.001 -19"><span class='ocrx_word' id='word_1_240' title='bbox 282 2293 540 2346; x_wconf 72' lang='lat' dir='ltr'>peccatum,</span> <span class='ocrx_word' id='word_1_241' title='bbox 569 2296 614 2329; x_wconf 83' lang='lat' dir='ltr'>ut</span> <span class='ocrx_word' id='word_1_242' title='bbox 642 2302 769 2331; x_wconf 89' lang='lat' dir='ltr'>omne</span> <span class='ocrx_word' id='word_1_243' title='bbox 802 2302 932 2345; x_wconf 80' lang='lat' dir='ltr'>genus</span> <span class='ocrx_word' id='word_1_244' title='bbox 964 2286 1209 2330; x_wconf 85' lang='lat' dir='ltr'>humanum</span> <span class='ocrx_word' id='word_1_245' title='bbox 1231 2322 1240 2337; x_wconf 83' lang='grc'>,</span> <span class='ocrx_word' id='word_1_246' title='bbox 1275 2296 1324 2331; x_wconf 90' lang='lat' dir='ltr'>ut</span> <span class='ocrx_word' id='word_1_247' title='bbox 1355 2284 1498 2330; x_wconf 78' lang='lat' dir='ltr'>verbis</span> <span class='ocrx_word' id='word_1_248' title='bbox 1529 2284 1667 2329; x_wconf 85' lang='lat' dir='ltr'>sancti</span> 
     </span>
     <span class='ocr_line' id='line_1_31' title="bbox 282 2354 1666 2420; baseline 0.001 -22"><span class='ocrx_word' id='word_1_249' title='bbox 282 2354 463 2399; x_wconf 83' lang='lat' dir='ltr'>Joannis</span> <span class='ocrx_word' id='word_1_250' title='bbox 505 2366 600 2401; x_wconf 73' lang='lat' dir='ltr'>utar</span> <span class='ocrx_word' id='word_1_251' title='bbox 617 2394 626 2412; x_wconf 82' lang='grc'>,</span> <span class='ocrx_word' id='word_1_252' title='bbox 652 2357 694 2402; x_wconf 90' lang='lat' dir='ltr'>in</span> <span class='ocrx_word' id='word_1_253' title='bbox 721 2374 954 2403; x_wconf 84' lang='lat' dir='ltr'>commune</span> <span class='ocrx_word' id='word_1_254' title='bbox 979 2356 1206 2402; x_wconf 81' lang='lat' dir='ltr'>damnaret</span> <span class='ocrx_word' id='word_1_255' title='bbox 1224 2357 1256 2403; x_wconf 74' lang='lat'>2.</span> <span class='ocrx_word' id='word_1_256' title='bbox 1286 2358 1344 2401; x_wconf 83' lang='lat' dir='ltr'>Ex</span> <span class='ocrx_word' id='word_1_257' title='bbox 1366 2372 1454 2420; x_wconf 88' lang='lat' dir='ltr'>quo</span> <span class='ocrx_word' id='word_1_258' title='bbox 1487 2355 1666 2401; x_wconf 88' lang='lat' dir='ltr'>confici-</span> 
     </span>
     <span class='ocr_line' id='line_1_32' title="bbox 282 2425 1666 2492; baseline 0.001 -22"><span class='ocrx_word' id='word_1_259' title='bbox 282 2436 354 2471; x_wconf 85' lang='lat' dir='ltr'>tm·</span> <span class='ocrx_word' id='word_1_260' title='bbox 370 2425 485 2471; x_wconf 75' lang='lat' dir='ltr'>mala</span> <span class='ocrx_word' id='word_1_261' title='bbox 501 2426 576 2472; x_wconf 72' lang='lat' dir='ltr'>ista</span> <span class='ocrx_word' id='word_1_262' title='bbox 597 2438 795 2474; x_wconf 75' lang='lat' dir='ltr'>exortura</span> <span class='ocrx_word' id='word_1_263' title='bbox 817 2445 902 2474; x_wconf 89' lang='lat' dir='ltr'>non</span> <span class='ocrx_word' id='word_1_264' title='bbox 930 2428 1057 2474; x_wconf 83' lang='lat' dir='ltr'>fuisse</span> <span class='ocrx_word' id='word_1_265' title='bbox 1075 2465 1086 2485; x_wconf 79' lang='grc'><em>,</em></span> <span class='ocrx_word' id='word_1_266' title='bbox 1111 2429 1144 2473; x_wconf 85' lang='lat' dir='ltr'>si</span> <span class='ocrx_word' id='word_1_267' title='bbox 1171 2445 1296 2474; x_wconf 84' lang='lat' dir='ltr'>nemo</span> <span class='ocrx_word' id='word_1_268' title='bbox 1318 2437 1566 2492; x_wconf 83' lang='lat' dir='ltr'>peccasset3</span> <span class='ocrx_word' id='word_1_269' title='bbox 1588 2443 1666 2472; x_wconf 86' lang='lat' dir='ltr'>nec</span> 
     </span>
    </p>
   </div>
   <div class='ocr_carea' id='block_1_2' title="bbox 284 2525 1663 2612">
    <p class='ocr_par' dir='ltr' id='par_1_3' title="bbox 284 2525 1663 2612">
     <span class='ocr_line' id='line_1_33' title="bbox 332 2525 1663 2570; baseline 0.002 -15"><span class='ocrx_word' id='word_1_270' title='bbox 332 2525 341 2547; x_wconf 87' lang='lat'><strong>¹</strong></span> <span class='ocrx_word' id='word_1_271' title='bbox 364 2528 458 2556; x_wconf 73' lang='lat' dir='ltr'>Forte</span> <span class='ocrx_word' id='word_1_272' title='bbox 478 2531 644 2558; x_wconf 59' lang='lat' dir='ltr'>marma-—</span> <span class='ocrx_word' id='word_1_273' title='bbox 659 2526 675 2548; x_wconf 71' lang='lat'>‘²</span> <span class='ocrx_word' id='word_1_274' title='bbox 699 2527 866 2570; x_wconf 61' lang='lat' dir='ltr'>Chry-³051.</span> <span class='ocrx_word' id='word_1_275' title='bbox 885 2527 974 2570; x_wconf 64' lang='lat' dir='ltr'>epist.</span> <span class='ocrx_word' id='word_1_276' title='bbox 993 2528 1030 2558; x_wconf 74' lang='lat' dir='ltr'>ad</span> <span class='ocrx_word' id='word_1_277' title='bbox 1046 2528 1333 2570; x_wconf 71' lang='lat' dir='ltr'>Olyrnpiazleni.—-</span> <span class='ocrx_word' id='word_1_278' title='bbox 1350 2526 1434 2558; x_wconf 78' lang='lat' dir='ltr'>vide</span> <span class='ocrx_word' id='word_1_279' title='bbox 1455 2527 1511 2560; x_wconf 87' lang='lat' dir='ltr'>lib.</span> <span class='ocrx_word' id='word_1_280' title='bbox 1536 2538 1561 2557; x_wconf 61' lang='lat' dir='ltr'>r⁴</span> <span class='ocrx_word' id='word_1_281' title='bbox 1577 2533 1663 2558; x_wconf 68' lang='lat' dir='ltr'>cont.</span> 
     </span>
     <span class='ocr_line' id='line_1_34' title="bbox 284 2579 508 2612; baseline -0.004 -1"><span class='ocrx_word' id='word_1_282' title='bbox 284 2579 403 2611; x_wconf 77' lang='lat' dir='ltr'>Julian.</span> <span class='ocrx_word' id='word_1_283' title='bbox 426 2590 452 2612; x_wconf 63' lang='lat' dir='ltr'>r.</span> <span class='ocrx_word' id='word_1_284' title='bbox 477 2581 508 2610; x_wconf 81' lang='grc'>6.</span> 
     </span>
    </p>
   </div>
  </div>
 </body>
</html>
