1863 3262
254 265 411 297 OPERIS
448 263 710 297 IMPERFECTI
746 263 921 296 CONTRA
958 266 1203 310 JULlANUM‚
1242 269 1330 300 LIB·
1375 270 1437 302 1v.
1492 257 1574 304 181

201 345 342 392 neque
370 329 416 376 in
442 329 696 376 hominibus
718 329 871 393 primis
904 332 1048 377 Deum
1080 332 1247 396 aliquid
1273 335 1420 383 fecisse
1443 336 1580 384 inho-

200 410 370 445 nestum
391 420 401 457 3
434 401 546 446 sicut
564 417 642 445 nec
668 411 856 446 mortem
875 400 978 446 fecit
1008 402 1122 447 Deus
1139 440 1150 458 ‚
1178 421 1278 450 cum
1309 423 1469 470 corpus
1490 425 1579 455 non

196 467 332 515 faciat
351 471 432 516 nisi
455 472 597 528 Deus;
628 481 669 516 et
701 481 845 516 tamen
864 508 875 526 ,
910 492 931 512 «
958 471 1133 535 Corpus
1156 475 1332 536 quidem
1357 489 1580 525 mortuum

199 559 221 580 »
240 551 302 585 est
322 552 505 604 propter
531 552 758 605 peccatum
776 541 794 570 1
816 578 826 597 ‚
847 563 868 583 >2
895 559 1021 588 verax
1040 543 1148 589 dicit
1173 547 1420 608 Apostolus.

259 611 487 658 XXXVII.
528 613 627 658 JL'L.
670 633 691 653 «
718 613 846 658 Errat
886 612 1013 658 etiam
1063 613 1348 662 honestorum
1395 619 1542 665 cautio
1562 657 1574 676 ‚

193 695 295 742 quae
312 682 589 728 naturalibus
602 682 731 728 rebus
750 682 1027 728 verecundiae
1048 684 1282 746 praetendit
1297 686 1571 736 umbracula.

194 749 263 795 Tu
277 767 377 811 ergo
396 752 487 816 ipse
503 752 707 816 reliquias
724 753 927 799 ciborum
939 790 951 808 ‚
970 771 1079 817 quas
1111 765 1225 801 certe
1251 757 1470 803 confiteris
1485 775 1577 805 non

138 834 146 841 ‘
190 820 404 882 pertinere
433 822 489 868 ad
524 823 756 869 libidinem
773 858 784 878 ,
808 823 892 870 sub
927 823 1067 869 oculis
1088 824 1256 888 depelle
1278 828 1575 890 populorum3

187 890 278 936 imo
305 903 353 938 ut
375 892 569 953 dogmati
602 904 679 940 tuo
703 894 1004 939 auctoritatem
1040 895 1243 942 concilies
1275 899 1471 961 exemplo
1495 936 1508 955 ,
1531 899 1578 945 in

188 962 382 1008 Ecclesia
406 964 539 1010 facito
564 965 709 1010 omnia
727 1001 738 1020 ‚
764 980 866 1028 quae
891 963 947 1009 ad
971 976 1130 1011 nutum
1159 965 1270 1012 dicis
1297 967 1392 1013 sieri
1414 968 1575 1015 volun-

185 1033 285 1079 tatis
297 1070 309 1089 ,
332 1045 648 1099 contentusque
665 1051 842 1098 operam
858 1034 990 1080 solius
1011 1036 1333 1083 commixtionis
1351 1039 1569 1096 occulere,

185 1119 209 1148 a
228 1120 335 1166 qua,
360 1115 401 1150 et
424 1105 528 1151 olim
555 1105 806 1169 proposito,
839 1104 1041 1162 forsitan,
1076 1116 1118 1151 et
1156 1124 1274 1152 nunc
1301 1109 1419 1154 senio
1444 1108 1574 1155 desti-

183 1172 296 1229 tisti,
326 1174 462 1221 dicito
497 1176 551 1221 ad
578 1174 741 1236 grande
765 1175 1037 1234 sacrilegium
1060 1176 1296 1240 pertinere,
1321 1178 1353 1223 si
1376 1196 1440 1224 res
1472 1195 1573 1243 quae

183 1242 327 1289 Deum
349 1245 622 1292 conditorem
650 1245 787 1291 habet
804 1281 816 1298 ‚
842 1245 1077 1307 publicum
1099 1247 1202 1292 vitet
1222 1258 1458 1310 aspectum.
1485 1254 1570 1296 Co-

180 1313 305 1360 mede
325 1315 460 1375 igitur
484 1317 532 1362 in
555 1315 650 1361 foro
667 1352 679 1372 ,
706 1325 781 1361 aut
803 1313 849 1359 in
878 1315 1106 1377 synagogis
1121 1353 1133 1372 ,
1157 1316 1203 1361 in
1223 1317 1387 1379 quibus
1413 1317 1571 1381 dispu—

179 1385 362 1432 tationes
388 1397 479 1432 tuae
498 1396 762 1450 personant;
784 1397 826 1430 et
845 1401 947 1430 cum
979 1386 1235 1432 vestimenta
1258 1387 1340 1433 sub
1363 1388 1450 1434 sole
1476 1400 1570 1435 tor-

178 1454 274 1501 rido
291 1455 452 1502 fuerint
469 1457 618 1513 oneri,
643 1466 791 1516 tegens
811 1454 932 1500 illam
950 1456 1258 1502 tantummodo
1281 1459 1478 1521 corporis
1501 1460 1562 1506 tui

177 1535 346 1587 partem
365 1544 499 1591 quam
530 1526 733 1572 diabolus
768 1525 929 1582 movit,
962 1525 1131 1589 reliqua
1157 1527 1302 1572 nudus
1330 1527 1522 1575 incedito
1547 1547 1557 1574 :

175 1595 280 1658 quia
303 1598 560 1660 pronuntias
584 1598 804 1657 ingratum
828 1612 914 1641 esse
937 1607 979 1642 et
1002 1596 1240 1659 profanum
1255 1633 1267 1654 ‚
1305 1598 1340 1643 si
1364 1600 1472 1662 quid
1495 1610 1563 1646 te-

173 1675 300 1724 gatur
321 1667 443 1731 quod
467 1668 547 1715 Dei
571 1668 780 1732 operibus
817 1666 1062 1714 ascribitur.
1097 1667 1231 1724 Quod
1269 1685 1369 1715 cum
1400 1669 1564 1717 horum

172 1734 288 1782 nihil
301 1735 409 1784 facis
421 1774 432 1795 ‚
453 1739 516 1802 (si
533 1749 679 1784 tamen
697 1754 786 1783 non
807 1736 1079 1800 proficiendo
1097 1737 1271 1794 feceris,
1291 1738 1307 1800 )
1329 1738 1436 1802 ipsis
1449 1757 1561 1804 ope-

170 1804 294 1852 ribus
317 1809 550 1854 confirmas
574 1808 758 1854 alterum
785 1807 839 1853 de
872 1806 1073 1863 duobus,
1102 1818 1179 1853 aut
1210 1809 1356 1854 omnia
1386 1809 1468 1856 ista
1499 1810 1557 1857 ad

171 1873 398 1924 diabolum
425 1878 666 1941 pertinere,
704 1894 805 1941 quae
835 1894 925 1922 non
965 1878 1182 1940 exequeris
1214 1879 1296 1924 sub
1317 1891 1557 1944 conspectu

169 1945 384 2006 publico;
412 1959 489 1994 aut
516 1949 675 2008 dogma
706 1959 899 1995 vestrum
915 1984 927 2004 ,
950 1948 986 1993 si
1016 1964 1107 1993 non
1129 1947 1261 1994 corde
1278 1985 1290 2005 ‚
1314 1950 1381 1996 vel
1405 1960 1555 1997 ventre

169 2025 246 2062 tuo
265 2027 369 2064 teste
385 2019 604 2066 cecidisse.
626 2039 648 2060 ›>

232 2089 351 2135 Auo.
393 2091 562 2136 Eorum
597 2106 699 2153 quae
732 2087 925 2134 occultat
963 2087 1129 2150 pudor,
1157 2088 1240 2134 alia
1264 2099 1366 2134 sunt
1395 2089 1547 2137 horri—

166 2160 271 2206 bilia
286 2197 298 2216 ,
323 2160 404 2206 alia
426 2159 789 2242 CODCUQibffia
810 2176 822 2204 ε
847 2157 922 2203 illa
952 2158 1236 2215 occuluntur,
1263 2176 1317 2205 ne
1333 2159 1549 2207 horrean-

166 2241 256 2285 tur,
278 2231 391 2278 sicut
411 2232 646 2292 egestiones
663 2230 948 2294 reliquiarum
978 2245 1027 2274 ex
1050 2229 1289 2283 alimenti53
1309 2230 1390 2277 ista
1413 2247 1516 2277 vero
1533 2269 1544 2289 ,

164 2319 218 2348 ne
235 2302 625 2366 concupiscantur,
648 2301 716 2349 vel
737 2319 792 2347 ne
814 2300 861 2347 id
886 2300 1007 2363 quod
1030 2317 1109 2364 per
1127 2317 1175 2345 ea
1196 2301 1289 2346 fieri
1307 2301 1414 2347 solet
1428 2338 1440 2358 ‚
1464 2302 1549 2348 ad-

163 2385 370 2420 moneant
386 2373 667 2437 concupisci,
688 2373 800 2419 sicut
823 2383 925 2419 sunt
947 2389 995 2418 ea
1010 2372 1209 2417 membra
1225 2408 1237 2428 ,
1258 2389 1359 2436 quae
1374 2373 1430 2418 ab
1449 2373 1546 2436 ipso

162 2443 332 2509 pudore
353 2444 533 2508 proprie
553 2443 764 2508 pudenda
787 2443 1016 2499 dicuntur,
1046 2441 1113 2488 vel
1131 2443 1165 2487 si
1183 2442 1241 2488 eis
1256 2443 1403 2506 ipsum
1436 2461 1548 2490 con-

161 2515 445 2580 cupiscentiae
464 2532 576 2580 opus
603 2515 754 2576 agitur.
789 2515 900 2564 Nam
926 2524 969 2560 et
992 2523 1148 2560 caetera
1171 2513 1370 2578 corporis
1389 2514 1445 2562 ab
1476 2514 1547 2563 his

209 2601 219 2622 ¹
240 2601 336 2632 Rom.
357 2609 431 2638 vm,
454 2610 505 2632 ιο.
