1863 3262
329 245 414 291 128
741 260 774 290 s.
820 257 1064 290 Aucus'rtm
1102 259 1307 291 Errscorr

320 343 405 373 csse
428 323 653 370 conditum
676 361 685 379 ,
712 325 829 388 quod
856 326 960 371 certi
995 335 1096 371 sunt
1120 344 1142 372 a
1171 325 1525 390 concupiscentia
1550 326 1693 388 gigni,

318 413 416 442 cum
443 395 585 439 animo
609 395 781 440 nolente
800 395 1009 443 co'eunt'l.
1035 397 1051 458 )
1072 418 1090 438 ›>

385 470 510 513 Aucr
535 465 620 511 Sed
647 467 918 513 ttlanichaeus
939 485 1024 513 non
1048 466 1265 527 intelligit,
1290 469 1418 515 etiam
1440 469 1493 515 de
1508 469 1699 515 hominis

319 537 434 584 malo
454 553 575 600 posse
602 538 738 582 Deum
776 554 920 583 creare
955 538 1075 601 quod
1105 538 1269 584 bonum
1295 551 1382 596 est,
1409 551 1449 585 et
1472 539 1697 585 hominem

318 613 462 672 ipsum
504 608 616 653 malo
649 607 758 652 bene
797 608 861 653 uti
894 626 972 671 per
1004 608 1264 671 pudicitiam
1289 609 1561 670 conjugalem
1581 647 1591 665 ‚
1626 609 1698 656 cui

318 679 433 726 malo
459 678 696 724 reluctatur
730 677 926 724 illicienti
962 678 1017 724 ad
1042 679 1335 726 damnabilem
1356 680 1691 744 turpitudinem.

320 749 403 795 Sed
425 748 563 812 tuqui
586 748 673 794 hoc
696 748 816 811 quod
843 749 1006 795 malum
1035 759 1115 806 est,
1145 750 1308 795 malum
1331 768 1416 797 esse
1439 769 1566 811 negas
1582 789 1591 807 ‚
1620 768 1698 797 cur

318 821 355 867 ei
376 836 589 883 repugnas
610 855 619 874 ,
642 836 694 864 ne
726 820 912 883 turpiter
945 820 1088 875 vivas;
1116 831 1158 867 et
1191 837 1269 867 cur
1294 821 1329 867 ei
1359 822 1392 867 si
1425 821 1693 879 consentias,

318 908 484 937 necesse
504 900 630 935 estut
649 890 834 953 turpiter
849 891 995 937 vivas)

384 961 663 1008 CLXXXIV.
690 965 786 1007 JUL.
825 983 844 1001 «
866 961 997 1018 Quod
1020 980 1120 1008 vero
1148 974 1193 1009 tu
1218 963 1425 1027 posuisti,
1449 964 1698 1027 Concupis-

317 1034 470 1080 centiae
498 1031 659 1077 malum
685 1042 774 1087 est,
804 1032 921 1095 quod
957 1033 1063 1078 vitat
1100 1034 1263 1098 ubique
1297 1045 1580 1098 conspectum
1603 1071 1613 1091 ‚
1657 1044 1699 1080 et

317 1104 474 1169 quaerit
491 1101 697 1166 pudendo
718 1112 930 1148 secretum
947 1103 964 1131 2
989 1120 1000 1147 t
1020 1103 1079 1149 ita
1097 1115 1138 1149 et
1159 1105 1449 1160 Manichaeus,
1473 1104 1694 1168 (secretis,

315 1175 476 1238 inquit,
500 1173 746 1238 pudoribus
778 1183 913 1233 agunt
931 1211 942 1229 ,
971 1191 1058 1237 quo
1083 1185 1280 1239 tempore
1303 1175 1404 1221 odio
1439 1175 1607 1221 habent
1626 1176 1699 1221 lu—

317 1263 430 1302 cem,
454 1245 517 1290 uti
538 1262 590 1290 ne
612 1243 940 1289 manifestentur
962 1262 1092 1308 opera
1109 1247 1300 1308 eorum.)
1323 1267 1342 1287 >³

386 1318 502 1363 Auc..
543 1316 668 1361 Sicut
706 1315 978 1361 Manichaeus
1016 1316 1150 1362 nescit
1179 1316 1287 1380 quid
1311 1316 1419 1362 boni
1443 1326 1593 1376 agatur
1621 1333 1700 1380 per

316 1388 499 1434 carnalis
523 1385 894 1449 concupiscentiae
915 1387 1102 1444 malum3
1125 1387 1186 1433 sic
1206 1399 1248 1433 et
1270 1399 1319 1433 tu
1339 1387 1475 1434 nescis
1494 1387 1567 1432 cui
1584 1387 1699 1433 malo

315 1457 461 1523 pudor
494 1467 664 1522 quaerat
708 1467 919 1502 secretum
937 1494 947 1513 ‚
984 1459 1112 1504 etiam
1149 1459 1193 1504 in
1235 1459 1352 1504 bono
1410 1474 1539 1521 opere
1577 1474 1699 1522 nup-

321 1540 497 1576 tlarum.

384 1598 642 1646 CLXXXV.
667 1599 772 1645 JUL.
798 1619 818 1640 «
835 1598 968 1656 Quod
983 1616 1083 1645 vero
1109 1600 1186 1656 ais,
1214 1599 1316 1664 quia
1342 1599 1699 1665 concupiscentia

317 1670 393 1736 qui
416 1670 532 1716 licite
557 1668 881 1725 commiscetur,
911 1669 1025 1714 malo
1062 1670 1172 1716 bene
1214 1669 1402 1728 utitur³‚
1437 1671 1537 1716 «Ut
1565 1670 1701 1731 magis

319 1741 437 1788 credi
460 1739 670 1804 Apostolo
694 1756 1029 1797 commemoreS,
1050 1741 1127 1804 qui
1153 1741 1342 1798 dixisset,
1373 1742 1488 1798 Quia
1510 1759 1599 1788 non
1615 1741 1701 1787 ha-

317 1813 494 1858 bitatin
521 1829 649 1857 carne
679 1828 754 1856 sua
784 1810 979 1866 bonum,
1008 1822 1049 1856 et
1080 1813 1166 1857 hoc
1196 1829 1285 1858 non
1313 1813 1507 1869 bonum,
1530 1812 1576 1858 id
1600 1821 1662 1857 est
1686 1848 1697 1868 ‚

317 1883 482 1929 malum
500 1882 545 1927 in
567 1898 697 1928 carne
729 1881 926 1944 Apostoli
950 1881 1156 1927 habitans
1174 1919 1185 1938 ‚
1207 1883 1271 1929 vis
1297 1882 1701 1947 concupiscentiam

317 1954 458 2000 carnis
495 1952 633 1999 videri
671 1970 682 1998 ε
723 1952 996 1997 Manichaeus
1032 1969 1120 1998 non
1145 1953 1267 1998 aliter
1293 1971 1427 2018 quam
1454 1963 1501 1999 tu
1529 1952 1691 2017 posuit.

319 2026 431 2071 Nam
455 2034 705 2087 postquam
730 2021 855 2078 dixit,
890 2022 964 2084 (ne
988 2023 1317 2070 manifestentur
1335 2042 1465 2088 opera
1489 2039 1640 2070 eorum
1657 2020 1692 2068 4.

319 2096 506 2158 Propter
536 2093 657 2156 quod
684 2092 918 2156 Apostolus
935 2129 945 2148 ‚
985 2093 1158 2156 inquit,
1188 2095 1345 2141 clamat
1372 2094 1425 2139 ad
1449 2096 1696 2149 Romanos,

320 2167 418 2212 Non
442 2167 609 2212 bonum
639 2164 757 2228 quod
786 2163 884 2210 volo
907 2181 1003 2223 ago,
1027 2165 1098 2210 sed
1124 2164 1285 2210 malum
1307 2182 1463 2229 operor
1490 2164 1611 2229 quod
1631 2181 1700 2209 ex-

319 2238 491 2284 horreo.
511 2237 701 2282 Dolebat
718 2235 851 2291 enim,
874 2234 1035 2298 inquit,
1052 2236 1154 2299 qnia
1172 2247 1423 2299 peccatum,
1442 2236 1486 2282 id
1507 2247 1585 2293 est,
1598 2235 1698 2281 dia-

318 2309 461 2365 bolus,
482 2308 748 2373 operabatur
771 2306 816 2351 in
835 2322 884 2352 eo
903 2322 1073 2351 omnem
1094 2307 1508 2370 concupiscentiam.
1534 2307 1703 2367 Legalis

318 2380 552 2427 auctoritas
581 2377 747 2424 indicat
781 2376 945 2421 malum
981 2378 1376 2440 concupiscendae,
1399 2395 1499 2425 cum
1526 2395 1701 2424 omnem

318 2455 408 2512 ejus
432 2468 555 2497 usum
580 2449 818 2513 vituperat,
842 2464 970 2511 quem
994 2466 1094 2494 caro
1113 2450 1296 2495 miratur
1313 2459 1355 2495 et
1377 2449 1567 2511 laudat.)
1582 2470 1604 2491 >2

366 2552 376 2573 ¹
397 2548 498 2593 Epist.
522 2547 662 2580 Manich.
683 2565 724 2572 -
741 2545 756 2570 2
775 2547 843 2581 Lib.
867 2558 896 2583 ι,
914 2548 952 2580 dc
970 2549 1070 2591 Nupt.
1086 2560 1112 2579 e.
1131 2559 1160 2589 7.
1179 2567 1222 2573 —
1244 2545 1258 2571 3
1277 2548 1348 2587 Lib.
1371 2560 1402 2580 2.
1420 2548 1459 2581 de
1476 2550 1618 2593 Nupt.c.
1643 2559 1699 2584 21.

319 2625 361 2633 .-.
380 2602 392 2627 ⁴
416 2601 557 2638 Manich.
577 2601 670 2645 epist.
