1824 3236
182 222 340 252 OPERIS
376 220 638 251 IMPERFECTI
674 218 850 249 CONTRA
884 219 1128 260 JULIANUM,
1166 221 1253 251 Lln.
1299 222 1338 250 V.
1410 206 1493 267 391

117 310 137 337 »,
165 303 271 347 ago3
297 307 317 328 »
336 296 377 331 et
392 322 403 342 ,
425 307 446 327 «
466 285 599 331 Miser
619 301 695 344 ego
712 283 848 329 homo
867 321 875 331 .
899 284 996 347 quis
1021 301 1087 330 nie
1111 285 1316 332 liberabit
1336 285 1388 332 de
1409 303 1503 332 cor-

121 380 141 400 n
164 374 268 422 pore
290 356 438 403 mortis
459 355 652 416 hujus12>
676 376 696 396 »

181 429 280 475 LII,
320 432 419 479 JUL,
462 426 641 486 «Hujus
670 425 930 488 vituperatio
959 426 1009 471 ad
1046 428 1282 474 necessaria
1315 446 1402 474 non
1427 447 1497 475 re-

117 499 256 546 currit
275 516 285 544 ε
312 499 415 563 quia
432 495 650 561 quidquid
670 496 725 542 ad
747 496 1034 543 necessarium
1055 499 1327 560 pervenerit,
1350 501 1495 562 ipsum

115 570 262 634 pulsat
278 579 514 617 auctorem.
542 589 562 610 »

180 645 297 688 Aue.
352 639 581 703 Numquid
628 640 715 685 hoc
757 638 920 685 malum
958 639 1150 686 hominis
1170 678 1179 697 ‚
1230 642 1306 687 ubi
1350 639 1459 687 dicit
1481 679 1492 698 ‚

117 712 250 770 Quod
269 711 371 759 nolo
393 711 558 758 malum
577 711 665 757 hoc
689 728 793 790 ago,
823 711 968 774 ipsum
1004 710 1198 756 hominis
1228 712 1370 775 pulsat
1388 729 1495 758 auc—

114 795 280 830 torem
269 787 288 819 ὓ
313 785 368 830 Et
395 793 541 829 tamen
564 800 663 829 eum
680 783 757 847 qui
781 782 842 828 sic
866 782 954 841 agit
978 781 1166 837 malum,
1196 783 1295 827 satis
1313 794 1497 846 apparet

116 855 171 902 ad
190 854 478 902 necessarium
503 854 776 918 pervenisse.
797 853 1045 899 necessitate
1062 852 1229 916 quippe
1244 853 1355 912 agit,
1376 853 1497 916 quod

113 942 201 971 non
220 925 306 985 agit
324 924 562 972 voluntate.

177 996 300 1041 LIII.
335 995 435 1043 JUL.
469 1017 490 1037 «
513 994 750 1052 Quomodo
773 1012 873 1056 ergo
897 994 1018 1059 quod
1043 1012 1066 1040 a
1087 994 1325 1040 necessario
1351 995 1492 1051 venit,

112 1066 313 1130 possibili
345 1083 441 1112 meo
472 1066 633 1113 ascribi
661 1084 750 1112 non
781 1077 925 1129 potest
960 1083 970 1110 ε
1007 1066 1065 1111 ita
1090 1065 1211 1128 quod
1240 1083 1261 1110 a
1295 1065 1496 1128 possibili

113 1138 261 1195 venit,
288 1137 527 1186 necessario
563 1138 720 1185 ascribi
755 1155 843 1184 non
870 1148 1025 1201 potest.
1070 1137 1121 1182 Id
1151 1147 1241 1193 est,
1269 1136 1493 1199 quomodo

113 1218 271 1256 natura
285 1210 484 1273 corporis
502 1219 544 1254 et
564 1210 697 1255 animi
716 1210 799 1255 mei
821 1209 1035 1255 voluntati
1055 1225 1160 1253 meae
1183 1207 1395 1271 applicari
1408 1225 1497 1253 non

112 1289 287 1342 potest,
315 1290 364 1326 ut
385 1279 482 1327 ideo
507 1279 568 1325 sic
590 1280 741 1327 videar
760 1297 847 1325 esse
872 1280 975 1342 quia
998 1278 1145 1335 volui,
1176 1295 1276 1323 cuin
1299 1294 1388 1322 non
1408 1294 1494 1341 po-

113 1350 270 1397 tuerim
298 1350 408 1397 velle
436 1360 668 1414 antequam
695 1367 826 1397 essem
854 1368 865 1395 :
890 1351 952 1396 ita
970 1352 1136 1395 malum
1157 1348 1393 1395 voluntatis
1415 1366 1496 1394 na·-

114 1431 225 1468 turae
258 1438 348 1469 non
382 1432 526 1485 potest
551 1421 799 1478 admoveri,
829 1433 877 1468 ut
914 1419 1158 1468 necessitati
1191 1419 1494 1483 possibilitatis

113 1510 246 1557 opera
266 1493 543 1542 misceantur.
565 1514 585 1534 ›>

184 1566 292 1611 Aue.
336 1566 370 1610 A
402 1564 652 1610 necessitate
685 1564 862 1627 quidem
899 1563 999 1610 satis
1036 1562 1258 1609 evidenter
1284 1572 1323 1607 et
1349 1572 1495 1625 aperte

113 1634 393 1691 discernitur,
422 1635 542 1699 quod
572 1636 629 1682 ita
666 1636 760 1682 fieri
798 1646 968 1699 potest,
998 1644 1048 1680 ut
1083 1651 1172 1679 non
1206 1634 1261 1679 sit
1293 1649 1491 1678 necesse:

111 1705 201 1751 hoc
219 1715 266 1751 tu
284 1706 490 1769 possibile
513 1706 707 1770 appellas
722 1744 733 1763 ,
761 1719 972 1770 tanquam
997 1705 1269 1768 impossibile
1293 1704 1348 1749 sit
1370 1702 1493 1767 quod

112 1777 206 1822 fieri
226 1794 315 1823 non
333 1777 475 1824 solum
495 1789 661 1841 potest,
686 1778 968 1824 verumetiam
993 1793 1161 1823 necesse
1179 1787 1256 1823 est.
1283 1774 1368 1821 Sed
1384 1791 1491 1838 quo·

113 1848 228 1893 niam
252 1848 422 1911 placuit
455 1849 539 1895 tibi
579 1849 678 1896 talia
705 1849 880 1896 duobus
907 1849 997 1895 istis
1032 1848 1208 1894 nomina
1233 1847 1459 1910 imponere
1479 1882 1489 1901 ‚

113 1918 402 1978 intelligamus
427 1930 476 1966 ut
493 1936 722 1983 possumus
738 1957 748 1976 ,
770 1930 811 1965 et
830 1920 1032 1965 feramus.
1057 1917 1141 1964 Sed
1169 1917 1278 1981 quid
1295 1927 1358 1962 est
1373 1914 1495 1978 quod

112 1988 222 2035 dicis
241 2007 252 2034 :
274 2010 294 2032 ει
322 1989 486 2041 Malum
504 1990 740 2037 voluntatis
758 2009 842 2037 non
860 2000 1002 2053 potest
1018 1988 1239 2035 admoveri
1265 1989 1493 2034 naturaeP»

114 2061 270 2106 Nonne
292 2077 394 2107 cum
416 2061 602 2122 Angelus
626 2062 694 2125 (7)
709 2099 718 2117 ‚
753 2062 820 2108 vel
847 2062 981 2107 homo
1007 2059 1170 2122 aliquid
1191 2058 1287 2105 vult
1304 2095 1314 2113 ,
1336 2067 1493 2103 natura

114 2130 282 2194 aliquid
322 2131 450 2178 vult?
485 2133 540 2178 Et
575 2133 764 2193 Angelus
791 2143 834 2179 et
864 2132 998 2178 homo
1032 2142 1200 2176 naturae
1242 2146 1331 2174 non
1364 2129 1492 2174 sunt?

116 2201 226 2258 Quis
267 2202 356 2249 hoc
403 2201 588 2249 dixerit?
636 2203 682 2250 Si
715 2221 816 2264 ergo
862 2215 1032 2250 naturae
1080 2211 1183 2247 sunt
1229 2198 1415 2258 Angelus
1454 2207 1498 2242 et

114 2272 275 2330 homo3
299 2273 496 2336 profecto
523 2285 679 2321 natura
707 2275 802 2322 vult
825 2274 1138 2338 quodcumque
1167 2270 1261 2316 vult
1282 2267 1490 2328 Angelus,

114 2353 271 2389 natura
286 2343 382 2391 vult
400 2344 710 2409 quodcumque
725 2345 819 2392 vult
843 2346 991 2392 homo,
1020 2342 1254 2400 Quomodo
1274 2356 1374 2400 ergo
1399 2356 1497 2386 ma-

113 2415 208 2462 lum
233 2415 473 2464 voluntatis
496 2428 666 2464 naturae
697 2435 785 2464 non
818 2427 960 2482 potest
988 2413 1233 2470 admoveri3
1260 2429 1362 2461 cum
1384 2410 1494 2462 velle

115 2488 286 2554 aliquid
302 2488 387 2538 nisi
417 2499 574 2536 natura
593 2505 682 2535 non
712 2489 874 2553 possit?
908 2491 997 2535 Aut
1019 2503 1107 2533 non
1138 2485 1383 2550 imputetur
1406 2482 1495 2535 ho.-

167 2575 288 2606 ¹Rom.
309 2584 368 2616 vn,
394 2574 449 2619 15,
469 2579 501 2607 et
517 2584 586 2614 xix,
606 2580 664 2611 24.
