1824 3236
144 290 305 321 opums
341 289 604 321 impr-:nrsscrr
641 289 816 321 conrnA
855 292 1100 334 mummi,
1143 292 1229 323 rm.
1272 291 1334 322 vr.
1388 274 1480 321 523

99 372 195 415 ago,
228 370 334 417 quas
361 355 415 400 de
440 354 642 418 paradiso
664 359 825 415 ejectus
849 348 973 420 cique
993 356 1252 413 contrarius,
1283 355 1328 400 in
1351 371 1477 418 para-

98 425 191 471 diso
209 424 352 471 locare
369 425 561 478 conaris3
579 441 736 488 easque
765 443 853 472 non
887 428 1165 490 peccantium
1195 426 1378 481 meritis,
1402 424 1477 470 sed

99 495 191 540 Deo
223 504 476 542 naturarum
500 494 758 550 institutori,
783 505 989 560 tanquam
1015 508 1057 542 ct
1094 498 1209 560 ipsas
1231 494 1482 541 naturaliter

98 565 349 623 instituerit,
366 577 441 612 tuo
463 564 634 629 pudore
656 577 879 629 pereunte,
902 578 944 613 ct
962 585 1034 614 ore
1050 567 1379 631 blasphemante
1393 566 1474 612 tri-

99 637 246 684 buere.
278 637 360 682 Dic
371 640 463 697 jam
485 636 593 699 quid
610 637 741 683 etiam
760 637 814 683 de
827 638 910 684 viri
929 655 1062 702 poena
1077 636 1336 702 persuadere
1358 636 1476 682 nita-

99 706 184 753 ris:
205 706 383 771 quando
399 707 578 772 quidem
607 711 702 768 jam
720 710 821 754 satis
841 719 920 765 est,
942 708 1050 772 quid
1082 709 1161 754 ista
1180 707 1351 763 mulier,
1375 722 1478 770 quae

101 787 198 823 ante
215 788 446 841 peccatum
468 778 587 825 nuda
605 789 697 824 erat
713 789 753 824 et
773 796 860 825 non
878 779 1246 834 confundebatur,
1278 788 1318 823 te
1336 776 1476 823 nuda-

101 847 165 894 vit
182 859 312 911 atque
334 848 556 897 confudit.

166 919 352 968 XXVII.
388 920 414 965 J
423 937 488 968 οι.
521 941 543 963 α
565 920 725 968 Verum
750 921 965 968 sufficiant
986 923 1065 968 ista
1083 920 1138 966 de
1154 918 1350 975 muliere,
1365 928 1491 963 tran-

103 1006 270 1036 seamus
283 989 338 1037 ad
352 990 434 1037 viri
447 992 611 1039 munia.
631 1013 650 1033 α
664 992 791 1047 Adae,
805 993 964 1056 inquit,
979 992 1109 1038 dixit:
1131 989 1363 1036 Maledicta
1374 1000 1487 1035 terra

108 1082 128 1101 »
150 1060 196 1105 in
218 1060 428 1124 operibus
451 1062 537 1108 tuis
555 1099 566 1119 ‚
592 1063 637 1108 in
660 1063 831 1109 tristitia
854 1062 1141 1109 manducabis
1171 1077 1264 1106 eam
1283 1059 1488 1105 omnibus

105 1151 126 1171 »
152 1129 309 1176 diebus
331 1131 435 1178 vitae
451 1143 570 1187 tuae3
598 1133 744 1196 spinas
783 1144 824 1179 et
861 1133 1049 1180 tribulos
1076 1132 1173 1178 edet
1199 1130 1301 1187 tibi,
1327 1140 1369 1175 et
1386 1129 1485 1175 edes

106 1224 128 1245 ›>
149 1200 320 1247 foenum
337 1202 430 1262 agri
449 1202 513 1248 tui
539 1221 551 1248 t
573 1203 617 1250 in
636 1203 792 1250 sudore
809 1204 937 1250 faciei
949 1215 1036 1250 tuae
1052 1203 1150 1249 edes
1163 1217 1321 1265 panem
1333 1210 1457 1245 tuum
1475 1218 1488 1258 ;

105 1293 127 1314 »
149 1271 291 1318 donec
307 1272 570 1318 convertaris
598 1273 645 1319 in
668 1284 826 1321 terram
854 1275 909 1320 de
931 1290 1019 1338 qua
1038 1283 1240 1336 sumptus
1261 1287 1302 1316 es
1324 1287 1336 1315 z
1361 1286 1478 1333 quo-

108 1364 129 1385 »
153 1342 270 1389 niam
289 1352 400 1388 terra
411 1359 473 1398 (35,
499 1353 541 1388 et
559 1343 605 1388 in
628 1354 784 1390 terram
805 1345 888 1390 ibis
904 1344 936 1392 1.
967 1366 986 1386 »
1005 1344 1090 1389 Hic
1108 1359 1198 1388 non
1217 1352 1280 1388 est
1292 1341 1480 1398 dictum,

110 1412 419 1476 Multiplicabo
442 1414 589 1477 spinas
611 1425 726 1469 tuaS‚
764 1426 840 1462 aut
871 1415 1047 1462 sudores
1083 1425 1214 1460 tuos:
1248 1411 1322 1458 sed
1363 1412 1489 1475 quasi

109 1494 216 1530 tunc
238 1482 435 1547 primum
459 1494 603 1530 creata
623 1483 848 1533 dicuntur.
888 1488 945 1532 At
972 1485 1100 1531 etiam
1122 1484 1254 1543 hujus
1296 1481 1481 1538 invidia,

109 1571 200 1600 non
219 1557 383 1613 majore
401 1569 534 1616 quam
565 1555 710 1601 uxoris
741 1560 833 1616 ejus
865 1556 1016 1602 labore
1059 1553 1340 1600 dissolvitur:
1362 1553 1486 1599 initio

109 1623 280 1689 quippe
306 1640 395 1670 non
411 1623 564 1670 semini
580 1625 790 1681 hominis,
815 1625 890 1672 sed
917 1626 1056 1671 humo
1071 1623 1379 1670 maledicitur?
1396 1642 1418 1664 α
1437 1622 1492 1668 In

111 1716 134 1738 »
161 1694 246 1742 tuis
263 1694 488 1758 operibus,
510 1695 673 1760 inquit,
697 1697 931 1744 maledicta
944 1707 1055 1743 terra
1068 1696 1161 1742 erit.
1182 1715 1203 1736 ›>
1228 1693 1350 1751 Quid
1368 1710 1494 1740 com-

112 1766 266 1813 merita
280 1766 454 1812 fuerant
465 1780 566 1812 arva
572 1768 729 1830 ,(quae
743 1779 858 1813 certe
873 1767 927 1814 de
938 1767 1118 1813 traduce
1136 1764 1245 1812 Adae
1253 1764 1416 1810 habere
1427 1764 1493 1810 ni-

111 1836 178 1884 hil
196 1837 441 1900 poterant),
463 1847 514 1882 ut
529 1853 611 1900 pro
624 1848 806 1901 peccato
822 1837 1057 1884 voluntatis
1070 1835 1222 1882 alienae
1238 1834 1488 1881 convicium

113 1906 432 1953 maledictionis
454 1907 731 1971 exciperent?
752 1909 820 1954 An
845 1918 893 1954 ut
909 1908 1040 1954 etiam
1059 1907 1259 1970 ipsorum
1278 1904 1493 1968 cespitum

115 1977 344 2024 doceretur
365 1977 580 2040 exemplo,
602 1994 728 2042 posse
746 1995 833 2025 esse
846 1979 1146 2033 maledictum,
1174 1976 1251 2023 ubi
1263 1975 1393 2039 culpa
1406 1992 1496 2021 non

117 2050 252 2095 esset?
273 2047 386 2093 Nam
403 2047 438 2093 si
457 2047 504 2094 in
523 2048 704 2094 homine
719 2060 969 2113 peccatum,
984 2050 1030 2094 in
1045 2058 1181 2108 segete
1195 2045 1495 2104 maledictum3

119 2118 397 2166 manifestum
421 2129 483 2165 est
501 2119 685 2166 crimina
707 2137 796 2166 non
817 2138 985 2185 semper
1009 2119 1231 2166 adhaerere
1245 2115 1498 2181 dispendiis.

121 2189 168 2235 Si
192 2205 293 2249 ergo
316 2199 498 2253 propter
528 2189 616 2236 hoc
640 2189 919 2237 maledicitur
948 2201 1090 2246 terrae,
1121 2199 1170 2235 ut
1192 2187 1264 2234 ille
1285 2187 1362 2251 qui
1390 2203 1500 2250 pec-

121 2270 293 2307 caverat
306 2260 538 2321 affligatur,
562 2278 642 2307 nec
660 2273 806 2307 tamen
823 2262 887 2308 ibi
906 2261 1127 2325 iniquitas,
1151 2259 1230 2306 ubi
1252 2257 1501 2304 maledictio

120 2330 371 2377 continetur
394 2347 405 2376 ε
431 2347 511 2377 cur
533 2348 623 2377 non
643 2349 690 2378 ea
724 2332 994 2387 conditione,
1019 2330 1186 2378 etiamsi
1200 2328 1308 2392 quid
1333 2344 1499 2374 aerum-

122 2417 277 2447 narum
299 2411 472 2448 naturae
489 2412 652 2448 nostrae
670 2413 772 2466 post
794 2413 1026 2467 peccatum
1052 2401 1186 2466 primi
1209 2397 1399 2445 hominis
1418 2397 1502 2443 do·-

123 2481 291 2519 eeretur
311 2471 500 2527 illatum,
532 2482 673 2519 tamen
697 2484 950 2537 sequeretur
976 2490 1063 2519 non
1098 2471 1196 2517 ideo
1226 2469 1401 2514 miseros
1417 2484 1505 2514 esse

124 2552 372 2600 nascentes,
408 2553 458 2590 ut
495 2543 556 2590 rei
590 2543 981 2598 convincerentur3
1008 2542 1082 2589 sed
1113 2551 1162 2588 ut
1185 2554 1505 2587 commemora-

180 2625 192 2648 ¹
208 2627 294 2661 Gen.
310 2636 367 2669 ur,
389 2636 442 2665 17.
