1863 3262
188 287 346 319 OPERIS
383 285 642 318 Imm-:nmen
682 287 857 318 CONTRA
887 288 1133 331 JULIANUM,
1171 291 1260 321 LlB.
1303 292 1372 322 111.
1451 292 1508 340 29

136 365 250 400 trum
278 352 455 400 reddere
488 352 528 398 ia
562 351 697 407 filios,
725 353 933 417 praecipit
969 364 1111 400 tamen
1146 356 1311 402 homini
1347 375 1400 403 ne
1430 375 1511 421 pro

136 425 328 490 pcccatis
367 435 544 488 patrum
586 423 762 470 damnet
798 435 840 469 et
885 424 1010 473 tilios.
1050 426 1251 473 Discerne
1286 428 1434 474 divina
1470 440 1512 475 et

137 494 526 556 liumanajudicia‚
547 505 589 540 et
607 495 798 542 invenies
816 494 927 540 inter
948 513 990 541 se
1010 495 1098 542 duo
1115 496 1194 543 ista
1214 515 1396 545 nones-se
1408 517 1510 546 con-

146 566 294 614 traria.

203 637 454 684 XXXVIII.
494 637 593 683 JUL.
634 657 656 678 «
681 636 764 683 Sed
780 655 832 684 ne
850 638 958 685 sorte
977 638 1234 703 existatquis
1251 656 1386 704 usque
1404 642 1509 688 adeo

138 708 359 772 obstipus,
387 718 434 753 ut
465 707 706 772 perspicuis
736 708 816 753 sibi
851 709 954 755 velit
992 710 1211 755 sententiis
1242 712 1478 773 approbari
1498 749 1507 764 ,

139 779 279 826 Deum
303 779 504 826 videlicet
521 796 611 825 non
631 778 957 840 aliterjudicare
974 818 984 835 ‚
1013 798 1143 844 quam
1163 781 1353 841 judicari
1372 783 1515 846 impe-

138 850 278 904 ravin
318 850 437 914 quod
467 849 643 914 quidem
682 861 745 896 est
779 851 1070 897 contentionis
1102 851 1301 897 nefandae
1332 869 1343 897 ε
1373 863 1515 898 tamen

139 920 346 984 quoniam
371 921 540 967 veritati
566 938 683 967 arma
707 921 992 984 suppeditant
1011 921 1065 968 ad
1091 939 1261 967 omnem
1280 922 1515 969 documen-

138 1000 283 1036 torum
313 990 577 1046 satietatem,
614 990 657 1036 in
684 989 729 1036 id
759 991 903 1054 ipsum
937 991 1160 1037 ostendere
1203 1002 1325 1038 testes
1361 994 1515 1038 acerri-

137 1076 231 1106 mos
254 1078 339 1107 non
360 1061 541 1125 pigebit.
567 1060 778 1125 Impletus
800 1063 949 1126 itaque
965 1073 1115 1108 sancto
1138 1062 1307 1126 Spiritu
1324 1062 1519 1126 loquitur

140 1131 342 1178 Ezechiel
375 1131 630 1195 propbeta:
664 1154 683 1173 κ
707 1136 865 1178 Factus
898 1143 960 1178 est
988 1150 1127 1178 sermo
1163 1133 1338 1179 Domini
1370 1135 1421 1179 ad
1449 1151 1516 1179 me

140 1222 163 1244 >³
181 1201 330 1248 dicens
358 1220 369 1247 :
396 1203 476 1248 Fili
505 1202 714 1258 hominis,
749 1202 857 1266 quid
893 1202 1017 1248 vobis
1039 1202 1295 1266 parabolam
1324 1203 1445 1249 istam
1474 1204 1518 1249 in

140 1292 162 1314 ›>
183 1282 293 1318 terra
321 1272 457 1318 Israel
475 1309 486 1328 ‚
514 1273 755 1318 dicentium
781 1290 792 1317 ε
817 1274 966 1318 Patres
990 1273 1366 1318 manducaverunt
1393 1291 1520 1320 uvam

140 1362 162 1384 >³
186 1341 387 1387 acerbam
404 1378 416 1397 ‚
443 1352 484 1387 et
509 1343 658 1387 dentes
681 1341 872 1387 filiorum
901 1342 1257 1405 obstupuerunt?
1279 1343 1387 1389 Vivo
1411 1362 1488 1404 ego
1505 1381 1515 1401 ‚

139 1433 161 1454 ))
183 1411 291 1458 dicit
320 1411 492 1458 Adonai
525 1412 763 1467 Dominus,
802 1412 835 1457 si
877 1413 1066 1475 amplius
1100 1412 1271 1458 dicetur
1307 1415 1517 1477 parabola

140 1483 280 1529 »haee
315 1483 362 1529 in
400 1483 535 1529 Israel
570 1500 581 1528 ε
618 1483 825 1547 quoniam
870 1500 1019 1529 omnes
1058 1484 1213 1530 animae
1255 1502 1361 1531 meae
1399 1497 1518 1543 sunt3

139 1575 162 1597 ›>
185 1554 559 1618 quemadmodum
584 1555 727 1600 anima
748 1555 883 1619 patris
902 1592 913 1609 ,
940 1555 1001 1600 ita
1023 1565 1065 1600 et
1091 1555 1230 1600 anima
1253 1555 1351 1611 filii,
1376 1574 1522 1603 omnes

141 1646 163 1667 >2
187 1625 345 1671 animae
369 1642 475 1670 meae
501 1635 616 1672 sunt.
654 1625 809 1671 Anima
836 1642 935 1689 quae
966 1636 1147 1689 peccat,
1176 1625 1270 1688 ipsa
1297 1628 1515 1675 morietur.

145 1716 168 1738 >2
188 1695 333 1741 Homo
360 1705 500 1741 autem
528 1696 603 1759 qui
638 1695 954 1756 sueritJ‘ustus,
987 1697 1061 1759 qui
1086 1695 1215 1741 faciet
1237 1696 1455 1756 judicium
1483 1709 1523 1744 et

141 1765 418 1826 »justitiam‚
446 1765 492 1811 in
514 1766 737 1812 montibus
756 1784 843 1812 non
862 1766 1176 1822 manducabit,
1204 1778 1245 1812 et
1263 1768 1411 1814 oculos
1426 1786 1524 1815 suos

141 1853 273 1882 »non
312 1835 486 1882 extollet
524 1836 580 1883 ad
621 1837 833 1883 desideria
867 1836 1023 1882 domus
1063 1837 1200 1883 lsrael
1224 1872 1234 1891 ‚
1271 1849 1312 1884 et
1351 1857 1523 1885 uxorem

107 1923 111 1927 ¹
141 1927 163 1948 >2
183 1906 369 1970 proximi
392 1906 457 1952 sui
483 1924 570 1953 non
605 1907 953 1961 contaminabit,
983 1918 1025 1953 et
1052 1906 1108 1952 ad
1139 1907 1360 1954 mulierem
1388 1928 1526 1956 mens-

143 1997 164 2018 »
187 1987 377 2023 truatam
404 1994 492 2022 non
524 1977 723 2032 accedet,
751 1988 793 2023 et
830 1977 1053 2022 hominem
1091 1994 1178 2023 non
1208 1979 1447 2042 deprimet,
1483 1992 1524 2026 et

142 2066 164 2088 »
186 2046 345 2109 pignus
372 2045 560 2092 debitori
594 2045 770 2102 reddet,
798 2057 840 2092 et
862 2047 1060 2110 rapinam
1082 2065 1168 2092 non
1192 2050 1408 2112 rapuerit,
1440 2069 1517 2114 pa-

143 2136 165 2158 »
187 2133 283 2161 nem
299 2132 425 2161 suum
441 2116 643 2162 esurienti
659 2116 803 2172 dabit,
822 2128 863 2162 et
881 2117 1048 2163 nudum
1067 2118 1232 2180 operiet
1251 2121 1521 2176 vestimento,

146 2207 168 2228 »
191 2197 234 2231 et
251 2186 483 2249 pecuniam
508 2204 628 2233 suam
650 2188 693 2232 in
712 2204 885 2234 usuram
909 2206 997 2233 non
1023 2187 1173 2243 dabit,
1192 2200 1233 2234 et
1256 2193 1527 2254 superabun-

146 2277 167 2299 ›>
192 2255 386 2302 damiam
412 2274 498 2302 non
520 2257 734 2320 accipiet,
762 2270 804 2302 et
838 2259 893 2303 ab
920 2258 1131 2318 injustitia
1164 2272 1325 2306 avertet
1351 2279 1528 2309 manum

149 2347 169 2368 »
193 2342 312 2371 suam
331 2362 342 2376 ,
370 2336 413 2371 et
431 2327 650 2386 J'udicium
673 2331 840 2386 justum
867 2327 996 2374 faciet
1019 2329 1130 2373 inter
1154 2329 1295 2375 virum
1327 2342 1366 2376 et
1394 2334 1530 2394 proxi-

147 2417 168 2438 »
193 2411 314 2440 mum
334 2398 451 2454 ejus;
473 2407 515 2442 et
538 2397 581 2442 in
598 2398 831 2461 praeceptis
849 2399 954 2443 meis
983 2398 1246 2450 ambulavit,
1265 2403 1532 2459 etjustitica-

146 2487 168 2508 ³>
195 2466 331 2510 tiones
354 2482 469 2512 meas
497 2467 760 2523 custodivit,
789 2478 836 2513 ut
866 2468 1024 2514 faceret
1052 2486 1120 2514 eas
1141 2473 1314 2529 :justus
1334 2483 1395 2516 est
1422 2473 1497 2519 istc
1515 2511 1526 2530 ,

148 2557 170 2579 >³
192 2535 279 2582 vita
297 2535 438 2593 vivet,
462 2537 572 2584 dicit
595 2537 765 2584 Adonai
789 2540 1018 2586 Dominus,
1049 2540 1155 2585 Etsi
1180 2543 1372 2600 genuerit
1392 2544 1531 2591 filium

149 2627 172 2651 »
190 2604 463 2670 pestilentem
479 2645 493 2669 ‚
513 2608 806 2658 effundentem
819 2610 1072 2672 sanguinem
1087 2648 1100 2670 ,
1120 2622 1162 2659 et
1180 2611 1410 2661 facientem
1428 2633 1531 2681 pec-
