1863 3262
161 248 317 280 OPERIS
353 248 618 280 IMPERFECTI
655 247 829 278 CONTRA
863 249 1105 291 JULIANUM,
1146 251 1345 284 LtB.111.
1421 257 1481 302 99

112 317 258 360 ceres?
293 313 392 360 Non
426 312 539 359 enim
576 311 826 370 debuinmS,
853 324 1061 377 utputas,
1088 317 1148 362 ita
1169 334 1315 364 sanam
1323 336 1485 383 ,quam

112 384 298 432 diximus
308 385 496 440 bonam,
517 400 571 429 ne
587 382 668 428 sibi
689 399 778 428 non
794 401 821 430 v
823 400 893 429 era
893 398 1232 464 ‘opponerentur
1246 356 1483 436 antitheta:

117 455 241 520 quod
263 454 480 519 imperitia
498 464 661 518 quanta
686 453 821 510 dicas,
868 455 902 500 si
936 456 1158 503 ostendere
1180 459 1336 517 xelim,
1360 461 1490 507 rebus

112 543 202 572 non
224 525 487 582 necessariis,
519 526 581 571 tui
614 523 764 570 similis
789 491 1072 574 immorabor.
1120 528 1186 574 De
1209 531 1352 577 medio
1390 532 1493 578 tolle

112 597 357 661 superflua,
383 607 425 643 et
448 596 645 652 omninO,
676 596 806 642 etiam
827 596 861 642 si
898 615 997 644 vera
1022 609 1175 656 essent,
1211 600 1292 646 tibi
1317 602 1494 649 minime

111 667 369 732 profutura:
390 678 432 714 et
449 667 538 725 dic,
564 667 598 713 si
622 677 761 730 potes,
791 669 1013 731 quomodo
1032 668 1250 717 medicum
1268 671 1494 719 Christum

111 736 307 801 parvulis
327 754 415 783 non
431 736 592 797 negetis
619 754 630 781 ε
666 753 765 783 cum
790 738 903 783 enim
928 739 1116 802 coeperis
1135 739 1296 797 dicere,
1324 741 1389 787 ibi
1416 761 1493 806 ap-

111 808 286 871 parebit
304 825 440 873 quare
463 808 544 854 ista
569 823 699 864 vana,
721 818 764 853 et
779 807 834 854 ad
853 825 943 854 rem
976 826 1077 872 quae
1103 810 1262 871 agitur,
1281 829 1369 858 non
1388 830 1491 877 per-

112 878 311 935 tinentia,
333 890 479 925 tamen
493 878 810 943 interponenda
829 880 1064 944 putaveris,

176 948 373 996 CXLVI.
409 950 511 996 JUL.
544 950 695 995 «Ecce
726 949 841 995 enim
877 951 1069 997 breviter
1092 953 1362 1016 respondeo:
1391 955 1498 1002 adeo

111 1036 190 1067 nos
218 1019 384 1066 Christi
414 1020 678 1067 medicinam
710 1021 930 1084 parvulis,
960 1039 1068 1086 quos
1099 1024 1349 1071 innocentes
1370 1027 1500 1072 novi-

117 1107 233 1147 mus,
255 1108 345 1138 non
362 1108 535 1151 negare,
557 1103 606 1137 ut
629 1091 726 1137 illos
751 1093 1026 1154 potissimum
1053 1094 1295 1157 copiosiore
1315 1113 1362 1142 ea
1380 1096 1501 1143 indi-

119 1179 214 1223 gere
232 1162 457 1210 fateamur.
485 1164 736 1208 Nascuntur
763 1164 877 1208 enim
903 1163 1069 1224 exigui,
1101 1164 1285 1223 debiles,
1313 1166 1388 1230 qui
1413 1185 1500 1213 non

118 1233 258 1280 solum
275 1232 333 1279 ali
351 1233 536 1296 proprio
555 1233 704 1278 labore
721 1251 807 1278 non
831 1234 1026 1296 possint,
1054 1250 1207 1280 verum
1231 1252 1310 1281 nec
1334 1236 1500 1299 implo-

112 1321 208 1352 rare
213 1303 393 1367 {queant
409 1320 536 1366 opem
557 1313 821 1366 par;entum
843 1304 918 1367 qui
947 1314 1031 1349 tam
1055 1303 1201 1349 multis
1220 1305 1391 1352 casibus
1415 1307 1502 1352 ob-

116 1374 232 1420 noxii
265 1384 395 1429 sunt,
424 1385 474 1420 ut
498 1374 557 1419 eis
582 1374 711 1419 etiam
738 1373 806 1419 lac
830 1373 1030 1431 densius,
1056 1385 1096 1420 et
1121 1374 1377 1422 lactantium
1404 1376 1502 1440 ple-

114 1461 303 1509 rumque
320 1461 496 1491 somnus
515 1444 641 1490 exitio
667 1443 736 1491 sit.

181 1515 301 1563 Auo.
332 1516 446 1561 Ecce
469 1532 602 1579 quare
622 1514 844 1561 memoriae
868 1514 1039 1561 lectoris
1056 1552 1066 1570 ,
1090 1514 1408 1578 interponendo
1435 1535 1499 1563 res

113 1586 355 1651 superfluas
374 1624 385 1643 ‚
412 1587 652 1649 obstrepas.
699 1585 923 1632 Medicum
962 1585 1187 1631 Christum
1218 1604 1308 1632 non
1336 1589 1501 1648 negatis

115 1657 312 1722 parvulis
335 1657 620 1703 necessarium
653 1667 836 1720 propter
859 1655 974 1702 mala
1005 1657 1201 1720 corporis
1219 1694 1229 1714 ,
1261 1661 1387 1718 cujus
1409 1659 1496 1704 im-

113 1727 352 1774 becillitate
375 1727 588 1775 vitiantur
610 1726 792 1774 invalidi
813 1765 823 1784 ,
851 1727 919 1774 Vel
940 1737 1173 1785 necantur3
1204 1738 1246 1773 et
1263 1729 1426 1789 negatis
1440 1729 1500 1775 eis

113 1798 403 1844 necessarium
427 1797 644 1844 medicum
666 1797 912 1852 Christum,
944 1807 1125 1860 propter
1147 1797 1267 1861 quod
1291 1799 1374 1844 sub
1395 1799 1496 1844 dia-

114 1869 208 1915 boli
230 1879 442 1933 potestate
458 1879 576 1923 sunt,
601 1867 717 1914 unde
741 1879 789 1914 ut
809 1867 1051 1913 liberentur
1069 1868 1326 1931 baptizandi
1352 1870 1496 1916 exsuf-

115 1939 277 1986 flantur
310 1958 321 1985 ε
351 1950 400 1986 ut
421 1939 509 1984 hoc
538 1938 622 1983 tibi
648 1938 870 1997 objectum
897 1954 987 1982 non
1011 1937 1265 1997 intelligaris
1288 1939 1346 1984 ob
1379 1939 1496 1985 aliud

114 2010 391 2075 proposuisse
400 2009 521 2073 quasi
540 2007 840 2063 refellendum,
860 2007 941 2052 nisi
957 2024 1009 2052 ne
1025 2007 1111 2052 hoc
1132 2007 1322 2053 timuisse
1341 2008 1492 2073 depre-

114 2081 393 2138 hendereris;
428 2080 525 2126 ideo
552 2089 692 2125 autem
717 2095 806 2123 non
835 2087 1017 2123 tentasse
1038 2077 1228 2123 refellere
1249 2115 1259 2135 ,
1285 2080 1494 2157 quoniam

116 2153 170 2201 de
194 2152 466 2208 firmissimo,
491 2160 534 2196 et
564 2160 770 2213 tanquam
795 2147 1076 2193 adamantino
1108 2146 1423 2205 fundamento,
1449 2150 1494 2195 in

116 2238 158 2273 te
180 2226 326 2291 potius
352 2221 657 2288 perimendum
694 2230 769 2265 tua
801 2218 949 2279 jacula
981 2218 1226 2264 resilirent·
1253 2230 1294 2265 et
1316 2220 1417 2266 ideo
1441 2221 1495 2267 de

117 2297 339 2345 antithetis
353 2293 691 2359 disputationem
703 2290 1008 2368 interposuisse
1022 2289 1306 2368 superfluam,
1321 2303 1368 2337 ut
1381 2292 1492 2338 illud

116 2368 330 2415 invictum
352 2366 489 2412 lector
512 2362 692 2417 oblitus
717 2362 872 2407 sineret
892 2371 932 2406 te
950 2360 994 2406 in
1018 2360 1091 2417 eis,
1113 2377 1402 2426 quaecumque
1421 2364 1493 2408 in—

116 2439 248 2486 ferres
267 2437 529 2492 vanissima,
553 2434 787 2497 respirare,
815 2443 1022 2510 tanquam
1054 2432 1386 2494 respondentem
1411 2433 1494 2480 ali-

117 2509 257 2575 quid,
277 2520 319 2555 et
342 2473 556 2554 dicentein
579 2504 706 2551 nihil.
738 2504 810 2549 Sic
835 2504 1002 2567 quippe
1028 2502 1371 2550 imbecillitatem
1392 2523 1494 2553 cor-

118 2583 237 2646 poris
264 2578 498 2636 infantilis,
524 2576 672 2624 multis
694 2575 926 2622 obnoxiam
944 2573 1118 2621 casibus
1141 2573 1347 2631 intulisti,
1374 2580 1498 2641 quasi

1324 2665 1364 2711 7.
