1863 3262
172 319 327 350 OPEuis
364 315 620 347 lMPERFECTr
652 313 827 344 CONTRA
864 311 1349 353 JUIAANL'M,L1B.111.
1423 297 1485 360 73

113 403 199 450 qua
224 384 478 449 disputatio,
504 397 603 445 quae
621 381 738 426 hanc
759 379 983 443 duplicem
1004 379 1336 434 confessionem,
1354 395 1489 443 quam

113 455 377 503 catholicam
409 470 494 498 esse
530 451 745 515 professus
773 467 844 505 es,
877 449 1023 513 aliqua
1053 460 1234 494 conetur
1259 467 1491 510 argumen-

114 527 275 573 tatione
309 523 573 578 convellere,
613 532 687 568 aut
709 539 797 567 non
826 537 942 576 esse,
972 530 1044 565 aut
1087 530 1205 564 tuam
1245 537 1333 565 non
1372 537 1458 566 esse
1474 557 1485 577 ‚

113 608 188 644 aut
212 614 231 642 a
256 607 297 641 te
322 594 502 640 ulterius
542 610 630 639 non
653 591 840 638 defendi.
872 591 919 636 Si
963 602 1106 636 autem
1146 593 1292 650 Juvat,
1319 608 1366 636 ea
1388 608 1490 654 quae

111 667 310 712 dicturus
339 683 380 711 es
424 681 619 724 negasse,
649 662 858 726 locupleti
899 662 1030 706 etiam
1071 659 1366 722 disputatione
1411 660 1492 705 de-

107 736 282 783 fendere
307 756 318 789 ;
364 734 530 797 explica
566 733 837 780 definitiones
881 731 1008 777 liberi
1053 730 1250 784 arbitrii,
1303 740 1344 775 et
1388 730 1493 775 fines

110 811 202 867 ejus
237 805 592 862 distinctionibus
620 803 827 850 absolutis
849 801 973 866 quasi
998 799 1264 864 quibusdam
1290 799 1413 859 cinge
1436 799 1495 844 li-

112 877 307 923 mitibus.
340 897 360 918 ))

177 949 290 1000 Aue.
325 945 498 991 Inimici
527 955 570 990 et
593 943 853 997 defensores,
883 942 1073 987 liberum
1095 940 1321 986 arbitrium
1344 939 1497 985 defen-

110 1016 254 1063 dendo
270 1016 485 1080 premiti3‚
507 1014 626 1078 quod
642 1015 696 1060 ad
715 1031 763 1060 su
773 1032 818 1060 os
836 1014 995 1059 limites
1008 1011 1207 1058 revocari
1225 1010 1499 1074 omnipoten-

110 1088 164 1133 tis
184 1097 226 1133 et
248 1089 337 1132 veri
354 1086 589 1132 defensoris
613 1085 808 1131 bonitate
829 1102 916 1129 nou
940 1083 1084 1129 vultis.
1110 1104 1130 1124 »

178 1157 292 1203 CIV.
325 1161 420 1203 JUL.
456 1160 647 1200 «Deum
685 1172 862 1219 quoque
904 1154 1058 1199 talium
1095 1152 1328 1198 hominum
1366 1167 1499 1196 assere

113 1227 384 1273 conditorem
405 1264 415 1282 ,
460 1225 607 1289 quales
655 1227 858 1271 manibus
900 1228 991 1284 ejus
1020 1223 1291 1285 {iustitiaeque
1334 1237 1497 1266 conve-

114 1308 258 1342 munt.
282 1318 302 1338 ›>

180 1368 293 1412 Aua.
325 1367 365 1411 O
391 1366 512 1412 stulti
527 1365 724 1412 haeretici
747 1365 848 1411 novi
876 1383 887 1410 :
910 1364 942 1410 si
967 1364 1172 1409 manibus
1192 1362 1272 1408 Dei
1297 1378 1385 1407 non
1398 1378 1503 1407 con·

113 1436 296 1482 veniunt
319 1453 451 1499 opera
469 1437 641 1492 vitiosa,
669 1434 890 1498 numquid
909 1434 1112 1479 manibus
1136 1433 1219 1479 Dei
1244 1431 1503 1478 subtrahere

116 1506 205 1553 ulla
220 1507 452 1553 bominum
473 1524 660 1571 corpora
683 1505 917 1561 audebitis,
945 1521 1046 1568 quae
1067 1504 1222 1550 videtis
1242 1520 1358 1580 saepe
1385 1501 1504 1547 nasci

115 1578 328 1623 nonnulla
350 1579 534 1625 xitiosa?
560 1579 653 1624 Cur
676 1595 766 1623 non
786 1594 886 1637 ergo
923 1587 1124 1621 naturam
1167 1573 1376 1638 plimario
1397 1590 1504 1636 pec-

117 1648 256 1694 cantis
285 1648 473 1694 hominis
500 1648 684 1694 arbitrio
719 1647 919 1693 vitiatam
943 1663 1045 1692 cum
1080 1644 1299 1691 catholica
1324 1643 1506 1689 veritate

117 1718 331 1775 fatemini,
354 1719 408 1766 de
427 1737 514 1783 qua
531 1722 647 1766 Deus
663 1719 767 1764 facit
786 1718 907 1781 quod
928 1735 1015 1763 non
1036 1716 1175 1762 solum
1197 1715 1354 1761 artifici
1367 1714 1503 1770 bono,

119 1789 191 1834 sed
215 1790 345 1835 etiam
362 1790 507 1850 Judici
529 1791 734 1837 convenit
744 1794 864 1850 justo
883 1810 894 1843 ;
923 1806 976 1835 ne
996 1787 1234 1834 Manichaei
1254 1802 1329 1831 vos
1352 1793 1510 1846 cogant

116 1859 312 1906 humana
331 1877 516 1925 corpora
532 1862 726 1907 tribuere
746 1860 904 1906 artifici
927 1859 1118 1918 maligno
1138 1869 1180 1903 et
1196 1858 1390 1917 injusto?

188 1931 278 1977 CV.
303 1931 403 1978 JUL.
423 1953 444 1973 «
459 1933 663 1989 Quorum
676 1942 789 1977 certe
806 1930 919 1975 nihil
935 1949 957 1975 a
975 1940 1015 1974 te
1027 1940 1174 1974 actum
1189 1939 1279 1974 est:
1299 1927 1372 1973 sed
1385 1936 1510 1990 post-

121 2015 254 2062 quam
274 2001 537 2064 respondisti
556 2000 797 2047 catholicos
819 2000 1010 2044 liberum
1033 1998 1263 2043 arbitrium
1289 1995 1506 2051 confiteri,

123 2069 178 2115 de
204 2087 392 2133 quorum
414 2083 454 2117 te
474 2089 655 2117 numero
679 2088 765 2117 esse
789 2069 986 2130 confugis
1006 2089 1018 2122 ς
1045 2069 1188 2114 statim
1213 2067 1511 2113 definitionem

125 2139 381 2197 admovisti,
423 2160 523 2206 quae
551 2142 598 2188 id
624 2141 743 2206 quod
774 2140 940 2186 dedisse
965 2139 1188 2186 videbaris
1211 2138 1408 2201 eriperet.
1443 2137 1515 2183 Ais

126 2211 243 2256 euim
269 2228 280 2256 ε
312 2211 397 2257 Sed
418 2213 449 2258 si
477 2212 574 2276 quis
613 2211 667 2257 ad
686 2210 919 2257 colendum
946 2220 1061 2255 recte
1088 2211 1249 2264 Deum,
1273 2207 1362 2252 sine
1380 2207 1516 2270 ipsius

128 2281 347 2340 adjutorio
372 2283 482 2328 dicit
503 2300 592 2329 esse
610 2283 654 2328 in
675 2282 932 2328 hominibus
958 2280 1146 2327 liberum
1173 2277 1422 2333 arbitrium,
1440 2277 1517 2323 hic

127 2352 386 2412 Pelagianus
405 2364 601 2400 vocatur.
624 2374 645 2394 κ
670 2354 728 2398 Et
750 2353 852 2398 item
873 2370 884 2397 ι
904 2373 924 2394 »
944 2351 1171 2398 Liberum?
1186 2348 1415 2395 arbitrium
1431 2365 1516 2393 esse

129 2422 175 2468 in
199 2421 456 2470 hominibus
482 2423 687 2470 dicimus.
718 2422 931 2470 Liberum
966 2433 1110 2468 autem
1133 2435 1398 2486 quemquam
1432 2436 1519 2464 esse

131 2492 187 2538 ad
206 2493 422 2554 agendum
449 2495 636 2540 bonum.

197 2564 310 2610 Aue.
342 2565 412 2611 lbi
430 2565 774 2627 si-adJ'unxisses:
799 2587 820 2609 «
845 2564 1054 2612 Haeretici
1078 2562 1259 2616 dicunt3
1280 2584 1301 2604 ›>
1319 2561 1518 2627 quamvis

131 2650 210 2696 ego
233 2635 366 2683 verba
387 2636 468 2684 ista
489 2654 579 2684 non
601 2636 797 2696 dixerim,
819 2655 844 2685 a
869 2654 964 2685 meo
996 2647 1141 2684 tamen
1181 2634 1392 2681 sententia
1429 2649 1518 2680 non
