1863 3262
162 349 318 379 OPERIS
355 347 615 379 IMPERFECTI
650 347 825 378 CONTRA
860 347 1105 389 JULIANUM,
1144 350 1231 380 LIB.
1275 350 1344 382 111.
1394 332 1480 381 123

107 425 150 461 et
168 415 237 461 isti
248 425 456 461 testantur
474 430 582 478 quos
600 413 651 459 ad
667 413 885 460 Valerium
905 414 1123 469 destinati,
1148 415 1273 461 istam
1283 415 1485 463 videlicet

108 485 504 550 concupiscentiam
534 485 690 537 carnis,
726 502 858 548 quam
896 485 1023 530 etiam
1044 485 1295 548 pudendam
1325 504 1479 544 vocas,

108 574 185 620 per
213 555 439 602 diabolum
459 554 692 600 admixtam
721 572 806 600 esse
832 555 1035 600 humanis
1058 556 1332 618 corporibuS.

174 628 285 672 Aue,
314 626 382 671 Tu
399 627 513 670 enim
532 643 616 689 qua
640 625 913 689 impudentia
939 625 1190 689 pudendam
1214 643 1359 686 negas,
1379 644 1481 674 con-

107 706 174 741 tra
203 712 335 759 quam
376 712 496 741 nunc
517 733 528 751 ,
567 695 924 760 quandoquidem
951 695 1071 741 illam
1091 696 1278 741 libenter
1301 696 1452 743 laudas
1470 736 1480 754 ,

107 765 242 811 miror
256 767 290 811 si
308 765 492 811 fideliter
508 766 701 814 dimicas.
713 765 903 822 Quando
923 777 1063 812 autem
1080 767 1330 812 miscebaris
1345 768 1483 826 uxori,

105 836 303 900 quamvis
318 836 432 882 nihil
456 837 646 884 timendo
662 838 757 883 usui
775 854 989 883 concessae
1006 837 1244 900 voluptatis
1262 837 1482 894 inhiabas,

107 917 317 952 secretum
341 917 487 952 tamen
509 908 805 954 erubescendo
831 908 1074 972 quaerebaS.
1102 908 1292 954 Proinde
1315 909 1394 954 ista
1413 919 1487 954 tua

106 988 304 1040 suscepta
326 1013 337 1033 ,
364 977 399 1022 si
422 977 466 1023 in
493 978 699 1041 paradiso
722 977 953 1025 hominum
980 978 1164 1024 felicitas
1189 991 1485 1042 permaneret,

107 1057 183 1092 aut
202 1046 324 1092 nulla
346 1047 411 1092 ibi
435 1059 568 1104 esset,
603 1060 678 1094 aut
695 1048 838 1095 nullos
858 1066 956 1095 suos
980 1059 1123 1094 motus
1145 1060 1298 1094 contra
1328 1060 1487 1095 nutum

105 1117 340 1163 voluntatis
357 1130 542 1164 exereret
566 1156 575 1175 ,
601 1120 763 1182 quibus
788 1137 955 1165 necesse
979 1130 1084 1165 esset
1101 1119 1305 1165 obsistere
1322 1157 1332 1175 ,
1357 1131 1404 1166 ut
1425 1120 1487 1165 illi

106 1186 304 1234 felicitati
333 1189 535 1249 honestas
567 1207 759 1250 congrua
786 1190 1051 1236 redderetur.
1083 1189 1169 1234 Sed
1204 1189 1413 1252 quoniam
1442 1190 1487 1235 in

107 1261 143 1317 ej
154 1275 200 1304 us
229 1257 433 1304 laudibus
457 1276 507 1304 eo
529 1277 663 1323 usque
683 1277 931 1323 progressus
956 1277 998 1304 es
1013 1296 1022 1313 ‚
1048 1270 1097 1304 ut
1121 1259 1348 1304 libidinem
1372 1277 1486 1322 qua-

109 1327 195 1376 lem
214 1344 332 1373 nunc
352 1345 439 1374 esse
464 1330 688 1386 sentimus,
709 1330 834 1375 talem
856 1331 899 1375 in
920 1329 1124 1392 paradiso
1145 1329 1339 1375 futuram
1358 1329 1486 1376 fuisse

107 1397 343 1445 contendas
363 1435 375 1455 ,
400 1398 482 1444 sibi
511 1399 820 1446 reluctantium
846 1400 1149 1446 sollicitantem
1187 1400 1319 1446 corda
1342 1411 1488 1446 casto-

107 1485 204 1515 rum
224 1487 236 1526 ;
261 1468 359 1532 quis
377 1486 464 1517 non
481 1469 645 1523 videat,
674 1471 793 1534 quod
815 1488 902 1517 non
920 1471 1130 1534 sapientia
1144 1509 1154 1526 ,
1177 1488 1265 1516 non
1287 1471 1490 1534 eloquen-

108 1539 185 1594 tia,
205 1538 280 1584 sed
298 1539 574 1603 impudentia
592 1541 704 1587 mihi
721 1541 897 1595 resistis,
918 1542 1021 1606 quia
1048 1552 1087 1587 te
1106 1542 1272 1587 victum
1291 1542 1489 1587 confiteri

107 1625 311 1672 perverso
330 1610 502 1673 pudore
531 1611 808 1674 prohiberis?
838 1613 935 1657 Non
966 1629 1067 1672 ergo
1089 1612 1230 1658 carnis
1254 1612 1490 1675 concupis-

109 1679 297 1725 centiam
320 1717 331 1736 ,
358 1697 438 1726 nec
468 1682 758 1728 substantiam
786 1693 954 1729 naturae
989 1682 1117 1728 malae
1152 1700 1238 1728 esse
1271 1682 1484 1738 dicimus,

106 1749 228 1814 quod
248 1750 406 1800 dicunt
427 1752 686 1808 Manichaei3
712 1770 792 1799 nec
809 1754 949 1799 omnis
972 1758 1064 1814 ejus
1096 1770 1196 1799 usus
1227 1754 1490 1816 reprobatur

110 1837 134 1865 a
157 1819 308 1876 nobis,
334 1821 447 1866 sicut
471 1840 494 1867 a
522 1823 780 1870 Manichaeis
801 1841 812 1869 ε
842 1841 922 1869 nec
945 1841 1039 1869 eam
1063 1840 1210 1870 rursus
1235 1824 1397 1869 bonam
1417 1824 1487 1869 di-

109 1890 266 1946 cimus,
293 1891 415 1954 quod
437 1891 593 1939 dicunt
616 1894 832 1953 pelagiani
854 1914 865 1947 ;
889 1912 968 1940 nec
994 1899 1086 1954 ejus
1106 1905 1256 1940 contra
1286 1894 1489 1957 spiritum

107 1970 253 2025 motus
281 1961 486 2010 laudatur
506 1981 528 2007 a
547 1964 675 2009 nobis
691 2001 701 2019 ‚
722 1965 836 2009 sicut
857 1982 879 2009 a
902 1965 1146 2024 Pelagianis
1169 1982 1179 2010 ε
1210 1966 1283 2009 sed
1303 1964 1490 2009 dicimus

109 2047 202 2078 eam
222 2047 308 2077 esse
326 2032 482 2078 vitium
503 2034 760 2080 substantiae
791 2035 944 2091 bonae,
976 2035 1094 2097 quod
1115 2035 1159 2080 in
1186 2046 1376 2080 nostram
1408 2049 1491 2080 na-

108 2111 253 2147 turam
281 2114 360 2165 per
391 2105 794 2166 praevaricationem
821 2106 954 2168 primi
982 2106 1172 2151 hominis
1192 2122 1366 2152 versum
1392 2115 1452 2150 est
1474 2140 1485 2160 ,

109 2171 229 2234 quod
269 2172 425 2219 dicunt
461 2174 669 2222 catholici
707 2175 974 2222 Christiani1
994 2196 1006 2230 ς
1044 2173 1223 2239 ejusqife
1255 2175 1357 2221 mali
1389 2192 1492 2221 usus

107 2241 254 2289 licitus
305 2254 348 2289 et
399 2244 606 2292 honestus
649 2246 887 2293 liberorum
942 2247 1312 2310 procreandorum
1361 2263 1490 2292 causa

110 2311 382 2374 approbatur
408 2332 431 2360 a
457 2316 605 2371 nobis,
632 2317 746 2364 sicut
770 2336 793 2364 a
816 2317 1045 2364 catholicis
1063 2316 1335 2363 Christianis.
1367 2318 1433 2362 lta
1449 2327 1491 2362 et

110 2382 388 2430 Manichaeos
412 2396 454 2430 et
496 2387 750 2447 Pelagianos
786 2405 1039 2452 superamus
1062 2426 1073 2443 ,
1110 2398 1238 2452 atque
1273 2388 1488 2442 vitamus;

111 2469 301 2515 quorum
342 2455 404 2500 sic
439 2472 604 2502 errores
627 2495 637 2513 ,
680 2470 967 2522 utrorumque
1002 2459 1159 2504 diversi
1185 2468 1285 2504 sunt
1305 2494 1315 2512 ,
1341 2458 1493 2521 utqui

108 2523 282 2569 videtur
304 2525 464 2581 minor,
485 2526 578 2589 ipse
597 2528 713 2575 illius
738 2531 814 2594 qui
832 2530 1005 2577 videtur
1024 2532 1163 2588 major
1184 2565 1195 2584 ,
1217 2528 1492 2574 demonstre-

112 2603 184 2639 tur
200 2593 391 2654 adjutor.
426 2597 558 2654 Quod
588 2600 702 2646 enim
737 2601 902 2648 malum
940 2618 1026 2647 csse
1051 2600 1149 2646 satis
1172 2598 1391 2647 evidenter
1408 2616 1492 2662 ap-

159 2677 170 2698 1
189 2677 337 2709 Ambros.
354 2678 410 2710 lib.
429 2692 458 2720 7.
478 2681 509 2713 in
526 2684 603 2715 Luc.
626 2694 677 2716 12.
