1824 3236
129 266 286 298 OPERIS
324 265 589 298 IMPERFECTI
625 262 800 295 CONTRA
835 263 1079 307 mummi,
1120 266 1207 299 LIB.
1249 267 1289 298 V·
1366 249 1456 316 397

81 331 200 397 quod
225 331 446 378 catholica
477 331 632 379 veritas
651 329 866 394 praedicat
885 367 893 384 ‚
920 330 975 376 ab
992 332 1158 395 optimo
1180 333 1269 378 Deo
1293 332 1353 378 sic
1372 349 1458 378 csse

81 402 305 449 hominem
328 402 554 449 conditum
575 439 586 458 ‚
622 411 672 447 ut
695 400 989 446 necessitatem
1024 402 1237 465 peccandi
1257 420 1343 448 non
1371 403 1457 448 ha-

81 473 219 531 beret,
248 491 327 520 nec
353 483 571 538 peccaret,
597 471 631 517 si
646 488 826 535 peccare
851 471 1008 526 nollet3
1031 489 1130 518 cum
1149 474 1275 518 etiam
1295 490 1462 537 semper

81 543 197 590 nolle
222 544 372 607 utique
396 553 552 607 posset.
580 542 689 599 Quis
713 542 826 587 enim
848 552 937 586 tam
962 542 1017 587 sit
1047 554 1188 588 niente
1215 560 1356 589 caecus
1375 581 1385 600 ‚
1414 554 1464 589 ut

81 633 170 662 non
193 614 355 672 videat,
377 615 487 661 sicut
513 615 646 660 homo
674 624 737 659 est
765 613 970 677 primitus
996 614 1224 671 conditus,
1253 632 1459 674 magnum

81 685 250 732 bonum
275 703 362 732 esse
385 696 553 732 naturae
569 723 580 744 ,
601 702 725 749 posse
751 701 841 730 non
863 702 1073 747 peccare;
1102 685 1301 748 quamvis
1324 689 1465 745 majus

82 755 154 813 sit,
176 773 263 802 non
286 774 408 820 posse
429 774 639 821 peccare:
667 766 796 820 atque
820 755 1139 801 ordinatissime
1155 756 1460 811 constitutum,

83 838 133 873 ut
156 827 244 874 hoc
260 828 383 891 prius
406 839 513 874 esset
534 827 649 874 unde
675 828 797 873 fieret
816 826 1014 872 hominis
1037 825 1242 872 meritum
1260 864 1272 883 ,
1300 837 1341 872 et
1359 826 1468 872 illud

83 909 190 945 esset
207 909 356 962 postea
379 900 490 945 bene
508 898 652 944 meriti
671 898 920 962 praemium.

150 970 418 1017 Lvllem„
452 991 472 1011 «
495 975 615 1016 Bona
645 987 746 1030 ergo
777 969 1043 1034 possibilitas
1076 971 1178 1016 mali
1208 981 1336 1034 atque
1364 969 1470 1014 boni

86 1039 355 1088 voluntatem
375 1058 463 1087 non
488 1041 621 1101 cogit,
646 1040 719 1086 sed
739 1040 955 1104 permittit
973 1040 1152 1088 oboriri.
1183 1043 1319 1087 Nemo
1342 1041 1472 1099 igitur

87 1110 185 1157 ideo
213 1111 358 1157 bonus
395 1122 482 1168 est,
519 1111 622 1176 quia
661 1111 800 1157 libero
837 1112 1013 1157 affectus
1048 1111 1230 1157 arbitrio
1261 1123 1345 1165 est3
1373 1121 1474 1157 sunt

89 1182 257 1246 quippe
283 1182 411 1228 multi
438 1181 638 1228 homines
663 1199 787 1246 aeque
811 1181 965 1239 liberi,
994 1182 1067 1228 sed
1093 1194 1236 1228 tamen
1266 1182 1437 1245 pessimi
1459 1199 1469 1226 ε

89 1251 164 1298 sed
186 1270 266 1301 nec
285 1252 383 1299 ideo
413 1253 598 1316 quisque
622 1252 763 1298 malus
791 1263 881 1308 est,
906 1254 1010 1316 quia
1033 1253 1161 1298 liberi
1186 1253 1356 1298 arbitrii
1376 1263 1438 1297 est
1461 1271 1472 1305 ;

91 1334 191 1370 sunt
218 1324 335 1370 enim
353 1324 481 1378 multi
507 1341 631 1388 aeque
652 1324 867 1370 libertatis
886 1324 1022 1384 hujus
1046 1324 1284 1388 participes
1300 1362 1309 1379 ‚
1332 1334 1476 1369 tamen

95 1394 268 1458 optimi.
315 1395 405 1441 Nec
441 1394 585 1440 bonus
613 1394 746 1455 igitur
764 1431 775 1451 ,
816 1411 896 1440 1100
932 1394 1070 1441 malus
1096 1395 1228 1441 homo
1256 1394 1356 1440 ideo
1383 1403 1474 1448 est,

93 1465 198 1529 quia
232 1465 345 1511 liber
380 1476 442 1512 est
467 1483 479 1512 ς
516 1465 589 1512 sed
613 1483 691 1512 nec
715 1466 859 1512 bonus
875 1503 886 1523 ‚
914 1483 992 1512 nec
1016 1466 1155 1512 malus
1189 1483 1274 1512 esse
1300 1475 1443 1529 posset
1464 1499 1476 1517 ,

94 1534 179 1581 nisi
211 1534 323 1581 liber
352 1547 472 1583 esset.
504 1537 579 1582 Est
603 1553 702 1596 ergo
740 1537 819 1582 ista
853 1536 1145 1599 possibilitas,
1174 1554 1272 1600 (111ῑο
1307 1536 1480 1581 nomine

96 1605 310 1652 libertatis
330 1606 573 1653 ostenditur
591 1645 602 1664 ,
630 1607 690 1652 ita
720 1624 742 1652 a
763 1607 1078 1670 sapientissimo
1097 1607 1333 1653 constituta
1353 1608 1447 1650 Deo
1466 1640 1477 1660 ,

99 1687 147 1723 ut
171 1677 259 1723 sine
285 1678 380 1741 ipsa
415 1696 505 1724 non
536 1679 619 1734 sit,
647 1677 766 1743 quod
795 1695 873 1742 per
897 1677 1038 1741 ipsam
1073 1695 1160 1724 esse
1183 1695 1270 1724 non
1290 1676 1475 1736 cogitur.

102 1748 434 1795 Contrariorum
457 1750 573 1796 enim
596 1766 682 1796 una
708 1750 951 1813 capacitate
974 1750 1029 1796 ab
1054 1760 1339 1813 utrorumque
1364 1763 1484 1810 prte-

95 1818 264 1878 judicio
285 1820 562 1875 vindicatur3
586 1820 723 1876 idest,
746 1837 825 1865 nec
839 1819 964 1865 malae
982 1820 1236 1875 voluntatis,
1253 1835 1333 1864 nec
1353 1818 1484 1862 bonoe

106 1907 235 1936 causa
259 1903 301 1937 et
317 1893 546 1938 necessitas
566 1891 654 1937 dici
674 1902 833 1955 potest,
856 1909 956 1954 quae
981 1902 1213 1954 utramque
1233 1891 1291 1936 sic
1310 1888 1484 1952 recipit,

105 1970 155 2007 ut
169 1972 367 2008 neutram
392 1962 627 2026 compellat
642 1963 830 2009 existere.
858 1963 1205 2008 Necessariorum
1220 1978 1319 2020 ergo
1334 1960 1485 2018 singu-

104 2030 205 2077 laris
222 2032 381 2079 ductus
394 2072 404 2089 ‚
427 2045 469 2079 et
488 2051 622 2079 unum
649 2033 841 2096 quodam
865 2033 995 2079 modo
1014 2033 1137 2079 filum
1155 2043 1235 2088 est,
1256 2031 1374 2078 velut
1392 2046 1487 2089 geo-

107 2104 285 2150 metrica
313 2104 386 2150 illa
409 2105 498 2151 sine
519 2105 751 2151 latitudine
772 2104 1003 2165 longitudo
1037 2115 1098 2150 est
1120 2141 1131 2160 ,
1158 2121 1238 2149 1100
1275 2102 1351 2147 1110
1387 2099 1488 2146 111110

109 2174 247 2221 dividi
278 2186 432 2239 pote-st.
466 2175 676 2233 Quandiu
707 2193 806 2235 ergo
831 2175 1061 2236 singularis
1093 2173 1338 2220 extenditur
1359 2208 1370 2227 ,
1399 2170 1489 2216 vim

110 2256 277 2291 naturae
301 2263 390 2292 suae
410 2256 553 2292 tenet:
577 2257 619 2293 at
647 2246 724 2292 ubi
746 2246 782 2291 ei
804 2246 998 2292 occurrit
1021 2244 1139 2309 quod
1156 2245 1201 2290 in
1217 2243 1383 2289 diversa
1403 2240 1492 2285 fin-

112 2317 259 2375 datur,
288 2317 398 2364 illud
421 2319 709 2363 necessarium
730 2317 848 2364 illico
876 2317 1147 2364 terminatur.
1174 2314 1226 2361 ld
1248 2325 1323 2372 est,
1350 2312 1492 2358 bonus

114 2388 231 2433 Deus
253 2388 420 2434 bonum
439 2386 541 2433 fecit
560 2388 797 2435 hominem.
825 2410 845 2431 »

182 2459 296 2505 Aue.
327 2459 418 2504 Cur
442 2475 543 2518 ergo
563 2458 706 2503 dixisti
727 2496 738 2516 ,
762 2475 841 2505 nec
870 2460 1039 2505 bonum
1060 2496 1071 2516 ‚
1112 2475 1191 2504 nec
1222 2455 1385 2503 malum
1410 2467 1496 2497 esse

115 2525 339 2575 hominem
359 2567 370 2586 ‚
410 2529 488 2574 11151
517 2530 698 2593 propria
732 2529 956 2577 voluntate
977 2569 987 2588 ‚
1013 2541 1055 2577 et
1081 2528 1300 2594 quidquid
1327 2541 1373 2571 ex
1406 2523 1495 2567 Deo

117 2593 272 2659 habet,
301 2618 347 2647 ex
374 2601 610 2649 necessario
641 2600 822 2659 habere,
852 2619 942 2649 non
962 2620 1008 2650 ex
1033 2599 1263 2666 possibili?
1284 2591 1416 2656 Quod
1436 2592 1498 2641 Vis
