1863 3262
148 260 304 291 OPERIS
341 259 601 290 IMPERFECTI
637 260 811 290 CONTRA
847 261 1091 303 JL'LIANUM,
1130 263 1219 294 LIR.
1263 263 1330 295 111.
1382 265 1466 312 127

103 326 360 372 Manichaeis
391 326 436 371 in
471 325 558 370 hoc
590 325 821 371 certamine
857 328 1073 389 opposui,
1102 328 1144 373 in
1176 346 1262 392 quo
1289 340 1330 375 et
1357 330 1472 393 ipsos

101 408 253 452 vlnC1t‚
283 407 324 442 et
347 414 435 443 vos,

167 466 432 512 CLXXXII.
470 466 569 513 JUL.
600 466 749 512 «Tuis
779 467 894 512 enim
920 467 1213 516 sermonibus.
1247 487 1393 517 omnes
1418 470 1471 517 de

102 535 450 600 concupiscentia
479 547 600 581 natos
629 536 833 583 diabolus
857 539 980 601 quasi
1011 555 1101 583 suae
1121 539 1286 585 arboris
1308 540 1476 587 fructus

96 608 194 665 jure
213 605 449 670 decerpit1.
474 608 607 670 AEque
630 607 762 666 igitur
781 607 1062 671 blasphemas
1087 619 1135 654 ut
1170 610 1470 668 Manichaeus,

102 675 177 739 qui
189 677 586 740 concupiscentiam
605 677 746 724 carnis
763 696 786 724 a
802 680 892 724 Deo
918 678 1143 725 conditam
1160 679 1474 727 vindicemus.»

121 743 124 745 ⁵
167 747 281 795 AUG.
317 747 360 794 Si
400 747 452 794 ad
478 766 652 794 causam
681 749 826 794 venire
847 749 1053 794 voluisses
1073 786 1084 804 ‚
1114 766 1193 795 cur
1219 750 1479 813 baptizandi

101 827 142 862 et
161 817 426 874 exsuffletur,
445 831 487 864 et
508 820 741 865 exorcismo
761 820 1030 866 mundentur
1049 820 1248 875 infantes,
1271 822 1335 866 ibi
1357 840 1477 885 aper-

103 887 260 934 tissime
283 907 370 935 non
397 890 533 935 solum
554 890 749 945 eruditis,
778 891 1060 936 verumetiam
1080 890 1225 937 idiotis
1250 892 1478 939 catholicis

105 958 363 1006 Christianis
398 978 533 1007 novus
573 961 806 1006 haereticus
836 978 1077 1024 appareres,
1117 962 1200 1007 Sed
1231 962 1333 1025 quia
1359 962 1404 1007 id
1430 980 1479 1008 ex

103 1027 218 1080 libro
238 1048 333 1076 meo
355 1031 436 1077 tibi
460 1032 637 1096 quidem
662 1033 927 1096 proposuisti
943 1033 1065 1095 quasi
1083 1032 1362 1078 refellendum
1380 1070 1390 1090 ‚
1407 1034 1479 1080 sed

102 1110 372 1164 pertractare
389 1102 449 1148 ita
471 1103 653 1148 timuisti
672 1139 684 1158 ‚
712 1114 760 1147 ut
783 1102 927 1148 fallaci
950 1102 1214 1165 loquacitate
1237 1104 1390 1149 vitares
1408 1141 1418 1160 ‚
1440 1115 1482 1150 et

103 1172 242 1220 multa
263 1171 450 1219 dicendo
469 1210 480 1230 ‚
510 1173 619 1237 quid
639 1174 822 1219 tacueris
852 1173 1040 1236 operires
1068 1191 1079 1218 :
1111 1174 1370 1237 Apostolum
1402 1174 1483 1221 tibi

105 1242 296 1307 replic0,
317 1243 423 1289 velis
442 1243 552 1289 nolis
571 1281 582 1300 ‚
617 1254 658 1289 et
689 1244 864 1290 inculco
889 1244 1107 1289 dicentem
1133 1244 1186 1290 de
1212 1245 1303 1290 Deo
1321 1247 1451 1290 Patre
1468 1282 1480 1301 ‚

106 1334 127 1360 (ς
147 1314 236 1371 Qui
257 1313 371 1360 eruit
389 1331 467 1360 nos
493 1313 547 1359 de
562 1324 774 1377 potestate
800 1315 1078 1359 tenebrarum
1093 1351 1104 1370 ‚
1126 1324 1168 1359 et
1193 1315 1414 1360 transtulit
1437 1315 1483 1361 in

106 1405 129 1435 »,
144 1400 324 1445 regnum
344 1383 443 1432 Filii
467 1384 692 1431 charitatis
706 1385 835 1431 suae2.
850 1407 870 1427 »
890 1385 1005 1430 Hinc
1028 1385 1253 1448 parvulos,
1280 1385 1312 1430 si
1335 1397 1483 1449 potes-

104 1455 159 1510 tis
182 1493 193 1513 ‚
223 1455 433 1519 excipite3
465 1467 507 1502 et
542 1456 696 1502 audete
732 1456 899 1513 dicere,
934 1473 1004 1502 eos
1028 1457 1072 1502 in
1101 1473 1279 1516 regnum
1305 1456 1484 1520 quidem

109 1526 275 1573 Christi
301 1527 620 1587 regeneratione
644 1527 896 1584 transferri,
926 1527 998 1573 sed
1021 1527 1074 1573 de
1098 1527 1373 1573 tenebrarum
1400 1545 1483 1591 po-

106 1608 256 1644 testate
277 1615 365 1648 11011
388 1599 494 1646 erui.
525 1599 834 1645 Verumtamen
859 1609 1010 1662 parate
1041 1615 1118 1644 vos
1135 1635 1146 1654 ‚
1173 1599 1219 1643 in
1239 1598 1373 1644 facies
1393 1615 1488 1644 vcs-

107 1678 196 1714 tras
219 1667 385 1715 easdem
427 1668 742 1716 exsufflationes
775 1668 1022 1729 dignissime
1056 1669 1274 1731 excipere,
1308 1685 1408 1732 quae
1440 1668 1485 1714 in

107 1738 301 1793 Ecclesia
334 1739 501 1786 Christi
531 1751 573 1786 et
608 1740 850 1800 majoribus
893 1739 1164 1786 adhibentur
1197 1750 1239 1784 et
1272 1739 1478 1802 parvulis

108 1808 291 1856 Talibus
303 1809 472 1874 quippe
489 1810 864 1862 exsufflationibus
884 1808 1137 1856 exsufflandi
1150 1809 1264 1865 estis,
1281 1808 1486 1871 qualibus

109 1881 378 1945 apertissime
398 1899 546 1929 verum
571 1900 631 1929 ess
636 1900 657 1928 e
685 1882 927 1928 ostenditur
944 1880 1066 1945 quod
1087 1882 1263 1940 negatis.

175 1951 466 1999 CLXXXIII.
495 1956 590 1999 JUL.
624 1956 754 1997 «Jam
777 1970 877 1999 vero
903 1951 1013 1997 illud
1033 1961 1179 2007 tuum,
1201 1949 1319 2013 quod
1342 1949 1486 2013 priore

111 2020 269 2085 opere-3
294 2022 529 2079 ventilavi,
550 2022 626 2068 ubi
648 2021 780 2078 dicis,
815 2020 1065 2084 Aliquando
1098 2037 1186 2066 non
1216 2019 1323 2065 facit
1348 2019 1487 2065 libido

111 2092 254 2142 animo
276 2092 463 2139 volente:
493 2109 596 2138 cum
621 2091 855 2156 aliquando
878 2091 1012 2136 faciat
1041 2101 1082 2136 et
1109 2089 1310 2136 nolente⁶
1325 2126 1336 2146 ‚
1359 2100 1488 2154 atque

110 2161 226 2216 lianc
248 2166 340 2223 ejus
369 2162 617 2226 superbiam
636 2198 646 2220 ,
665 2178 752 2225 qua
779 2161 952 2207 nolente
986 2160 1130 2206 animo
1155 2171 1456 2206 commovetur
1473 2197 1484 2216 ,

111 2250 286 2280 accusas
307 2251 318 2279 t
347 2232 603 2289 Manichaei,
626 2248 715 2278 non
736 2232 875 2278 solum
901 2231 1118 2287 sensibus,
1152 2231 1224 2276 sed
1247 2230 1374 2276 etiam
1395 2230 1490 2276 elo-

111 2304 226 2369 quiis
244 2304 506 2368 explicatum
530 2313 604 2350 est.
630 2303 744 2348 Nam
767 2320 867 2348 cum
892 2320 970 2348 nos
993 2301 1217 2362 arguisset,
1249 2301 1355 2369 quia
1375 2301 1489 2347 dice-

111 2390 255 2420 remus
274 2375 404 2428 aDeo
428 2373 522 2419 fieri
540 2373 738 2419 homines
755 2409 766 2429 ‚
788 2390 898 2437 quos
921 2372 1123 2418 seminari
1152 2370 1385 2417 fateremur
1412 2389 1490 2435 per

112 2445 370 2492 coeuntium
395 2444 700 2508 voluptatem:
730 2443 925 2508 (Stulti,
964 2443 1136 2507 inquit,
1166 2460 1189 2488 a
1221 2446 1314 2488 Deo
1339 2442 1494 2489 dicunt

161 2548 172 2570 ¹
193 2547 262 2580 Lib.
286 2559 316 2581 t.
335 2546 375 2579 de
391 2545 522 2590 Nuptiis
534 2550 566 2578 et
585 2547 680 2582 Cone.
698 2555 726 2577 c.
748 2546 805 2578 23.
823 2562 867 2569 —
883 2542 899 2566 2
913 2544 1037 2577 coloss.
1060 2554 1089 2582 1,
1106 2543 1137 2575 3.
1154 2559 1199 2567 -—
1218 2539 1232 2564 3
1249 2545 1356 2586 Opere
1373 2543 1491 2587 scripto

116 2596 157 2632 a'd
174 2599 400 2634 Turbantium.
418 2616 463 2624 —
481 2595 495 2621 ⁴
508 2597 577 2632 Lib.
604 2609 632 2630 1.
651 2597 690 2630 de
706 2599 807 2641 Nupt.
824 2608 853 2632 c.
874 2599 909 2631 6.
