<?xml version="1.0" encoding="UTF-8"?>
<!DOCTYPE html PUBLIC "-//W3C//DTD XHTML 1.0 Transitional//EN"
    "http://www.w3.org/TR/xhtml1/DTD/xhtml1-transitional.dtd">
<html xmlns="http://www.w3.org/1999/xhtml" xml:lang="en" lang="en">
 <head>
  <title>
</title>
<meta http-equiv="Content-Type" content="text/html;charset=utf-8" />
  <meta name='ocr-system' content='tesseract 3.04.00' />
  <meta name='ocr-capabilities' content='ocr_page ocr_carea ocr_par ocr_line ocrx_word'/>
</head>
<body>
  <div class='ocr_page' id='page_1' title='image "./operaomniaaccura37auguuoft/operaomniaaccura37auguuoft_0452.png"; bbox 0 0 1824 3236; ppageno 0'>
   <div class='ocr_carea' id='block_1_1' title="bbox 324 260 1307 315">
    <p class='ocr_par' dir='ltr' id='par_1_1' title="bbox 324 260 1307 315">
     <span class='ocr_line' id='line_1_1' title="bbox 324 260 1307 315; baseline 0.004 -22"><span class='ocrx_word' id='word_1_1' title='bbox 324 260 413 315; x_wconf 64' lang='lat'>442</span> <span class='ocrx_word' id='word_1_2' title='bbox 743 270 775 297; x_wconf 79' lang='lat' dir='ltr'>s.</span> <span class='ocrx_word' id='word_1_3' title='bbox 822 267 1064 297; x_wconf 69' lang='lat' dir='ltr'>Ancusrim</span> <span class='ocrx_word' id='word_1_4' title='bbox 1104 269 1307 297; x_wconf 75' lang='lat' dir='ltr'>EPtSCOPI</span> 
     </span>
    </p>
   </div>
   <div class='ocr_carea' id='block_1_2' title="bbox 312 332 1710 2663">
    <p class='ocr_par' dir='ltr' id='par_1_2' title="bbox 317 332 1710 2452">
     <span class='ocr_line' id='line_1_2' title="bbox 322 332 1698 399; baseline -0.001 -16"><span class='ocrx_word' id='word_1_5' title='bbox 322 337 509 382; x_wconf 81' lang='lat' dir='ltr'>boravit.</span> <span class='ocrx_word' id='word_1_6' title='bbox 538 340 734 399; x_wconf 78' lang='lat' dir='ltr'>Apparet</span> <span class='ocrx_word' id='word_1_7' title='bbox 761 332 872 378; x_wconf 87' lang='lat' dir='ltr'>enim</span> <span class='ocrx_word' id='word_1_8' title='bbox 897 370 906 385; x_wconf 85' lang='grc'>,</span> <span class='ocrx_word' id='word_1_9' title='bbox 935 349 1064 396; x_wconf 83' lang='lat' dir='ltr'>quam</span> <span class='ocrx_word' id='word_1_10' title='bbox 1100 333 1270 377; x_wconf 87' lang='lat' dir='ltr'>vinctus</span> <span class='ocrx_word' id='word_1_11' title='bbox 1302 333 1415 378; x_wconf 86' lang='lat' dir='ltr'>malo</span> <span class='ocrx_word' id='word_1_12' title='bbox 1443 334 1571 380; x_wconf 83' lang='lat' dir='ltr'>fuerit</span> <span class='ocrx_word' id='word_1_13' title='bbox 1589 372 1600 391; x_wconf 90' lang='lat'><strong>‚</strong></span> <span class='ocrx_word' id='word_1_14' title='bbox 1624 336 1698 399; x_wconf 88' lang='lat' dir='ltr'>qui</span> 
     </span>
     <span class='ocr_line' id='line_1_3' title="bbox 321 403 1699 468; baseline -0.001 -15"><span class='ocrx_word' id='word_1_15' title='bbox 321 418 409 453; x_wconf 86' lang='lat' dir='ltr'>crat</span> <span class='ocrx_word' id='word_1_16' title='bbox 427 407 607 453; x_wconf 87' lang='lat' dir='ltr'>crimine</span> <span class='ocrx_word' id='word_1_17' title='bbox 632 403 911 466; x_wconf 69' lang='lat' dir='ltr'>inseparabili</span> <span class='ocrx_word' id='word_1_18' title='bbox 942 403 1200 449; x_wconf 63' lang='lat' dir='ltr'>farciendus.</span> <span class='ocrx_word' id='word_1_19' title='bbox 1232 403 1350 458; x_wconf 69' lang='lat' dir='ltr'>Quid</span> <span class='ocrx_word' id='word_1_20' title='bbox 1376 407 1486 449; x_wconf 82' lang='lat' dir='ltr'>enim</span> <span class='ocrx_word' id='word_1_21' title='bbox 1509 409 1632 468; x_wconf 77' lang='lat' dir='ltr'>pejits</span> <span class='ocrx_word' id='word_1_22' title='bbox 1652 424 1699 452; x_wconf 90' lang='lat' dir='ltr'>ea</span> 
     </span>
     <span class='ocr_line' id='line_1_4' title="bbox 318 475 1698 542; baseline -0.002 -18"><span class='ocrx_word' id='word_1_23' title='bbox 318 479 457 542; x_wconf 84' lang='lat' dir='ltr'>quibo</span> <span class='ocrx_word' id='word_1_24' title='bbox 478 478 670 523; x_wconf 86' lang='lat' dir='ltr'>invenire.</span> <span class='ocrx_word' id='word_1_25' title='bbox 695 475 950 527; x_wconf 71' lang='lat' dir='ltr'>substantia,</span> <span class='ocrx_word' id='word_1_26' title='bbox 973 492 1073 537; x_wconf 71' lang='lat' dir='ltr'>(pize</span> <span class='ocrx_word' id='word_1_27' title='bbox 1096 475 1203 519; x_wconf 81' lang='lat' dir='ltr'>facta</span> <span class='ocrx_word' id='word_1_28' title='bbox 1221 485 1341 519; x_wconf 81' lang='lat' dir='ltr'>estut</span> <span class='ocrx_word' id='word_1_29' title='bbox 1360 475 1404 520; x_wconf 88' lang='lat' dir='ltr'>in</span> <span class='ocrx_word' id='word_1_30' title='bbox 1426 475 1698 539; x_wconf 78' lang='lat' dir='ltr'>iniquitatem</span> 
     </span>
     <span class='ocr_line' id='line_1_5' title="bbox 318 545 1699 612; baseline -0.001 -18"><span class='ocrx_word' id='word_1_31' title='bbox 318 561 461 612; x_wconf 86' lang='lat' dir='ltr'>posset</span> <span class='ocrx_word' id='word_1_32' title='bbox 494 548 712 602; x_wconf 81' lang='lat' dir='ltr'>incidere,</span> <span class='ocrx_word' id='word_1_33' title='bbox 752 548 792 591; x_wconf 90' lang='lat' dir='ltr'>et</span> <span class='ocrx_word' id='word_1_34' title='bbox 830 545 1028 590; x_wconf 84' lang='lat' dir='ltr'>recedere</span> <span class='ocrx_word' id='word_1_35' title='bbox 1055 545 1109 589; x_wconf 87' lang='lat' dir='ltr'>ab</span> <span class='ocrx_word' id='word_1_36' title='bbox 1142 545 1371 606; x_wconf 85' lang='lat' dir='ltr'>iniquitate</span> <span class='ocrx_word' id='word_1_37' title='bbox 1402 562 1488 591; x_wconf 87' lang='lat' dir='ltr'>non</span> <span class='ocrx_word' id='word_1_38' title='bbox 1520 550 1699 609; x_wconf 63' lang='lat' dir='ltr'>posset?</span> 
     </span>
     <span class='ocr_line' id='line_1_6' title="bbox 319 616 1699 680; baseline -0.002 -15"><span class='ocrx_word' id='word_1_39' title='bbox 319 621 447 665; x_wconf 89' lang='lat' dir='ltr'>Hanc</span> <span class='ocrx_word' id='word_1_40' title='bbox 472 619 505 664; x_wconf 91' lang='lat' dir='ltr'>si</span> <span class='ocrx_word' id='word_1_41' title='bbox 529 619 573 664; x_wconf 89' lang='lat' dir='ltr'>in</span> <span class='ocrx_word' id='word_1_42' title='bbox 595 618 701 663; x_wconf 85' lang='lat' dir='ltr'>boni</span> <span class='ocrx_word' id='word_1_43' title='bbox 722 627 846 680; x_wconf 85' lang='lat' dir='ltr'>parte</span> <span class='ocrx_word' id='word_1_44' title='bbox 879 616 1124 662; x_wconf 79' lang='lat' dir='ltr'>violentiam</span> <span class='ocrx_word' id='word_1_45' title='bbox 1152 616 1390 676; x_wconf 76' lang='lat' dir='ltr'><strong>pertulisset</strong></span> <span class='ocrx_word' id='word_1_46' title='bbox 1415 654 1424 671; x_wconf 76' lang='lat'><strong>‚</strong></span> <span class='ocrx_word' id='word_1_47' title='bbox 1449 617 1480 662; x_wconf 88' lang='lat' dir='ltr'>si</span> <span class='ocrx_word' id='word_1_48' title='bbox 1513 617 1699 662; x_wconf 85' lang='lat' dir='ltr'>liberum</span> 
     </span>
     <span class='ocr_line' id='line_1_7' title="bbox 319 684 1699 753; baseline -0.003 -18"><span class='ocrx_word' id='word_1_49' title='bbox 319 689 575 753; x_wconf 71' lang='lat' dir='ltr'>perdidisset</span> <span class='ocrx_word' id='word_1_50' title='bbox 603 688 852 737; x_wconf 77' lang='lat' dir='ltr'>arbitrium,</span> <span class='ocrx_word' id='word_1_51' title='bbox 879 697 1020 731; x_wconf 86' lang='lat' dir='ltr'>tamen</span> <span class='ocrx_word' id='word_1_52' title='bbox 1046 684 1157 729; x_wconf 87' lang='lat' dir='ltr'>nihil</span> <span class='ocrx_word' id='word_1_53' title='bbox 1183 697 1417 731; x_wconf 85' lang='lat' dir='ltr'>accusasset</span> <span class='ocrx_word' id='word_1_54' title='bbox 1442 698 1661 732; x_wconf 78' lang='lat' dir='ltr'>auctorem</span> <span class='ocrx_word' id='word_1_55' title='bbox 1688 707 1699 739; x_wconf 79' lang='lat'><em>3</em></span> 
     </span>
     <span class='ocr_line' id='line_1_8' title="bbox 318 756 1698 824; baseline -0.001 -19"><span class='ocrx_word' id='word_1_56' title='bbox 318 761 421 824; x_wconf 86' lang='lat' dir='ltr'>quia</span> <span class='ocrx_word' id='word_1_57' title='bbox 437 778 563 806; x_wconf 89' lang='lat' dir='ltr'>nemo</span> <span class='ocrx_word' id='word_1_58' title='bbox 583 760 620 806; x_wconf 91' lang='lat' dir='ltr'>ei</span> <span class='ocrx_word' id='word_1_59' title='bbox 643 760 696 805; x_wconf 91' lang='lat' dir='ltr'>de</span> <span class='ocrx_word' id='word_1_60' title='bbox 714 759 853 821; x_wconf 88' lang='lat' dir='ltr'>copiis</span> <span class='ocrx_word' id='word_1_61' title='bbox 867 756 1147 815; x_wconf 78' lang='lat' dir='ltr'>benignitatis</span> <span class='ocrx_word' id='word_1_62' title='bbox 1169 756 1452 817; x_wconf 58' lang='lat' dir='ltr'>quaestionem</span> <span class='ocrx_word' id='word_1_63' title='bbox 1476 768 1665 803; x_wconf 88' lang='lat' dir='ltr'>moveret</span> <span class='ocrx_word' id='word_1_64' title='bbox 1687 775 1698 802; x_wconf 81' lang='lat' dir='ltr'>t</span> 
     </span>
     <span class='ocr_line' id='line_1_9' title="bbox 319 825 1704 891; baseline -0.003 -14"><span class='ocrx_word' id='word_1_65' title='bbox 319 849 420 877; x_wconf 86' lang='lat' dir='ltr'>eum</span> <span class='ocrx_word' id='word_1_66' title='bbox 447 848 547 877; x_wconf 78' lang='lat' dir='ltr'>vero</span> <span class='ocrx_word' id='word_1_67' title='bbox 571 831 617 876; x_wconf 87' lang='lat' dir='ltr'>in</span> <span class='ocrx_word' id='word_1_68' title='bbox 644 830 747 875; x_wconf 85' lang='lat' dir='ltr'>mali</span> <span class='ocrx_word' id='word_1_69' title='bbox 772 844 894 891; x_wconf 77' lang='lat' dir='ltr'>parte</span> <span class='ocrx_word' id='word_1_70' title='bbox 920 825 1161 871; x_wconf 79' lang='lat' dir='ltr'>dominatio</span> <span class='ocrx_word' id='word_1_71' title='bbox 1186 826 1282 870; x_wconf 84' lang='lat' dir='ltr'>talis</span> <span class='ocrx_word' id='word_1_72' title='bbox 1319 827 1559 872; x_wconf 86' lang='lat' dir='ltr'>collocatur</span> <span class='ocrx_word' id='word_1_73' title='bbox 1577 865 1587 879; x_wconf 72' lang='grc'>,</span> <span class='ocrx_word' id='word_1_74' title='bbox 1623 846 1704 874; x_wconf 87' lang='lat' dir='ltr'>ne-</span> 
     </span>
     <span class='ocr_line' id='line_1_10' title="bbox 318 897 1705 963; baseline -0.003 -15"><span class='ocrx_word' id='word_1_75' title='bbox 318 903 480 948; x_wconf 86' lang='lat' dir='ltr'>minem</span> <span class='ocrx_word' id='word_1_76' title='bbox 504 902 638 961; x_wconf 83' lang='lat' dir='ltr'>magis</span> <span class='ocrx_word' id='word_1_77' title='bbox 654 917 786 963; x_wconf 87' lang='lat' dir='ltr'>quam</span> <span class='ocrx_word' id='word_1_78' title='bbox 806 899 950 962; x_wconf 88' lang='lat' dir='ltr'>ipsum</span> <span class='ocrx_word' id='word_1_79' title='bbox 976 897 1166 942; x_wconf 87' lang='lat' dir='ltr'>hominis</span> <span class='ocrx_word' id='word_1_80' title='bbox 1184 898 1327 957; x_wconf 81' lang='lat' dir='ltr'>arguit</span> <span class='ocrx_word' id='word_1_81' title='bbox 1347 898 1637 954; x_wconf 85' lang='lat' dir='ltr'>conditorem,</span> <span class='ocrx_word' id='word_1_82' title='bbox 1663 909 1705 944; x_wconf 89' lang='lat' dir='ltr'>et</span> 
     </span>
     <span class='ocr_line' id='line_1_11' title="bbox 320 968 1704 1036; baseline -0.003 -18"><span class='ocrx_word' id='word_1_83' title='bbox 320 989 594 1036; x_wconf 87' lang='lat' dir='ltr'>supervacua</span> <span class='ocrx_word' id='word_1_84' title='bbox 615 971 948 1016; x_wconf 89' lang='lat' dir='ltr'>criminatorum</span> <span class='ocrx_word' id='word_1_85' title='bbox 976 985 1151 1013; x_wconf 87' lang='lat' dir='ltr'>suorum</span> <span class='ocrx_word' id='word_1_86' title='bbox 1172 1004 1182 1022; x_wconf 76' lang='lat'><strong><em>,</em></strong></span> <span class='ocrx_word' id='word_1_87' title='bbox 1213 968 1256 1013; x_wconf 88' lang='lat' dir='ltr'>id</span> <span class='ocrx_word' id='word_1_88' title='bbox 1283 979 1367 1023; x_wconf 81' lang='lat' dir='ltr'>est,</span> <span class='ocrx_word' id='word_1_89' title='bbox 1392 980 1530 1014; x_wconf 78' lang='lat' dir='ltr'>vestra</span> <span class='ocrx_word' id='word_1_90' title='bbox 1547 1007 1558 1025; x_wconf 83' lang='lat'>,</span> <span class='ocrx_word' id='word_1_91' title='bbox 1587 971 1704 1014; x_wconf 83' lang='lat' dir='ltr'>Deus</span> 
     </span>
     <span class='ocr_line' id='line_1_12' title="bbox 320 1039 1706 1104; baseline -0.003 -16"><span class='ocrx_word' id='word_1_92' title='bbox 320 1043 417 1089; x_wconf 88' lang='lat' dir='ltr'>talis</span> <span class='ocrx_word' id='word_1_93' title='bbox 442 1041 693 1088; x_wconf 80' lang='lat' dir='ltr'>adulatione</span> <span class='ocrx_word' id='word_1_94' title='bbox 716 1041 943 1104; x_wconf 79' lang='lat' dir='ltr'>palpatur,</span> <span class='ocrx_word' id='word_1_95' title='bbox 975 1039 1050 1102; x_wconf 84' lang='lat' dir='ltr'>qui</span> <span class='ocrx_word' id='word_1_96' title='bbox 1072 1039 1353 1084; x_wconf 87' lang='lat' dir='ltr'>amicissimus</span> <span class='ocrx_word' id='word_1_97' title='bbox 1373 1040 1568 1093; x_wconf 70' lang='lat' dir='ltr'>malitiae,</span> <span class='ocrx_word' id='word_1_98' title='bbox 1588 1057 1706 1084; x_wconf 87' lang='lat' dir='ltr'>crea-</span> 
     </span>
     <span class='ocr_line' id='line_1_13' title="bbox 318 1109 1706 1173; baseline -0.002 -15"><span class='ocrx_word' id='word_1_99' title='bbox 318 1113 450 1158; x_wconf 85' lang='lat' dir='ltr'>tionis</span> <span class='ocrx_word' id='word_1_100' title='bbox 486 1129 575 1158; x_wconf 81' lang='lat' dir='ltr'>suae</span> <span class='ocrx_word' id='word_1_101' title='bbox 612 1111 826 1157; x_wconf 70' lang='lat' dir='ltr'>stieditatae</span> <span class='ocrx_word' id='word_1_102' title='bbox 859 1110 1150 1156; x_wconf 82' lang='lat' dir='ltr'>convincitur.</span> <span class='ocrx_word' id='word_1_103' title='bbox 1196 1109 1279 1154; x_wconf 82' lang='lat' dir='ltr'>Cui</span> <span class='ocrx_word' id='word_1_104' title='bbox 1315 1111 1427 1155; x_wconf 90' lang='lat' dir='ltr'>enim</span> <span class='ocrx_word' id='word_1_105' title='bbox 1457 1109 1706 1173; x_wconf 81' lang='lat' dir='ltr'>persuaderi</span> 
     </span>
     <span class='ocr_line' id='line_1_14' title="bbox 318 1179 1706 1246; baseline -0.003 -17"><span class='ocrx_word' id='word_1_106' title='bbox 318 1194 487 1246; x_wconf 70' lang='lat' dir='ltr'>potest,</span> <span class='ocrx_word' id='word_1_107' title='bbox 511 1183 705 1246; x_wconf 87' lang='lat' dir='ltr'>primum</span> <span class='ocrx_word' id='word_1_108' title='bbox 732 1182 953 1227; x_wconf 89' lang='lat' dir='ltr'>hominem</span> <span class='ocrx_word' id='word_1_109' title='bbox 987 1197 1074 1225; x_wconf 90' lang='lat' dir='ltr'>non</span> <span class='ocrx_word' id='word_1_110' title='bbox 1096 1179 1328 1224; x_wconf 82' lang='lat' dir='ltr'>destinasse</span> <span class='ocrx_word' id='word_1_111' title='bbox 1352 1180 1613 1225; x_wconf 75' lang='lat' dir='ltr'>criminibus</span> <span class='ocrx_word' id='word_1_112' title='bbox 1632 1217 1642 1236; x_wconf 81' lang='grc'><em>,</em></span> <span class='ocrx_word' id='word_1_113' title='bbox 1672 1180 1706 1225; x_wconf 90' lang='lat' dir='ltr'>si</span> 
     </span>
     <span class='ocr_line' id='line_1_15' title="bbox 319 1250 1707 1313; baseline -0.004 -13"><span class='ocrx_word' id='word_1_114' title='bbox 319 1254 445 1300; x_wconf 85' lang='lat' dir='ltr'>illum</span> <span class='ocrx_word' id='word_1_115' title='bbox 481 1253 795 1299; x_wconf 83' lang='lat' dir='ltr'>emendationis</span> <span class='ocrx_word' id='word_1_116' title='bbox 822 1252 1027 1297; x_wconf 71' lang='lat' dir='ltr'>facultate</span> <span class='ocrx_word' id='word_1_117' title='bbox 1052 1251 1272 1313; x_wconf 75' lang='lat' dir='ltr'>privavit?</span> <span class='ocrx_word' id='word_1_118' title='bbox 1296 1250 1328 1295; x_wconf 89' lang='lat' dir='ltr'>si</span> <span class='ocrx_word' id='word_1_119' title='bbox 1368 1261 1451 1295; x_wconf 87' lang='lat' dir='ltr'>tam</span> <span class='ocrx_word' id='word_1_120' title='bbox 1478 1267 1615 1313; x_wconf 84' lang='lat' dir='ltr'>pravo</span> <span class='ocrx_word' id='word_1_121' title='bbox 1639 1250 1707 1295; x_wconf 83' lang='lat' dir='ltr'>af-</span> 
     </span>
     <span class='ocr_line' id='line_1_16' title="bbox 321 1320 1707 1384; baseline -0.004 -14"><span class='ocrx_word' id='word_1_122' title='bbox 321 1324 426 1370; x_wconf 77' lang='lat' dir='ltr'>fecit</span> <span class='ocrx_word' id='word_1_123' title='bbox 443 1324 606 1379; x_wconf 87' lang='lat' dir='ltr'>animo,</span> <span class='ocrx_word' id='word_1_124' title='bbox 624 1334 671 1369; x_wconf 89' lang='lat' dir='ltr'>ut</span> <span class='ocrx_word' id='word_1_125' title='bbox 689 1339 809 1368; x_wconf 89' lang='lat' dir='ltr'>error</span> <span class='ocrx_word' id='word_1_126' title='bbox 831 1339 932 1367; x_wconf 83' lang='lat' dir='ltr'>suus</span> <span class='ocrx_word' id='word_1_127' title='bbox 955 1322 991 1367; x_wconf 90' lang='lat' dir='ltr'>ei</span> <span class='ocrx_word' id='word_1_128' title='bbox 1011 1321 1240 1384; x_wconf 84' lang='lat' dir='ltr'>displicere</span> <span class='ocrx_word' id='word_1_129' title='bbox 1263 1337 1350 1365; x_wconf 87' lang='lat' dir='ltr'>non</span> <span class='ocrx_word' id='word_1_130' title='bbox 1369 1332 1530 1384; x_wconf 78' lang='lat' dir='ltr'>posset,</span> <span class='ocrx_word' id='word_1_131' title='bbox 1546 1331 1592 1366; x_wconf 85' lang='lat' dir='ltr'>ut</span> <span class='ocrx_word' id='word_1_132' title='bbox 1610 1320 1707 1365; x_wconf 88' lang='lat' dir='ltr'>nul-</span> 
     </span>
     <span class='ocr_line' id='line_1_17' title="bbox 319 1393 1708 1454; baseline -0.004 -13"><span class='ocrx_word' id='word_1_133' title='bbox 319 1396 410 1441; x_wconf 86' lang='lat' dir='ltr'>lum</span> <span class='ocrx_word' id='word_1_134' title='bbox 438 1396 622 1441; x_wconf 75' lang='lat' dir='ltr'>liaberet</span> <span class='ocrx_word' id='word_1_135' title='bbox 657 1394 710 1440; x_wconf 87' lang='lat' dir='ltr'>ad</span> <span class='ocrx_word' id='word_1_136' title='bbox 746 1394 1015 1439; x_wconf 66' lang='lat' dir='ltr'>honestatem</span> <span class='ocrx_word' id='word_1_137' title='bbox 1052 1408 1285 1451; x_wconf 81' lang='lat' dir='ltr'>regressum</span> <span class='ocrx_word' id='word_1_138' title='bbox 1309 1429 1319 1447; x_wconf 77' lang='lat'><em>‚</em></span> <span class='ocrx_word' id='word_1_139' title='bbox 1356 1409 1434 1436; x_wconf 85' lang='lat' dir='ltr'>nec</span> <span class='ocrx_word' id='word_1_140' title='bbox 1464 1393 1582 1437; x_wconf 84' lang='lat' dir='ltr'>lieret</span> <span class='ocrx_word' id='word_1_141' title='bbox 1608 1402 1708 1454; x_wconf 89' lang='lat' dir='ltr'>post</span> 
     </span>
     <span class='ocr_line' id='line_1_18' title="bbox 319 1463 1705 1530; baseline -0.004 -18"><span class='ocrx_word' id='word_1_142' title='bbox 319 1467 611 1530; x_wconf 83' lang='lat' dir='ltr'>experimenta</span> <span class='ocrx_word' id='word_1_143' title='bbox 634 1465 891 1517; x_wconf 69' lang='lat' dir='ltr'>correctior,</span> <span class='ocrx_word' id='word_1_144' title='bbox 925 1481 974 1509; x_wconf 87' lang='lat' dir='ltr'>ac</span> <span class='ocrx_word' id='word_1_145' title='bbox 997 1481 1048 1508; x_wconf 85' lang='lat' dir='ltr'>ne</span> <span class='ocrx_word' id='word_1_146' title='bbox 1078 1465 1186 1508; x_wconf 69' lang='lat' dir='ltr'>forte</span> <span class='ocrx_word' id='word_1_147' title='bbox 1212 1463 1524 1525; x_wconf 82' lang='lat' dir='ltr'>recuperandae</span> <span class='ocrx_word' id='word_1_148' title='bbox 1550 1463 1705 1525; x_wconf 75' lang='lat' dir='ltr'>probi-</span> 
     </span>
     <span class='ocr_line' id='line_1_19' title="bbox 320 1534 1705 1601; baseline -0.004 -18"><span class='ocrx_word' id='word_1_149' title='bbox 320 1538 419 1583; x_wconf 82' lang='lat' dir='ltr'>tatis</span> <span class='ocrx_word' id='word_1_150' title='bbox 454 1554 649 1601; x_wconf 83' lang='lat' dir='ltr'>unquam</span> <span class='ocrx_word' id='word_1_151' title='bbox 682 1536 858 1581; x_wconf 81' lang='lat' dir='ltr'>sentiret</span> <span class='ocrx_word' id='word_1_152' title='bbox 883 1537 1084 1580; x_wconf 76' lang='lat' dir='ltr'>affectum</span> <span class='ocrx_word' id='word_1_153' title='bbox 1106 1572 1115 1583; x_wconf 84' lang='lat'>.</span> <span class='ocrx_word' id='word_1_154' title='bbox 1143 1535 1280 1597; x_wconf 84' lang='lat' dir='ltr'>ipsam</span> <span class='ocrx_word' id='word_1_155' title='bbox 1314 1535 1351 1579; x_wconf 86' lang='lat' dir='ltr'>ei</span> <span class='ocrx_word' id='word_1_156' title='bbox 1372 1534 1705 1596; x_wconf 80' lang='lat' dir='ltr'>possibilitatem</span> 
     </span>
     <span class='ocr_line' id='line_1_20' title="bbox 319 1604 1709 1664; baseline -0.004 -10"><span class='ocrx_word' id='word_1_157' title='bbox 319 1608 600 1654; x_wconf 85' lang='lat' dir='ltr'>correctionis</span> <span class='ocrx_word' id='word_1_158' title='bbox 623 1606 767 1652; x_wconf 86' lang='lat' dir='ltr'>evellit</span> <span class='ocrx_word' id='word_1_159' title='bbox 783 1609 800 1651; x_wconf 72' lang='grc' dir='ltr'>ἶ)</span> <span class='ocrx_word' id='word_1_160' title='bbox 822 1607 1005 1651; x_wconf 85' lang='lat' dir='ltr'>Prorsus</span> <span class='ocrx_word' id='word_1_161' title='bbox 1030 1606 1062 1650; x_wconf 90' lang='lat' dir='ltr'>si</span> <span class='ocrx_word' id='word_1_162' title='bbox 1086 1605 1181 1650; x_wconf 88' lang='lat' dir='ltr'>talis</span> <span class='ocrx_word' id='word_1_163' title='bbox 1203 1608 1294 1664; x_wconf 85' lang='lat' dir='ltr'>ejus</span> <span class='ocrx_word' id='word_1_164' title='bbox 1321 1604 1515 1649; x_wconf 89' lang='lat' dir='ltr'>conditio</span> <span class='ocrx_word' id='word_1_165' title='bbox 1535 1604 1617 1650; x_wconf 89' lang='lat' dir='ltr'>fuit</span> <span class='ocrx_word' id='word_1_166' title='bbox 1633 1642 1643 1659; x_wconf 69' lang='grc'><em>,</em></span> <span class='ocrx_word' id='word_1_167' title='bbox 1662 1615 1709 1650; x_wconf 87' lang='lat' dir='ltr'>ut</span> 
     </span>
     <span class='ocr_line' id='line_1_21' title="bbox 317 1675 1706 1742; baseline -0.002 -18"><span class='ocrx_word' id='word_1_168' title='bbox 317 1678 517 1742; x_wconf 87' lang='lat' dir='ltr'>quandiu</span> <span class='ocrx_word' id='word_1_169' title='bbox 542 1678 587 1723; x_wconf 90' lang='lat' dir='ltr'>in</span> <span class='ocrx_word' id='word_1_170' title='bbox 616 1677 701 1722; x_wconf 86' lang='lat' dir='ltr'>hac</span> <span class='ocrx_word' id='word_1_171' title='bbox 731 1677 817 1722; x_wconf 84' lang='lat' dir='ltr'>vita</span> <span class='ocrx_word' id='word_1_172' title='bbox 843 1687 963 1731; x_wconf 80' lang='lat' dir='ltr'>erat,</span> <span class='ocrx_word' id='word_1_173' title='bbox 994 1693 1082 1720; x_wconf 85' lang='lat' dir='ltr'>uno</span> <span class='ocrx_word' id='word_1_174' title='bbox 1110 1675 1236 1737; x_wconf 86' lang='lat' dir='ltr'>lapsu</span> <span class='ocrx_word' id='word_1_175' title='bbox 1262 1675 1468 1720; x_wconf 82' lang='lat' dir='ltr'>virtutem</span> <span class='ocrx_word' id='word_1_176' title='bbox 1498 1675 1706 1722; x_wconf 54' lang='lat' dir='ltr'>emenda÷</span> 
     </span>
     <span class='ocr_line' id='line_1_22' title="bbox 318 1746 1708 1809; baseline -0.004 -14"><span class='ocrx_word' id='word_1_177' title='bbox 318 1750 445 1795; x_wconf 86' lang='lat' dir='ltr'>tionis</span> <span class='ocrx_word' id='word_1_178' title='bbox 466 1750 710 1802; x_wconf 83' lang='lat' dir='ltr'>amitteret,</span> <span class='ocrx_word' id='word_1_179' title='bbox 738 1765 823 1793; x_wconf 90' lang='lat' dir='ltr'>non</span> <span class='ocrx_word' id='word_1_180' title='bbox 844 1758 907 1792; x_wconf 83' lang='lat' dir='ltr'>est</span> <span class='ocrx_word' id='word_1_181' title='bbox 932 1748 990 1792; x_wconf 86' lang='lat' dir='ltr'>ob</span> <span class='ocrx_word' id='word_1_182' title='bbox 1012 1746 1130 1791; x_wconf 86' lang='lat' dir='ltr'>aliud</span> <span class='ocrx_word' id='word_1_183' title='bbox 1159 1763 1289 1809; x_wconf 85' lang='lat' dir='ltr'>quam</span> <span class='ocrx_word' id='word_1_184' title='bbox 1318 1757 1363 1791; x_wconf 92' lang='lat' dir='ltr'>ut</span> <span class='ocrx_word' id='word_1_185' title='bbox 1389 1746 1560 1791; x_wconf 87' lang='lat' dir='ltr'>caderet</span> <span class='ocrx_word' id='word_1_186' title='bbox 1585 1746 1708 1791; x_wconf 84' lang='lat' dir='ltr'>insti-</span> 
     </span>
     <span class='ocr_line' id='line_1_23' title="bbox 321 1816 1710 1880; baseline -0.004 -13"><span class='ocrx_word' id='word_1_187' title='bbox 321 1831 467 1875; x_wconf 76' lang='lat' dir='ltr'>tutus3</span> <span class='ocrx_word' id='word_1_188' title='bbox 489 1821 576 1866; x_wconf 90' lang='lat' dir='ltr'>imo</span> <span class='ocrx_word' id='word_1_189' title='bbox 597 1837 676 1865; x_wconf 91' lang='lat' dir='ltr'>nec</span> <span class='ocrx_word' id='word_1_190' title='bbox 702 1819 936 1874; x_wconf 74' lang='lat' dir='ltr'>corruisse,</span> <span class='ocrx_word' id='word_1_191' title='bbox 960 1817 1031 1863; x_wconf 86' lang='lat' dir='ltr'>sed</span> <span class='ocrx_word' id='word_1_192' title='bbox 1047 1818 1233 1877; x_wconf 85' lang='lat' dir='ltr'>jacuisse</span> <span class='ocrx_word' id='word_1_193' title='bbox 1251 1834 1419 1880; x_wconf 84' lang='lat' dir='ltr'>semper</span> <span class='ocrx_word' id='word_1_194' title='bbox 1435 1817 1577 1862; x_wconf 80' lang='lat' dir='ltr'>verius</span> <span class='ocrx_word' id='word_1_195' title='bbox 1595 1816 1710 1862; x_wconf 69' lang='lat' dir='ltr'>dici-</span> 
     </span>
     <span class='ocr_line' id='line_1_24' title="bbox 321 1888 1702 1954; baseline -0.002 -18"><span class='ocrx_word' id='word_1_196' title='bbox 321 1902 408 1944; x_wconf 84' lang='lat' dir='ltr'>tur,</span> <span class='ocrx_word' id='word_1_197' title='bbox 438 1891 614 1954; x_wconf 89' lang='lat' dir='ltr'>quinon</span> <span class='ocrx_word' id='word_1_198' title='bbox 632 1890 805 1942; x_wconf 69' lang='lat' dir='ltr'>sinitur.</span> <span class='ocrx_word' id='word_1_199' title='bbox 829 1899 1042 1952; x_wconf 85' lang='lat' dir='ltr'>quantum</span> <span class='ocrx_word' id='word_1_200' title='bbox 1064 1888 1117 1933; x_wconf 89' lang='lat' dir='ltr'>ad</span> <span class='ocrx_word' id='word_1_201' title='bbox 1139 1906 1274 1933; x_wconf 86' lang='lat' dir='ltr'>mores</span> <span class='ocrx_word' id='word_1_202' title='bbox 1290 1898 1475 1950; x_wconf 64' lang='lat' dir='ltr'>spectat.</span> <span class='ocrx_word' id='word_1_203' title='bbox 1491 1905 1702 1947; x_wconf 79' lang='lat' dir='ltr'>exurgere.</span> 
     </span>
     <span class='ocr_line' id='line_1_25' title="bbox 321 1958 1710 2022; baseline -0.001 -17"><span class='ocrx_word' id='word_1_204' title='bbox 321 1962 471 2018; x_wconf 83' lang='lat' dir='ltr'>Qualis</span> <span class='ocrx_word' id='word_1_205' title='bbox 498 1978 598 2021; x_wconf 81' lang='lat' dir='ltr'>ergo</span> <span class='ocrx_word' id='word_1_206' title='bbox 633 1960 716 2005; x_wconf 88' lang='lat' dir='ltr'>fuit</span> <span class='ocrx_word' id='word_1_207' title='bbox 749 1961 820 2006; x_wconf 86' lang='lat' dir='ltr'>illa</span> <span class='ocrx_word' id='word_1_208' title='bbox 855 1960 1058 2014; x_wconf 86' lang='lat' dir='ltr'>libertas,</span> <span class='ocrx_word' id='word_1_209' title='bbox 1088 1976 1189 2022; x_wconf 78' lang='lat' dir='ltr'>quae</span> <span class='ocrx_word' id='word_1_210' title='bbox 1215 1959 1252 2003; x_wconf 91' lang='lat' dir='ltr'>ei</span> <span class='ocrx_word' id='word_1_211' title='bbox 1278 1958 1437 2003; x_wconf 88' lang='lat' dir='ltr'>collata</span> <span class='ocrx_word' id='word_1_212' title='bbox 1465 1959 1587 2021; x_wconf 85' lang='lat' dir='ltr'>prius</span> <span class='ocrx_word' id='word_1_213' title='bbox 1611 1975 1710 2004; x_wconf 89' lang='lat' dir='ltr'>cre-</span> 
     </span>
     <span class='ocr_line' id='line_1_26' title="bbox 321 2029 1710 2094; baseline -0.004 -16"><span class='ocrx_word' id='word_1_214' title='bbox 321 2032 469 2085; x_wconf 90' lang='lat' dir='ltr'>ditur;</span> <span class='ocrx_word' id='word_1_215' title='bbox 494 2033 526 2078; x_wconf 91' lang='lat' dir='ltr'>si</span> <span class='ocrx_word' id='word_1_216' title='bbox 545 2050 567 2077; x_wconf 89' lang='lat' dir='ltr'>e</span> <span class='ocrx_word' id='word_1_217' title='bbox 592 2032 765 2077; x_wconf 84' lang='lat' dir='ltr'>duabus</span> <span class='ocrx_word' id='word_1_218' title='bbox 788 2031 1019 2077; x_wconf 81' lang='lat' dir='ltr'>contrariis</span> <span class='ocrx_word' id='word_1_219' title='bbox 1046 2029 1334 2094; x_wconf 85' lang='lat' dir='ltr'>qualitatibus</span> <span class='ocrx_word' id='word_1_220' title='bbox 1368 2033 1560 2092; x_wconf 84' lang='lat' dir='ltr'>pejorem</span> <span class='ocrx_word' id='word_1_221' title='bbox 1584 2047 1606 2074; x_wconf 88' lang='lat' dir='ltr'>a</span> <span class='ocrx_word' id='word_1_222' title='bbox 1630 2046 1710 2074; x_wconf 88' lang='lat' dir='ltr'>ne-</span> 
     </span>
     <span class='ocr_line' id='line_1_27' title="bbox 319 2099 1710 2164; baseline -0.004 -15"><span class='ocrx_word' id='word_1_223' title='bbox 319 2103 519 2157; x_wconf 85' lang='lat' dir='ltr'>cessario,</span> <span class='ocrx_word' id='word_1_224' title='bbox 539 2103 757 2148; x_wconf 89' lang='lat' dir='ltr'>meliorem</span> <span class='ocrx_word' id='word_1_225' title='bbox 775 2120 797 2147; x_wconf 90' lang='lat' dir='ltr'>a</span> <span class='ocrx_word' id='word_1_226' title='bbox 818 2101 1018 2147; x_wconf 84' lang='lat' dir='ltr'>mutabili</span> <span class='ocrx_word' id='word_1_227' title='bbox 1033 2101 1286 2164; x_wconf 83' lang='lat' dir='ltr'>capessebat</span> <span class='ocrx_word' id='word_1_228' title='bbox 1304 2120 1314 2153; x_wconf 88' lang='grc'>;</span> <span class='ocrx_word' id='word_1_229' title='bbox 1330 2099 1421 2145; x_wconf 91' lang='lat' dir='ltr'>imo</span> <span class='ocrx_word' id='word_1_230' title='bbox 1437 2117 1459 2145; x_wconf 90' lang='lat' dir='ltr'>a</span> <span class='ocrx_word' id='word_1_231' title='bbox 1477 2099 1710 2162; x_wconf 84' lang='lat' dir='ltr'>tyrannide</span> 
     </span>
     <span class='ocr_line' id='line_1_28' title="bbox 320 2170 1703 2237; baseline -0.003 -17"><span class='ocrx_word' id='word_1_232' title='bbox 320 2175 513 2221; x_wconf 86' lang='lat' dir='ltr'>criminis</span> <span class='ocrx_word' id='word_1_233' title='bbox 534 2184 767 2237; x_wconf 85' lang='lat' dir='ltr'>occupata,</span> <span class='ocrx_word' id='word_1_234' title='bbox 794 2172 1125 2236; x_wconf 81' lang='lat' dir='ltr'>despoliabatur</span> <span class='ocrx_word' id='word_1_235' title='bbox 1153 2171 1458 2234; x_wconf 75' lang='lat' dir='ltr'>resipiscentiae</span> <span class='ocrx_word' id='word_1_236' title='bbox 1479 2170 1703 2216; x_wconf 81' lang='lat' dir='ltr'>facultate.</span> 
     </span>
     <span class='ocr_line' id='line_1_29' title="bbox 318 2239 1707 2306; baseline -0.004 -16"><span class='ocrx_word' id='word_1_237' title='bbox 318 2244 584 2291; x_wconf 84' lang='lat' dir='ltr'>Teterrimus</span> <span class='ocrx_word' id='word_1_238' title='bbox 604 2260 703 2302; x_wconf 83' lang='lat' dir='ltr'>ergo</span> <span class='ocrx_word' id='word_1_239' title='bbox 735 2242 863 2306; x_wconf 88' lang='lat' dir='ltr'>primi</span> <span class='ocrx_word' id='word_1_240' title='bbox 884 2241 1077 2286; x_wconf 88' lang='lat' dir='ltr'>hominis</span> <span class='ocrx_word' id='word_1_241' title='bbox 1101 2251 1236 2285; x_wconf 86' lang='lat' dir='ltr'>status</span> <span class='ocrx_word' id='word_1_242' title='bbox 1259 2240 1313 2284; x_wconf 86' lang='lat' dir='ltr'>ab</span> <span class='ocrx_word' id='word_1_243' title='bbox 1338 2239 1433 2302; x_wconf 87' lang='lat' dir='ltr'>ipso</span> <span class='ocrx_word' id='word_1_244' title='bbox 1457 2239 1648 2295; x_wconf 75' lang='lat' dir='ltr'>exordio‚</span> <span class='ocrx_word' id='word_1_245' title='bbox 1673 2239 1707 2284; x_wconf 89' lang='lat' dir='ltr'>si</span> 
     </span>
     <span class='ocr_line' id='line_1_30' title="bbox 319 2310 1710 2367; baseline -0.004 -6"><span class='ocrx_word' id='word_1_246' title='bbox 319 2334 342 2362; x_wconf 86' lang='lat' dir='ltr'>a</span> <span class='ocrx_word' id='word_1_247' title='bbox 366 2317 457 2361; x_wconf 91' lang='lat' dir='ltr'>Deo</span> <span class='ocrx_word' id='word_1_248' title='bbox 482 2325 645 2360; x_wconf 85' lang='lat' dir='ltr'>esttam</span> <span class='ocrx_word' id='word_1_249' title='bbox 673 2313 901 2359; x_wconf 73' lang='lat' dir='ltr'>infeliciter</span> <span class='ocrx_word' id='word_1_250' title='bbox 924 2312 1165 2367; x_wconf 75' lang='lat' dir='ltr'>institutus,</span> <span class='ocrx_word' id='word_1_251' title='bbox 1186 2321 1234 2356; x_wconf 87' lang='lat' dir='ltr'>ut</span> <span class='ocrx_word' id='word_1_252' title='bbox 1258 2310 1459 2355; x_wconf 84' lang='lat' dir='ltr'>ruiturus</span> <span class='ocrx_word' id='word_1_253' title='bbox 1480 2311 1522 2355; x_wconf 91' lang='lat' dir='ltr'>in</span> <span class='ocrx_word' id='word_1_254' title='bbox 1545 2310 1710 2356; x_wconf 89' lang='lat' dir='ltr'>crimen</span> 
     </span>
     <span class='ocr_line' id='line_1_31' title="bbox 318 2381 1345 2452; baseline -0.012 -18"><span class='ocrx_word' id='word_1_255' title='bbox 318 2397 530 2452; x_wconf 86' lang='lat' dir='ltr'>perpetua</span> <span class='ocrx_word' id='word_1_256' title='bbox 557 2384 771 2449; x_wconf 83' lang='lat' dir='ltr'>peccandi</span> <span class='ocrx_word' id='word_1_257' title='bbox 799 2383 1052 2429; x_wconf 84' lang='lat' dir='ltr'>necessitate</span> <span class='ocrx_word' id='word_1_258' title='bbox 1078 2381 1302 2441; x_wconf 81' lang='lat' dir='ltr'>ligaretur.</span> <span class='ocrx_word' id='word_1_259' title='bbox 1325 2402 1345 2422; x_wconf 70' lang='lat' dir='ltr'>n</span> 
     </span>
    </p>

    <p class='ocr_par' dir='ltr' id='par_1_3' title="bbox 312 2450 1709 2663">
     <span class='ocr_line' id='line_1_32' title="bbox 385 2450 1709 2519; baseline -0.004 -15"><span class='ocrx_word' id='word_1_260' title='bbox 385 2461 499 2504; x_wconf 69' lang='lat' dir='ltr'>Aua.</span> <span class='ocrx_word' id='word_1_261' title='bbox 537 2458 623 2503; x_wconf 84' lang='lat' dir='ltr'>Res</span> <span class='ocrx_word' id='word_1_262' title='bbox 657 2456 791 2512; x_wconf 84' lang='lat' dir='ltr'>dicis,</span> <span class='ocrx_word' id='word_1_263' title='bbox 823 2471 931 2519; x_wconf 84' lang='lat' dir='ltr'>quas</span> <span class='ocrx_word' id='word_1_264' title='bbox 968 2453 1001 2498; x_wconf 84' lang='lat' dir='ltr'>si</span> <span class='ocrx_word' id='word_1_265' title='bbox 1035 2453 1162 2498; x_wconf 88' lang='lat' dir='ltr'>nobis</span> <span class='ocrx_word' id='word_1_266' title='bbox 1191 2452 1338 2498; x_wconf 87' lang='lat' dir='ltr'>saltem</span> <span class='ocrx_word' id='word_1_267' title='bbox 1370 2450 1709 2499; x_wconf 79' lang='lat' dir='ltr'>admonentibus</span> 
     </span>
     <span class='ocr_line' id='line_1_33' title="bbox 316 2522 1708 2588; baseline -0.006 -12"><span class='ocrx_word' id='word_1_268' title='bbox 316 2528 589 2577; x_wconf 84' lang='lat' dir='ltr'>considerare</span> <span class='ocrx_word' id='word_1_269' title='bbox 614 2545 702 2574; x_wconf 89' lang='lat' dir='ltr'>non</span> <span class='ocrx_word' id='word_1_270' title='bbox 728 2527 917 2588; x_wconf 84' lang='lat' dir='ltr'>negligas</span> <span class='ocrx_word' id='word_1_271' title='bbox 935 2562 945 2579; x_wconf 81' lang='grc'>,</span> <span class='ocrx_word' id='word_1_272' title='bbox 984 2525 1112 2570; x_wconf 89' lang='lat' dir='ltr'>etiam</span> <span class='ocrx_word' id='word_1_273' title='bbox 1142 2524 1223 2569; x_wconf 89' lang='lat' dir='ltr'>tibi</span> <span class='ocrx_word' id='word_1_274' title='bbox 1246 2523 1326 2587; x_wconf 84' lang='lat' dir='ltr'>ipsi</span> <span class='ocrx_word' id='word_1_275' title='bbox 1350 2560 1360 2579; x_wconf 85' lang='lat'>‚</span> <span class='ocrx_word' id='word_1_276' title='bbox 1382 2522 1708 2586; x_wconf 85' lang='lat' dir='ltr'>quantumlibet</span> 
     </span>
     <span class='ocr_line' id='line_1_34' title="bbox 312 2592 1705 2663; baseline -0.007 -15"><span class='ocrx_word' id='word_1_277' title='bbox 312 2603 367 2649; x_wconf 89' lang='lat' dir='ltr'>sis</span> <span class='ocrx_word' id='word_1_278' title='bbox 387 2598 623 2663; x_wconf 87' lang='lat' dir='ltr'>impudens</span> <span class='ocrx_word' id='word_1_279' title='bbox 644 2635 654 2654; x_wconf 85' lang='lat'><strong>‚</strong></span> <span class='ocrx_word' id='word_1_280' title='bbox 683 2599 945 2644; x_wconf 67' lang='lat' dir='ltr'>erubescas?</span> <span class='ocrx_word' id='word_1_281' title='bbox 967 2600 1060 2642; x_wconf 85' lang='lat' dir='ltr'>Cur</span> <span class='ocrx_word' id='word_1_282' title='bbox 1083 2595 1199 2642; x_wconf 88' lang='lat' dir='ltr'>enim</span> <span class='ocrx_word' id='word_1_283' title='bbox 1221 2612 1307 2641; x_wconf 85' lang='lat' dir='ltr'>non</span> <span class='ocrx_word' id='word_1_284' title='bbox 1328 2592 1528 2640; x_wconf 85' lang='lat' dir='ltr'>attendis.</span> <span class='ocrx_word' id='word_1_285' title='bbox 1553 2594 1583 2639; x_wconf 87' lang='lat' dir='ltr'>si</span> <span class='ocrx_word' id='word_1_286' title='bbox 1610 2607 1705 2657; x_wconf 89' lang='lat' dir='ltr'>pes-</span> 
     </span>
    </p>
   </div>
  </div>
 </body>
</html>
