1863 3262
374 233 464 280 208
793 246 828 275 S.
872 244 1116 277 AUGUSTINI
1152 246 1356 276 Eriscom

373 331 468 360 cere
503 312 748 360 intenderas
783 312 827 358 in
865 323 1017 358 natura
1059 329 1147 358 non
1182 329 1270 358 esse
1309 323 1536 375 peccatum
1562 335 1573 369 3
1596 332 1754 363 vanam

373 402 472 443 ergo
495 383 623 429 fuisse
641 383 923 429 intentionem
947 394 1088 439 tuam,
1109 394 1150 429 et
1178 383 1222 428 in
1247 399 1406 429 vanum
1435 395 1473 429 te
1494 385 1619 431 istam
1648 404 1756 449 pro-

373 456 566 519 posuisse
589 455 892 519 quaestionem,
921 455 954 500 si
978 472 1065 500 non
1091 472 1132 500 es
1150 455 1332 499 nimium
1358 471 1510 511 vanus,
1533 457 1748 517 intelligis.

375 526 490 571 Ecce
507 527 685 571 rationis
720 536 833 582 tuae,
870 525 1078 589 quoniam
1113 525 1222 570 ratio
1256 542 1355 571 vera
1384 542 1470 571 non
1492 537 1578 583 est,
1602 527 1757 573 funda-

373 605 517 641 menta
561 595 758 642 convello
778 615 788 650 3
840 613 919 642 nec
964 606 1106 641 tamen
1158 594 1270 640 sicut
1312 596 1570 642 conviciaris
1618 597 1759 661 prodo

376 683 521 712 meum
542 666 732 713 furorem
747 704 759 723 ,
787 666 860 712 sed
877 677 999 712 tuum
1025 682 1227 711 errorem.
1260 666 1482 711 Concessis
1510 667 1625 713 enim
1644 667 1760 713 duo-

374 738 457 783 bus
481 753 581 801 quae
601 738 733 783 sumis
749 775 759 793 ‚
790 737 887 783 ideo
906 737 1080 783 tertium
1109 752 1242 795 neg·0‚
1270 735 1371 798 quia
1403 753 1491 781 non
1518 749 1580 783 est
1612 738 1658 784 in
1681 755 1757 795 e0‚

375 808 591 855 sicutesse
611 820 768 873 putas,
793 809 981 854 duorum
1016 808 1191 853 effectus
1225 805 1416 852 illorum.
1457 807 1560 852 ldeo
1594 809 1762 872 quippe

376 881 569 926 concedo
590 898 678 927 non
704 898 790 927 esse
808 880 897 925 sine
920 878 1146 924 voluntate
1166 887 1396 941 peccatum
1412 913 1424 933 ,
1449 877 1552 941 quia
1579 878 1667 924 sine
1688 896 1763 926 vo-

375 948 540 995 luntate
560 968 648 996 non
669 950 931 1013 potestfieri.
959 949 1042 994 Sed
1065 947 1147 994 alia
1168 948 1333 993 ratione
1355 964 1500 993 rursus
1514 960 1627 994 recte
1646 949 1763 995 dici-

376 1028 464 1075 tur,
505 1037 591 1067 esse
615 1022 705 1066 sine
730 1021 952 1067 voluntate
978 1030 1208 1083 peccatum
1229 1056 1240 1075 ‚
1264 1019 1340 1083 qui
1368 1029 1536 1075 manet,
1563 1019 1764 1084 quandiu

375 1106 464 1136 non
504 1093 758 1148 remittitur,
800 1093 929 1138 etiam
970 1091 1199 1137 desistente
1235 1090 1458 1136 voluntate
1484 1107 1571 1154 qua
1593 1091 1761 1138 factum

375 1172 450 1209 est.
479 1164 589 1209 Item
609 1163 803 1210 concedo
820 1181 908 1208 non
926 1179 1011 1208 esse
1029 1161 1118 1207 sine
1138 1161 1363 1207 voluntate
1380 1172 1630 1225 peccatum,
1656 1163 1762 1226 quia

377 1242 419 1277 et
444 1235 652 1295 originale
675 1245 907 1298 peccatum
927 1234 1016 1279 sine
1038 1232 1261 1279 voluntate
1280 1249 1368 1278 non
1386 1232 1551 1278 factum
1572 1244 1633 1278 est
1654 1237 1762 1293 ejus,

378 1321 399 1349 a
422 1321 509 1367 quo
531 1306 624 1369 ipsa
657 1306 777 1366 origo
811 1305 998 1368 sumpsit
1023 1302 1262 1350 exordium.
1292 1303 1482 1349 Proinde
1506 1321 1607 1349 cum
1630 1304 1762 1349 etiam

374 1375 486 1422 illud
511 1376 731 1432 concedo,
761 1376 882 1440 quod
908 1375 1121 1439 peccandi
1153 1374 1353 1420 voluntas
1384 1392 1472 1420 non
1505 1375 1557 1420 sit
1581 1376 1626 1420 in
1659 1393 1767 1438 par-

377 1446 506 1504 vulo,
529 1463 620 1492 non
645 1464 692 1492 ex
713 1447 781 1492 his
799 1446 975 1491 duobus
992 1446 1226 1491 conficitur
1250 1445 1421 1490 tertium
1439 1482 1449 1501 ‚
1471 1445 1590 1509 quod
1611 1462 1767 1509 pecca-

377 1527 470 1563 tum
497 1535 585 1563 non
609 1518 662 1563 sit
685 1518 729 1562 in
748 1517 950 1581 parvulo.
980 1517 1284 1562 Conficeretur
1309 1527 1471 1572 autem,
1499 1516 1532 1561 si
1554 1517 1766 1580 quemad-

377 1588 558 1634 modum
577 1588 771 1635 concedo
795 1605 881 1633 non
910 1605 996 1634 esse
1021 1597 1266 1652 peccatum
1291 1587 1381 1632 sine
1411 1587 1663 1644 voluntate,
1706 1587 1767 1633 ita

377 1659 660 1705 concederem
675 1677 763 1705 non
779 1676 865 1705 esse
879 1663 1093 1722 cujusque
1122 1669 1355 1722 peccatum
1383 1658 1473 1703 sine
1496 1659 1631 1721 ipsius
1659 1675 1769 1722 pro-

377 1731 473 1795 pria
494 1731 728 1779 voluntate.
757 1731 948 1777 Proinde
972 1730 1141 1794 peccati
1166 1729 1344 1792 quidem
1365 1728 1635 1775 voluntatem
1656 1747 1765 1793 par-

377 1801 505 1848 vulus
523 1819 611 1848 non
629 1803 790 1858 habet,
825 1802 898 1847 sed
933 1812 1166 1866 peccatum
1201 1817 1287 1845 non
1324 1800 1538 1856 haberet,
1568 1800 1649 1845 nisi
1667 1801 1762 1857 illc,

378 1873 432 1918 de
451 1890 540 1937 quo
566 1874 612 1919 id
632 1873 830 1929 attraxit,
855 1872 1082 1919 voluntate
1100 1882 1336 1936 peccasset.
1364 1872 1474 1916 Nam
1496 1871 1549 1916 de
1576 1872 1669 1936 ipsa
1689 1871 1768 1917 ho-

377 1944 507 1990 minis
543 1961 718 2009 quoque
749 1944 976 1990 nativitate
996 1943 1079 1988 tale
1099 1942 1264 2006 aliquid
1289 1943 1376 1988 dici
1398 1953 1539 2006 potest
1562 1960 1572 1988 ε
1597 1943 1631 1988 si
1653 1945 1767 1989 enim

378 2014 542 2060 diceres
563 2033 573 2060 ε
603 2017 739 2061 Nemo
782 2014 976 2061 nascitur
1001 2014 1083 2059 nisi
1106 2031 1152 2059 ex
1177 2013 1426 2067 voluntate3
1455 2031 1544 2060 non
1580 2013 1670 2060 sine
1695 2032 1769 2059 ra·-

378 2089 493 2133 tione
515 2087 798 2133 concederem
821 2105 831 2131 :
861 2087 895 2132 si
920 2098 1064 2132 autem
1087 2085 1249 2131 diceres
1268 2103 1278 2130 ε
1307 2087 1444 2131 Nemo
1466 2087 1658 2132 nascitur
1681 2086 1766 2133 nisi

377 2176 424 2204 ex
443 2158 625 2222 propria
646 2176 722 2204 sua
746 2158 995 2213 voluntate,
1033 2174 1121 2202 non
1150 2155 1447 2203 concederem.
1482 2158 1571 2203 Isto
1608 2158 1758 2221 itaque

379 2229 529 2285 modo,
556 2230 658 2293 quia
681 2229 733 2275 de
758 2240 938 2294 peccato
963 2229 1128 2289 agimus
1153 2228 1345 2291 parvuli,
1373 2229 1431 2273 ita
1455 2229 1645 2288 orginale
1666 2246 1769 2293 pec-

378 2311 525 2347 catum
544 2305 636 2362 ejus
652 2339 662 2356 ‚
685 2301 799 2346 sicut
821 2301 912 2365 ipse
938 2311 1057 2345 ortus
1079 2303 1188 2360 ejus,
1213 2299 1304 2345 sine
1326 2298 1548 2347 voluntate
1567 2317 1653 2347 esse
1676 2318 1764 2347 non

378 2373 552 2438 potuit,
579 2373 652 2419 sed
678 2390 766 2418 non
793 2377 896 2434 ejus,

430 2445 611 2492 CXVII.
633 2444 730 2492 JUL.
753 2465 772 2485 «
809 2445 917 2504 Ergo
936 2443 969 2489 si
995 2442 1195 2488 audirent
1218 2440 1280 2487 illi
1307 2443 1562 2500 sacerdotes,
1581 2461 1769 2507 quorum

379 2533 498 2561 nunc
516 2516 634 2561 dicta
661 2515 876 2561 deluimus
895 2552 906 2571 ‚
932 2514 1127 2560 dubitari
1148 2524 1295 2559 utrum
1323 2515 1573 2560 commixtio
1607 2532 1766 2575 conju-

381 2587 486 2648 galis
510 2588 624 2633 bona
661 2598 793 2644 esset,
820 2598 948 2650 atque
971 2587 1026 2632 ab
1049 2587 1107 2633 cis
1128 2597 1319 2650 peterem
1342 2604 1609 2650 corpora-ne
1634 2605 1657 2634 a
1675 2589 1765 2634 Deo
