<?xml version="1.0" encoding="UTF-8"?>
<!DOCTYPE html PUBLIC "-//W3C//DTD XHTML 1.0 Transitional//EN"
    "http://www.w3.org/TR/xhtml1/DTD/xhtml1-transitional.dtd">
<html xmlns="http://www.w3.org/1999/xhtml" xml:lang="en" lang="en">
 <head>
  <title>
</title>
<meta http-equiv="Content-Type" content="text/html;charset=utf-8" />
  <meta name='ocr-system' content='tesseract 3.04.00' />
  <meta name='ocr-capabilities' content='ocr_page ocr_carea ocr_par ocr_line ocrx_word'/>
</head>
<body>
  <div class='ocr_page' id='page_1' title='image "./operaomniaaccura37auguuoft/operaomniaaccura37auguuoft_0536.png"; bbox 0 0 1824 3236; ppageno 0'>
   <div class='ocr_carea' id='block_1_1' title="bbox 308 253 1282 300">
    <p class='ocr_par' dir='ltr' id='par_1_1' title="bbox 308 253 1282 300">
     <span class='ocr_line' id='line_1_1' title="bbox 308 253 1282 300; baseline -0.008 -1"><span class='ocrx_word' id='word_1_1' title='bbox 308 253 400 300; x_wconf 76' lang='lat'>526</span> <span class='ocrx_word' id='word_1_2' title='bbox 709 265 744 294; x_wconf 84' lang='lat' dir='ltr'>s,</span> <span class='ocrx_word' id='word_1_3' title='bbox 796 262 1042 293; x_wconf 66' lang='lat' dir='ltr'>Aususrinr</span> <span class='ocrx_word' id='word_1_4' title='bbox 1078 261 1282 293; x_wconf 77' lang='lat' dir='ltr'>EPISCOPI</span> 
     </span>
    </p>
   </div>
   <div class='ocr_carea' id='block_1_2' title="bbox 299 326 1703 2592">
    <p class='ocr_par' dir='ltr' id='par_1_2' title="bbox 299 326 1703 2592">
     <span class='ocr_line' id='line_1_2' title="bbox 301 326 1687 384; baseline -0.006 -6"><span class='ocrx_word' id='word_1_5' title='bbox 301 342 470 378; x_wconf 83' lang='lat' dir='ltr'>naturae</span> <span class='ocrx_word' id='word_1_6' title='bbox 492 329 708 376; x_wconf 85' lang='lat' dir='ltr'>ambobus</span> <span class='ocrx_word' id='word_1_7' title='bbox 727 365 738 384; x_wconf 86' lang='grc'>,</span> <span class='ocrx_word' id='word_1_8' title='bbox 766 327 839 373; x_wconf 84' lang='lat' dir='ltr'>scd</span> <span class='ocrx_word' id='word_1_9' title='bbox 858 327 1129 383; x_wconf 83' lang='lat' dir='ltr'>diversarum</span> <span class='ocrx_word' id='word_1_10' title='bbox 1149 326 1431 374; x_wconf 72' lang='lat' dir='ltr'>voluntatum</span> <span class='ocrx_word' id='word_1_11' title='bbox 1446 364 1457 384; x_wconf 80' lang='grc'>,</span> <span class='ocrx_word' id='word_1_12' title='bbox 1481 344 1560 372; x_wconf 87' lang='lat' dir='ltr'>nec</span> <span class='ocrx_word' id='word_1_13' title='bbox 1578 326 1687 372; x_wconf 74' lang='lat' dir='ltr'>Cain</span> 
     </span>
     <span class='ocr_line' id='line_1_3' title="bbox 300 397 1688 466; baseline -0.005 -18"><span class='ocrx_word' id='word_1_14' title='bbox 300 413 452 466; x_wconf 85' lang='lat' dir='ltr'>sponte</span> <span class='ocrx_word' id='word_1_15' title='bbox 475 400 678 464; x_wconf 80' lang='lat' dir='ltr'>peccanti</span> <span class='ocrx_word' id='word_1_16' title='bbox 713 398 882 461; x_wconf 81' lang='lat' dir='ltr'>profuit</span> <span class='ocrx_word' id='word_1_17' title='bbox 916 398 1037 461; x_wconf 89' lang='lat' dir='ltr'>quod</span> <span class='ocrx_word' id='word_1_18' title='bbox 1074 415 1175 444; x_wconf 88' lang='lat' dir='ltr'>eum</span> <span class='ocrx_word' id='word_1_19' title='bbox 1216 410 1401 462; x_wconf 83' lang='lat' dir='ltr'>peccata</span> <span class='ocrx_word' id='word_1_20' title='bbox 1432 397 1568 461; x_wconf 87' lang='lat' dir='ltr'>patris</span> <span class='ocrx_word' id='word_1_21' title='bbox 1600 413 1688 442; x_wconf 88' lang='lat' dir='ltr'>non</span> 
     </span>
     <span class='ocr_line' id='line_1_4' title="bbox 299 466 1688 536; baseline -0.005 -18"><span class='ocrx_word' id='word_1_22' title='bbox 299 481 572 536; x_wconf 80' lang='lat' dir='ltr'>presserant,</span> <span class='ocrx_word' id='word_1_23' title='bbox 601 486 681 515; x_wconf 88' lang='lat' dir='ltr'>nec</span> <span class='ocrx_word' id='word_1_24' title='bbox 704 468 829 515; x_wconf 82' lang='lat' dir='ltr'>Abcli</span> <span class='ocrx_word' id='word_1_25' title='bbox 852 468 1002 515; x_wconf 83' lang='lat' dir='ltr'>nocuit</span> <span class='ocrx_word' id='word_1_26' title='bbox 1020 468 1140 530; x_wconf 85' lang='lat' dir='ltr'>quod</span> <span class='ocrx_word' id='word_1_27' title='bbox 1164 480 1363 532; x_wconf 82' lang='lat' dir='ltr'>parentes</span> <span class='ocrx_word' id='word_1_28' title='bbox 1381 472 1416 529; x_wconf 85' lang='lat' dir='ltr'>ej</span> <span class='ocrx_word' id='word_1_29' title='bbox 1426 485 1473 514; x_wconf 89' lang='lat' dir='ltr'>us</span> <span class='ocrx_word' id='word_1_30' title='bbox 1495 466 1688 531; x_wconf 85' lang='lat' dir='ltr'>delique-</span> 
     </span>
     <span class='ocr_line' id='line_1_5' title="bbox 301 538 1690 604; baseline -0.004 -16"><span class='ocrx_word' id='word_1_31' title='bbox 301 552 401 589; x_wconf 84' lang='lat' dir='ltr'>rant</span> <span class='ocrx_word' id='word_1_32' title='bbox 429 560 439 587; x_wconf 89' lang='lat'><strong>:</strong></span> <span class='ocrx_word' id='word_1_33' title='bbox 469 541 543 588; x_wconf 88' lang='lat' dir='ltr'>sed</span> <span class='ocrx_word' id='word_1_34' title='bbox 574 550 728 604; x_wconf 85' lang='lat' dir='ltr'>suopte</span> <span class='ocrx_word' id='word_1_35' title='bbox 752 551 935 603; x_wconf 88' lang='lat' dir='ltr'>uterque</span> <span class='ocrx_word' id='word_1_36' title='bbox 953 538 1123 599; x_wconf 83' lang='lat' dir='ltr'>judicio</span> <span class='ocrx_word' id='word_1_37' title='bbox 1155 557 1234 586; x_wconf 90' lang='lat' dir='ltr'>nec</span> <span class='ocrx_word' id='word_1_38' title='bbox 1266 541 1439 588; x_wconf 86' lang='lat' dir='ltr'>virtutis</span> <span class='ocrx_word' id='word_1_39' title='bbox 1463 539 1577 593; x_wconf 84' lang='lat' dir='ltr'>sibi,</span> <span class='ocrx_word' id='word_1_40' title='bbox 1611 554 1690 584; x_wconf 86' lang='lat' dir='ltr'>nec</span> 
     </span>
     <span class='ocr_line' id='line_1_6' title="bbox 300 609 1691 676; baseline -0.004 -17"><span class='ocrx_word' id='word_1_41' title='bbox 300 613 395 660; x_wconf 88' lang='lat' dir='ltr'>vitii</span> <span class='ocrx_word' id='word_1_42' title='bbox 415 612 612 658; x_wconf 88' lang='lat' dir='ltr'>naturale</span> <span class='ocrx_word' id='word_1_43' title='bbox 636 610 813 657; x_wconf 81' lang='lat' dir='ltr'><strong>infuisse</strong></span> <span class='ocrx_word' id='word_1_44' title='bbox 838 609 1148 674; x_wconf 78' lang='lat' dir='ltr'>praejudicium</span> <span class='ocrx_word' id='word_1_45' title='bbox 1178 612 1300 658; x_wconf 86' lang='lat' dir='ltr'>vario</span> <span class='ocrx_word' id='word_1_46' title='bbox 1333 610 1584 676; x_wconf 80' lang='lat' dir='ltr'>proposito,</span> <span class='ocrx_word' id='word_1_47' title='bbox 1606 609 1691 654; x_wconf 86' lang='lat' dir='ltr'>fine</span> 
     </span>
     <span class='ocr_line' id='line_1_7' title="bbox 303 680 1692 747; baseline -0.004 -17"><span class='ocrx_word' id='word_1_48' title='bbox 303 683 422 731; x_wconf 90' lang='lat' dir='ltr'>vario</span> <span class='ocrx_word' id='word_1_49' title='bbox 435 682 733 747; x_wconf 80' lang='lat' dir='ltr'>publicarunt.</span> <span class='ocrx_word' id='word_1_50' title='bbox 756 683 787 726; x_wconf 86' lang='lat' dir='ltr'>F</span> <span class='ocrx_word' id='word_1_51' title='bbox 793 680 916 727; x_wconf 88' lang='lat' dir='ltr'>uncti</span> <span class='ocrx_word' id='word_1_52' title='bbox 932 680 1101 743; x_wconf 84' lang='lat' dir='ltr'>quippe</span> <span class='ocrx_word' id='word_1_53' title='bbox 1119 680 1263 727; x_wconf 85' lang='lat' dir='ltr'>officio</span> <span class='ocrx_word' id='word_1_54' title='bbox 1284 683 1692 738; x_wconf 72' lang='lat' dir='ltr'>sacerdot11n1‚c011-</span> 
     </span>
     <span class='ocr_line' id='line_1_8' title="bbox 305 749 1692 815; baseline -0.003 -17"><span class='ocrx_word' id='word_1_55' title='bbox 305 751 439 798; x_wconf 90' lang='lat' dir='ltr'>ditori</span> <span class='ocrx_word' id='word_1_56' title='bbox 467 768 546 798; x_wconf 89' lang='lat' dir='ltr'>suo</span> <span class='ocrx_word' id='word_1_57' title='bbox 570 753 661 797; x_wconf 83' lang='lat' dir='ltr'>Deo</span> <span class='ocrx_word' id='word_1_58' title='bbox 692 751 854 797; x_wconf 83' lang='lat' dir='ltr'>hostias</span> <span class='ocrx_word' id='word_1_59' title='bbox 887 749 1159 798; x_wconf 88' lang='lat' dir='ltr'>obtulerunt.</span> <span class='ocrx_word' id='word_1_60' title='bbox 1199 752 1419 798; x_wconf 81' lang='lat' dir='ltr'>Caeterum</span> <span class='ocrx_word' id='word_1_61' title='bbox 1447 769 1529 815; x_wconf 87' lang='lat' dir='ltr'>par</span> <span class='ocrx_word' id='word_1_62' title='bbox 1562 751 1692 796; x_wconf 87' lang='lat' dir='ltr'>obse-</span> 
     </span>
     <span class='ocr_line' id='line_1_9' title="bbox 306 819 1693 887; baseline -0.003 -18"><span class='ocrx_word' id='word_1_63' title='bbox 306 823 460 887; x_wconf 87' lang='lat' dir='ltr'>quium</span> <span class='ocrx_word' id='word_1_64' title='bbox 479 859 491 880; x_wconf 82' lang='lat'>‚</span> <span class='ocrx_word' id='word_1_65' title='bbox 513 822 659 886; x_wconf 83' lang='lat' dir='ltr'>impar</span> <span class='ocrx_word' id='word_1_66' title='bbox 684 838 789 868; x_wconf 82' lang='lat' dir='ltr'>cura</span> <span class='ocrx_word' id='word_1_67' title='bbox 812 819 1033 867; x_wconf 82' lang='lat' dir='ltr'>discrevit.</span> <span class='ocrx_word' id='word_1_68' title='bbox 1073 819 1284 869; x_wconf 81' lang='lat' dir='ltr'>Patefecit</span> <span class='ocrx_word' id='word_1_69' title='bbox 1316 822 1391 868; x_wconf 84' lang='lat' dir='ltr'>hic</span> <span class='ocrx_word' id='word_1_70' title='bbox 1422 821 1570 869; x_wconf 83' lang='lat' dir='ltr'>divina</span> <span class='ocrx_word' id='word_1_71' title='bbox 1593 836 1693 866; x_wconf 85' lang='lat' dir='ltr'>sen-</span> 
     </span>
     <span class='ocr_line' id='line_1_10' title="bbox 307 891 1690 958; baseline -0.004 -17"><span class='ocrx_word' id='word_1_72' title='bbox 307 895 469 950; x_wconf 81' lang='lat' dir='ltr'>tentia,</span> <span class='ocrx_word' id='word_1_73' title='bbox 501 911 601 958; x_wconf 79' lang='lat' dir='ltr'>quae</span> <span class='ocrx_word' id='word_1_74' title='bbox 635 891 952 956; x_wconf 83' lang='lat' dir='ltr'>complacitum</span> <span class='ocrx_word' id='word_1_75' title='bbox 981 891 1065 938; x_wconf 86' lang='lat' dir='ltr'>sibi</span> <span class='ocrx_word' id='word_1_76' title='bbox 1099 909 1259 940; x_wconf 89' lang='lat' dir='ltr'>munus</span> <span class='ocrx_word' id='word_1_77' title='bbox 1289 894 1436 941; x_wconf 87' lang='lat' dir='ltr'>Abelis</span> <span class='ocrx_word' id='word_1_78' title='bbox 1468 891 1690 939; x_wconf 83' lang='lat' dir='ltr'>ostendit:</span> 
     </span>
     <span class='ocr_line' id='line_1_11' title="bbox 310 962 1691 1027; baseline -0.003 -16"><span class='ocrx_word' id='word_1_79' title='bbox 310 967 469 1012; x_wconf 81' lang='lat' dir='ltr'>offenso</span> <span class='ocrx_word' id='word_1_80' title='bbox 504 976 648 1010; x_wconf 86' lang='lat' dir='ltr'>autem</span> <span class='ocrx_word' id='word_1_81' title='bbox 675 964 787 1009; x_wconf 77' lang='lat' dir='ltr'>Ca‘i&#39;n</span> <span class='ocrx_word' id='word_1_82' title='bbox 813 979 989 1011; x_wconf 84' lang='lat' dir='ltr'>causam</span> <span class='ocrx_word' id='word_1_83' title='bbox 1022 980 1112 1009; x_wconf 85' lang='lat' dir='ltr'>suae</span> <span class='ocrx_word' id='word_1_84' title='bbox 1146 963 1456 1025; x_wconf 79' lang='lat' dir='ltr'>indignationis</span> <span class='ocrx_word' id='word_1_85' title='bbox 1488 962 1659 1027; x_wconf 85' lang='lat' dir='ltr'>aperuit</span> <span class='ocrx_word' id='word_1_86' title='bbox 1679 998 1691 1018; x_wconf 79' lang='grc'>,</span> 
     </span>
     <span class='ocr_line' id='line_1_12' title="bbox 309 1033 1696 1090; baseline -0.004 -7"><span class='ocrx_word' id='word_1_87' title='bbox 309 1037 458 1083; x_wconf 83' lang='lat' dir='ltr'>dicens</span> <span class='ocrx_word' id='word_1_88' title='bbox 474 1052 574 1081; x_wconf 89' lang='lat' dir='ltr'>eum</span> <span class='ocrx_word' id='word_1_89' title='bbox 600 1035 711 1080; x_wconf 85' lang='lat' dir='ltr'>bene</span> <span class='ocrx_word' id='word_1_90' title='bbox 733 1033 943 1080; x_wconf 86' lang='lat' dir='ltr'>obtulisse</span> <span class='ocrx_word' id='word_1_91' title='bbox 963 1070 974 1090; x_wconf 87' lang='lat'><strong>,</strong></span> <span class='ocrx_word' id='word_1_92' title='bbox 997 1034 1069 1080; x_wconf 84' lang='lat' dir='ltr'>sed</span> <span class='ocrx_word' id='word_1_93' title='bbox 1091 1035 1204 1081; x_wconf 87' lang='lat' dir='ltr'>male</span> <span class='ocrx_word' id='word_1_94' title='bbox 1231 1036 1435 1083; x_wconf 80' lang='lat' dir='ltr'>divisisse.</span> <span class='ocrx_word' id='word_1_95' title='bbox 1465 1035 1556 1080; x_wconf 75' lang='lat' dir='ltr'>N&#39;ec</span> <span class='ocrx_word' id='word_1_96' title='bbox 1575 1050 1696 1079; x_wconf 86' lang='lat' dir='ltr'>mora</span> 
     </span>
     <span class='ocr_line' id='line_1_13' title="bbox 310 1104 1697 1170; baseline -0.003 -18"><span class='ocrx_word' id='word_1_97' title='bbox 310 1107 465 1154; x_wconf 76' lang='lat' dir='ltr'>exarsit</span> <span class='ocrx_word' id='word_1_98' title='bbox 487 1105 698 1170; x_wconf 84' lang='lat' dir='ltr'>profanus</span> <span class='ocrx_word' id='word_1_99' title='bbox 713 1105 884 1150; x_wconf 86' lang='lat' dir='ltr'>animus</span> <span class='ocrx_word' id='word_1_100' title='bbox 909 1105 954 1150; x_wconf 91' lang='lat' dir='ltr'>in</span> <span class='ocrx_word' id='word_1_101' title='bbox 967 1104 1145 1152; x_wconf 85' lang='lat' dir='ltr'>livorem</span> <span class='ocrx_word' id='word_1_102' title='bbox 1159 1141 1172 1163; x_wconf 87' lang='lat'><strong><em>,</em></strong></span> <span class='ocrx_word' id='word_1_103' title='bbox 1199 1118 1241 1152; x_wconf 92' lang='lat' dir='ltr'>et</span> <span class='ocrx_word' id='word_1_104' title='bbox 1261 1106 1451 1167; x_wconf 83' lang='lat' dir='ltr'>germani</span> <span class='ocrx_word' id='word_1_105' title='bbox 1469 1104 1697 1151; x_wconf 85' lang='lat' dir='ltr'>sanctitate</span> 
     </span>
     <span class='ocr_line' id='line_1_14' title="bbox 310 1178 1697 1243; baseline -0.002 -17"><span class='ocrx_word' id='word_1_106' title='bbox 310 1190 512 1242; x_wconf 82' lang='lat' dir='ltr'>gravatus</span> <span class='ocrx_word' id='word_1_107' title='bbox 527 1216 537 1236; x_wconf 90' lang='lat'><strong>,</strong></span> <span class='ocrx_word' id='word_1_108' title='bbox 565 1178 852 1243; x_wconf 87' lang='lat' dir='ltr'>parricidium</span> <span class='ocrx_word' id='word_1_109' title='bbox 874 1179 1146 1239; x_wconf 82' lang='lat' dir='ltr'>gratificatur</span> <span class='ocrx_word' id='word_1_110' title='bbox 1166 1179 1358 1228; x_wconf 85' lang='lat' dir='ltr'>invidiae.</span> <span class='ocrx_word' id='word_1_111' title='bbox 1384 1180 1451 1225; x_wconf 92' lang='lat' dir='ltr'>Ita</span> <span class='ocrx_word' id='word_1_112' title='bbox 1468 1178 1609 1242; x_wconf 85' lang='lat' dir='ltr'>prima</span> <span class='ocrx_word' id='word_1_113' title='bbox 1627 1194 1697 1223; x_wconf 91' lang='lat' dir='ltr'>oc-</span> 
     </span>
     <span class='ocr_line' id='line_1_15' title="bbox 311 1251 1697 1316; baseline -0.005 -16"><span class='ocrx_word' id='word_1_114' title='bbox 311 1253 479 1301; x_wconf 85' lang='lat' dir='ltr'>casione</span> <span class='ocrx_word' id='word_1_115' title='bbox 500 1251 656 1297; x_wconf 88' lang='lat' dir='ltr'>claruit</span> <span class='ocrx_word' id='word_1_116' title='bbox 680 1251 844 1297; x_wconf 85' lang='lat' dir='ltr'>malum</span> <span class='ocrx_word' id='word_1_117' title='bbox 865 1268 954 1296; x_wconf 88' lang='lat' dir='ltr'>non</span> <span class='ocrx_word' id='word_1_118' title='bbox 973 1268 1060 1297; x_wconf 87' lang='lat' dir='ltr'>esse</span> <span class='ocrx_word' id='word_1_119' title='bbox 1078 1262 1277 1306; x_wconf 83' lang='lat' dir='ltr'>mortem,</span> <span class='ocrx_word' id='word_1_120' title='bbox 1303 1251 1423 1316; x_wconf 87' lang='lat' dir='ltr'>quod</span> <span class='ocrx_word' id='word_1_121' title='bbox 1444 1268 1537 1297; x_wconf 90' lang='lat' dir='ltr'>eam</span> <span class='ocrx_word' id='word_1_122' title='bbox 1553 1253 1697 1310; x_wconf 69' lang='lat' dir='ltr'>Justus</span> 
     </span>
     <span class='ocr_line' id='line_1_16' title="bbox 312 1319 1698 1388; baseline -0.004 -18"><span class='ocrx_word' id='word_1_123' title='bbox 312 1324 483 1388; x_wconf 83' lang='lat' dir='ltr'>primus</span> <span class='ocrx_word' id='word_1_124' title='bbox 504 1323 701 1369; x_wconf 89' lang='lat' dir='ltr'>omnium</span> <span class='ocrx_word' id='word_1_125' title='bbox 728 1321 962 1369; x_wconf 86' lang='lat' dir='ltr'>dedicavit.</span> <span class='ocrx_word' id='word_1_126' title='bbox 1008 1323 1098 1368; x_wconf 90' lang='lat' dir='ltr'>Nec</span> <span class='ocrx_word' id='word_1_127' title='bbox 1128 1333 1271 1369; x_wconf 84' lang='lat' dir='ltr'>tamen</span> <span class='ocrx_word' id='word_1_128' title='bbox 1302 1323 1411 1369; x_wconf 87' lang='lat' dir='ltr'>iram</span> <span class='ocrx_word' id='word_1_129' title='bbox 1445 1322 1527 1367; x_wconf 92' lang='lat' dir='ltr'>Dei</span> <span class='ocrx_word' id='word_1_130' title='bbox 1563 1319 1698 1366; x_wconf 87' lang='lat' dir='ltr'>animi</span> 
     </span>
     <span class='ocr_line' id='line_1_17' title="bbox 311 1390 1699 1452; baseline -0.005 -12"><span class='ocrx_word' id='word_1_131' title='bbox 311 1394 446 1440; x_wconf 85' lang='lat' dir='ltr'>sontis</span> <span class='ocrx_word' id='word_1_132' title='bbox 465 1392 646 1440; x_wconf 85' lang='lat' dir='ltr'>audacia</span> <span class='ocrx_word' id='word_1_133' title='bbox 664 1392 826 1452; x_wconf 84' lang='lat' dir='ltr'>effugit.</span> <span class='ocrx_word' id='word_1_134' title='bbox 862 1393 1158 1452; x_wconf 82' lang='lat' dir='ltr'>Interrogatur</span> <span class='ocrx_word' id='word_1_135' title='bbox 1178 1392 1231 1438; x_wconf 91' lang='lat' dir='ltr'>de</span> <span class='ocrx_word' id='word_1_136' title='bbox 1249 1392 1399 1449; x_wconf 78' lang='lat' dir='ltr'>fratre,</span> <span class='ocrx_word' id='word_1_137' title='bbox 1422 1390 1699 1438; x_wconf 87' lang='lat' dir='ltr'>convincitur</span> 
     </span>
     <span class='ocr_line' id='line_1_18' title="bbox 314 1459 1699 1523; baseline -0.006 -11"><span class='ocrx_word' id='word_1_138' title='bbox 314 1465 368 1512; x_wconf 86' lang='lat' dir='ltr'>de</span> <span class='ocrx_word' id='word_1_139' title='bbox 391 1465 547 1511; x_wconf 85' lang='lat' dir='ltr'>scelere</span> <span class='ocrx_word' id='word_1_140' title='bbox 564 1502 574 1516; x_wconf 87' lang='lat'><strong>‚</strong></span> <span class='ocrx_word' id='word_1_141' title='bbox 592 1462 815 1511; x_wconf 89' lang='lat' dir='ltr'>addicitur</span> <span class='ocrx_word' id='word_1_142' title='bbox 837 1462 1016 1519; x_wconf 84' lang='lat' dir='ltr'>ultioni,</span> <span class='ocrx_word' id='word_1_143' title='bbox 1045 1474 1086 1509; x_wconf 85' lang='lat' dir='ltr'>et</span> <span class='ocrx_word' id='word_1_144' title='bbox 1104 1474 1220 1509; x_wconf 77' lang='lat' dir='ltr'>extra</span> <span class='ocrx_word' id='word_1_145' title='bbox 1243 1480 1342 1509; x_wconf 85' lang='lat' dir='ltr'>eum</span> <span class='ocrx_word' id='word_1_146' title='bbox 1370 1474 1576 1509; x_wconf 87' lang='lat' dir='ltr'>terrorem</span> <span class='ocrx_word' id='word_1_147' title='bbox 1591 1498 1602 1517; x_wconf 84' lang='lat'>,</span> <span class='ocrx_word' id='word_1_148' title='bbox 1621 1459 1699 1523; x_wconf 87' lang='lat' dir='ltr'>qui</span> 
     </span>
     <span class='ocr_line' id='line_1_19' title="bbox 316 1530 1692 1599; baseline -0.005 -17"><span class='ocrx_word' id='word_1_149' title='bbox 316 1536 355 1582; x_wconf 85' lang='lat' dir='ltr'>ei</span> <span class='ocrx_word' id='word_1_150' title='bbox 381 1552 463 1599; x_wconf 83' lang='lat' dir='ltr'>pro</span> <span class='ocrx_word' id='word_1_151' title='bbox 482 1533 640 1594; x_wconf 80' lang='lat' dir='ltr'>insigni</span> <span class='ocrx_word' id='word_1_152' title='bbox 666 1532 934 1579; x_wconf 83' lang='lat' dir='ltr'>crudelitatis</span> <span class='ocrx_word' id='word_1_153' title='bbox 960 1533 1193 1590; x_wconf 81' lang='lat' dir='ltr'>incubuit,</span> <span class='ocrx_word' id='word_1_154' title='bbox 1218 1544 1344 1580; x_wconf 83' lang='lat' dir='ltr'>terrae</span> <span class='ocrx_word' id='word_1_155' title='bbox 1364 1548 1540 1597; x_wconf 86' lang='lat' dir='ltr'>quoque</span> <span class='ocrx_word' id='word_1_156' title='bbox 1562 1530 1692 1576; x_wconf 78' lang='lat' dir='ltr'>male—</span> 
     </span>
     <span class='ocr_line' id='line_1_20' title="bbox 317 1603 1699 1669; baseline -0.006 -15"><span class='ocrx_word' id='word_1_157' title='bbox 317 1606 509 1654; x_wconf 88' lang='lat' dir='ltr'>dictione</span> <span class='ocrx_word' id='word_1_158' title='bbox 532 1606 730 1669; x_wconf 80' lang='lat' dir='ltr'>punitur.</span> <span class='ocrx_word' id='word_1_159' title='bbox 762 1626 783 1645; x_wconf 88' lang='lat'>‹&lt;</span> <span class='ocrx_word' id='word_1_160' title='bbox 804 1603 1090 1661; x_wconf 75' lang='lat' dir='ltr'>MaledictUS,</span> <span class='ocrx_word' id='word_1_161' title='bbox 1112 1604 1256 1668; x_wconf 82' lang='lat' dir='ltr'>inquit</span> <span class='ocrx_word' id='word_1_162' title='bbox 1276 1640 1287 1661; x_wconf 88' lang='grc'>,</span> <span class='ocrx_word' id='word_1_163' title='bbox 1316 1614 1363 1650; x_wconf 88' lang='lat' dir='ltr'>tu</span> <span class='ocrx_word' id='word_1_164' title='bbox 1385 1622 1407 1650; x_wconf 93' lang='lat' dir='ltr'>a</span> <span class='ocrx_word' id='word_1_165' title='bbox 1434 1615 1546 1650; x_wconf 89' lang='lat' dir='ltr'>terra</span> <span class='ocrx_word' id='word_1_166' title='bbox 1564 1640 1575 1659; x_wconf 80' lang='grc'>,</span> <span class='ocrx_word' id='word_1_167' title='bbox 1599 1617 1699 1664; x_wconf 86' lang='lat' dir='ltr'>quae</span> 
     </span>
     <span class='ocr_line' id='line_1_21' title="bbox 318 1673 1700 1741; baseline -0.002 -21"><span class='ocrx_word' id='word_1_168' title='bbox 318 1700 340 1720; x_wconf 88' lang='lat'>))</span> <span class='ocrx_word' id='word_1_169' title='bbox 365 1677 539 1741; x_wconf 84' lang='lat' dir='ltr'>aperuit</span> <span class='ocrx_word' id='word_1_170' title='bbox 561 1693 606 1721; x_wconf 93' lang='lat' dir='ltr'>os</span> <span class='ocrx_word' id='word_1_171' title='bbox 635 1692 761 1721; x_wconf 86' lang='lat' dir='ltr'>suum</span> <span class='ocrx_word' id='word_1_172' title='bbox 792 1675 988 1739; x_wconf 83' lang='lat' dir='ltr'>accipere</span> <span class='ocrx_word' id='word_1_173' title='bbox 1017 1676 1269 1735; x_wconf 77' lang='lat' dir='ltr'>sanguinem</span> <span class='ocrx_word' id='word_1_174' title='bbox 1288 1675 1433 1721; x_wconf 83' lang='lat' dir='ltr'>fratris</span> <span class='ocrx_word' id='word_1_175' title='bbox 1466 1674 1527 1720; x_wconf 88' lang='lat' dir='ltr'>tui</span> <span class='ocrx_word' id='word_1_176' title='bbox 1548 1673 1601 1719; x_wconf 87' lang='lat' dir='ltr'>de</span> <span class='ocrx_word' id='word_1_177' title='bbox 1626 1684 1700 1718; x_wconf 91' lang='lat' dir='ltr'>tua</span> 
     </span>
     <span class='ocr_line' id='line_1_22' title="bbox 317 1744 1699 1811; baseline -0.004 -16"><span class='ocrx_word' id='word_1_178' title='bbox 317 1770 340 1796; x_wconf 85' lang='lat'>&gt;)</span> <span class='ocrx_word' id='word_1_179' title='bbox 360 1765 491 1794; x_wconf 89' lang='lat' dir='ltr'>manu</span> <span class='ocrx_word' id='word_1_180' title='bbox 507 1764 517 1805; x_wconf 88' lang='lat'>;</span> <span class='ocrx_word' id='word_1_181' title='bbox 533 1747 742 1811; x_wconf 84' lang='lat' dir='ltr'>quoniam</span> <span class='ocrx_word' id='word_1_182' title='bbox 761 1746 1010 1810; x_wconf 84' lang='lat' dir='ltr'>operaberis</span> <span class='ocrx_word' id='word_1_183' title='bbox 1029 1757 1184 1793; x_wconf 87' lang='lat' dir='ltr'>terram</span> <span class='ocrx_word' id='word_1_184' title='bbox 1203 1783 1214 1802; x_wconf 78' lang='grc'>,</span> <span class='ocrx_word' id='word_1_185' title='bbox 1242 1757 1283 1792; x_wconf 87' lang='lat' dir='ltr'>et</span> <span class='ocrx_word' id='word_1_186' title='bbox 1300 1764 1388 1792; x_wconf 90' lang='lat' dir='ltr'>non</span> <span class='ocrx_word' id='word_1_187' title='bbox 1411 1745 1588 1805; x_wconf 88' lang='lat' dir='ltr'>adjiciet</span> <span class='ocrx_word' id='word_1_188' title='bbox 1606 1744 1699 1790; x_wconf 89' lang='lat' dir='ltr'>vir-</span> 
     </span>
     <span class='ocr_line' id='line_1_23' title="bbox 320 1814 1700 1866; baseline -0.003 -4"><span class='ocrx_word' id='word_1_189' title='bbox 320 1841 342 1863; x_wconf 87' lang='lat'>»</span> <span class='ocrx_word' id='word_1_190' title='bbox 363 1830 501 1866; x_wconf 88' lang='lat' dir='ltr'>tutem</span> <span class='ocrx_word' id='word_1_191' title='bbox 525 1834 647 1863; x_wconf 86' lang='lat' dir='ltr'>suam</span> <span class='ocrx_word' id='word_1_192' title='bbox 672 1816 774 1862; x_wconf 87' lang='lat' dir='ltr'>dare</span> <span class='ocrx_word' id='word_1_193' title='bbox 793 1815 919 1863; x_wconf 57' lang='lat' dir='ltr'>tibist.</span> <span class='ocrx_word' id='word_1_194' title='bbox 945 1839 960 1858; x_wconf 85' lang='lat'>»</span> <span class='ocrx_word' id='word_1_195' title='bbox 990 1818 1102 1863; x_wconf 85' lang='lat' dir='ltr'>Ecce</span> <span class='ocrx_word' id='word_1_196' title='bbox 1120 1817 1263 1862; x_wconf 88' lang='lat' dir='ltr'>denuo</span> <span class='ocrx_word' id='word_1_197' title='bbox 1281 1817 1478 1862; x_wconf 86' lang='lat' dir='ltr'>sterilitas</span> <span class='ocrx_word' id='word_1_198' title='bbox 1506 1826 1630 1861; x_wconf 60' lang='lat' dir='ltr'>terrae</span> <span class='ocrx_word' id='word_1_199' title='bbox 1654 1814 1700 1859; x_wconf 87' lang='lat' dir='ltr'>in</span> 
     </span>
     <span class='ocr_line' id='line_1_24' title="bbox 321 1885 1699 1955; baseline -0.006 -18"><span class='ocrx_word' id='word_1_200' title='bbox 321 1908 457 1955; x_wconf 82' lang='lat' dir='ltr'>poena</span> <span class='ocrx_word' id='word_1_201' title='bbox 483 1888 665 1935; x_wconf 87' lang='lat' dir='ltr'>cultoris</span> <span class='ocrx_word' id='word_1_202' title='bbox 686 1886 909 1935; x_wconf 84' lang='lat' dir='ltr'>indicitur.</span> <span class='ocrx_word' id='word_1_203' title='bbox 953 1888 1188 1934; x_wconf 88' lang='lat' dir='ltr'>Innumera</span> <span class='ocrx_word' id='word_1_204' title='bbox 1218 1899 1362 1933; x_wconf 86' lang='lat' dir='ltr'>autem</span> <span class='ocrx_word' id='word_1_205' title='bbox 1387 1885 1580 1947; x_wconf 78' lang='lat' dir='ltr'>generis2</span> <span class='ocrx_word' id='word_1_206' title='bbox 1607 1895 1699 1929; x_wconf 83' lang='lat' dir='ltr'>tor-</span> 
     </span>
     <span class='ocr_line' id='line_1_25' title="bbox 319 1956 1700 2021; baseline -0.005 -14"><span class='ocrx_word' id='word_1_207' title='bbox 319 1971 466 2008; x_wconf 88' lang='lat' dir='ltr'>menta</span> <span class='ocrx_word' id='word_1_208' title='bbox 490 1960 535 2005; x_wconf 89' lang='lat' dir='ltr'>in</span> <span class='ocrx_word' id='word_1_209' title='bbox 561 1958 900 2004; x_wconf 83' lang='lat' dir='ltr'>Deuteronomio</span> <span class='ocrx_word' id='word_1_210' title='bbox 924 1958 1258 2021; x_wconf 85' lang='lat' dir='ltr'>promittuntur.</span> <span class='ocrx_word' id='word_1_211' title='bbox 1288 1957 1408 2015; x_wconf 85' lang='lat' dir='ltr'>Quid</span> <span class='ocrx_word' id='word_1_212' title='bbox 1431 1959 1562 2017; x_wconf 67' lang='lat' dir='ltr'>ergo?</span> <span class='ocrx_word' id='word_1_213' title='bbox 1585 1956 1622 2000; x_wconf 84' lang='lat' dir='ltr'><strong>N</strong></span> <span class='ocrx_word' id='word_1_214' title='bbox 1628 1971 1700 2000; x_wconf 87' lang='lat' dir='ltr'>os-</span> 
     </span>
     <span class='ocr_line' id='line_1_26' title="bbox 323 2027 1701 2093; baseline -0.005 -15"><span class='ocrx_word' id='word_1_215' title='bbox 323 2043 486 2078; x_wconf 87' lang='lat' dir='ltr'>trarum</span> <span class='ocrx_word' id='word_1_216' title='bbox 511 2029 688 2076; x_wconf 85' lang='lat' dir='ltr'>dumeta</span> <span class='ocrx_word' id='word_1_217' title='bbox 720 2039 959 2085; x_wconf 85' lang='lat' dir='ltr'>terrarum,</span> <span class='ocrx_word' id='word_1_218' title='bbox 1000 2029 1162 2093; x_wconf 84' lang='lat' dir='ltr'>quibus</span> <span class='ocrx_word' id='word_1_219' title='bbox 1196 2027 1475 2093; x_wconf 85' lang='lat' dir='ltr'>amputandis</span> <span class='ocrx_word' id='word_1_220' title='bbox 1510 2042 1701 2073; x_wconf 87' lang='lat' dir='ltr'>runcone</span> 
     </span>
     <span class='ocr_line' id='line_1_27' title="bbox 321 2097 1698 2164; baseline -0.006 -15"><span class='ocrx_word' id='word_1_221' title='bbox 321 2113 513 2149; x_wconf 88' lang='lat' dir='ltr'>armatus</span> <span class='ocrx_word' id='word_1_222' title='bbox 537 2100 680 2147; x_wconf 84' lang='lat' dir='ltr'>cultor</span> <span class='ocrx_word' id='word_1_223' title='bbox 702 2099 901 2159; x_wconf 73' lang='lat' dir='ltr'>invigilat</span> <span class='ocrx_word' id='word_1_224' title='bbox 919 2137 930 2155; x_wconf 81' lang='grc'>,</span> <span class='ocrx_word' id='word_1_225' title='bbox 955 2117 1033 2163; x_wconf 78' lang='lat' dir='ltr'>per</span> <span class='ocrx_word' id='word_1_226' title='bbox 1055 2101 1163 2145; x_wconf 75' lang='lat' dir='ltr'>Cam</span> <span class='ocrx_word' id='word_1_227' title='bbox 1180 2099 1466 2164; x_wconf 83' lang='lat' dir='ltr'>parricidium</span> <span class='ocrx_word' id='word_1_228' title='bbox 1491 2097 1698 2157; x_wconf 80' lang='lat' dir='ltr'>germina-</span> 
     </span>
     <span class='ocr_line' id='line_1_28' title="bbox 319 2167 1700 2234; baseline -0.006 -14"><span class='ocrx_word' id='word_1_229' title='bbox 319 2175 451 2221; x_wconf 67' lang='lat' dir='ltr'>runt?</span> <span class='ocrx_word' id='word_1_230' title='bbox 478 2172 532 2217; x_wconf 85' lang='lat' dir='ltr'>Et</span> <span class='ocrx_word' id='word_1_231' title='bbox 549 2171 652 2234; x_wconf 86' lang='lat' dir='ltr'>quia</span> <span class='ocrx_word' id='word_1_232' title='bbox 670 2171 810 2215; x_wconf 84' lang='lat' dir='ltr'>omnis</span> <span class='ocrx_word' id='word_1_233' title='bbox 831 2171 994 2233; x_wconf 84' lang='lat' dir='ltr'>spinosi</span> <span class='ocrx_word' id='word_1_234' title='bbox 1010 2171 1122 2218; x_wconf 81' lang='lat' dir='ltr'>ruris</span> <span class='ocrx_word' id='word_1_235' title='bbox 1139 2171 1341 2218; x_wconf 88' lang='lat' dir='ltr'>dominus</span> <span class='ocrx_word' id='word_1_236' title='bbox 1357 2208 1366 2226; x_wconf 74' lang='lat'><strong><em>‚</em></strong></span> <span class='ocrx_word' id='word_1_237' title='bbox 1384 2178 1564 2232; x_wconf 85' lang='lat' dir='ltr'>peccato</span> <span class='ocrx_word' id='word_1_238' title='bbox 1582 2167 1700 2231; x_wconf 87' lang='lat' dir='ltr'>quod</span> 
     </span>
     <span class='ocr_line' id='line_1_29' title="bbox 320 2242 1702 2310; baseline -0.006 -16"><span class='ocrx_word' id='word_1_239' title='bbox 320 2247 546 2310; x_wconf 85' lang='lat' dir='ltr'>spinarum</span> <span class='ocrx_word' id='word_1_240' title='bbox 576 2244 774 2289; x_wconf 84' lang='lat' dir='ltr'>ubertate</span> <span class='ocrx_word' id='word_1_241' title='bbox 809 2244 1015 2306; x_wconf 84' lang='lat' dir='ltr'>punitum</span> <span class='ocrx_word' id='word_1_242' title='bbox 1058 2255 1148 2300; x_wconf 78' lang='lat' dir='ltr'>cst,</span> <span class='ocrx_word' id='word_1_243' title='bbox 1189 2263 1212 2290; x_wconf 88' lang='lat' dir='ltr'>a</span> <span class='ocrx_word' id='word_1_244' title='bbox 1246 2243 1370 2290; x_wconf 79' lang='lat' dir='ltr'>vobis</span> <span class='ocrx_word' id='word_1_245' title='bbox 1402 2252 1586 2306; x_wconf 81' lang='lat' dir='ltr'>putatur</span> <span class='ocrx_word' id='word_1_246' title='bbox 1618 2242 1702 2286; x_wconf 78' lang='lat' dir='ltr'>ol)—</span> 
     </span>
     <span class='ocr_line' id='line_1_30' title="bbox 320 2313 1698 2376; baseline -0.004 -13"><span class='ocrx_word' id='word_1_247' title='bbox 320 2315 502 2369; x_wconf 84' lang='lat' dir='ltr'>noxius;</span> <span class='ocrx_word' id='word_1_248' title='bbox 528 2317 778 2372; x_wconf 81' lang='lat' dir='ltr'>omnesjam</span> <span class='ocrx_word' id='word_1_249' title='bbox 804 2313 977 2376; x_wconf 83' lang='lat' dir='ltr'>parvuli</span> <span class='ocrx_word' id='word_1_250' title='bbox 1001 2331 1088 2359; x_wconf 88' lang='lat' dir='ltr'>non</span> <span class='ocrx_word' id='word_1_251' title='bbox 1118 2315 1255 2360; x_wconf 88' lang='lat' dir='ltr'>solum</span> <span class='ocrx_word' id='word_1_252' title='bbox 1284 2313 1517 2359; x_wconf 84' lang='lat' dir='ltr'>comedisse</span> <span class='ocrx_word' id='word_1_253' title='bbox 1538 2329 1698 2376; x_wconf 78' lang='lat' dir='ltr'>poma,</span> 
     </span>
     <span class='ocr_line' id='line_1_31' title="bbox 322 2384 1703 2451; baseline -0.004 -19"><span class='ocrx_word' id='word_1_254' title='bbox 322 2386 522 2451; x_wconf 83' lang='lat' dir='ltr'>quamvis</span> <span class='ocrx_word' id='word_1_255' title='bbox 544 2395 778 2431; x_wconf 86' lang='lat' dir='ltr'>nascantur</span> <span class='ocrx_word' id='word_1_256' title='bbox 801 2385 890 2429; x_wconf 88' lang='lat' dir='ltr'>sine</span> <span class='ocrx_word' id='word_1_257' title='bbox 919 2384 1124 2430; x_wconf 84' lang='lat' dir='ltr'>dentibus</span> <span class='ocrx_word' id='word_1_258' title='bbox 1143 2423 1153 2442; x_wconf 85' lang='grc'>,</span> <span class='ocrx_word' id='word_1_259' title='bbox 1179 2385 1251 2431; x_wconf 87' lang='lat' dir='ltr'>sed</span> <span class='ocrx_word' id='word_1_260' title='bbox 1271 2386 1401 2431; x_wconf 90' lang='lat' dir='ltr'>etiam</span> <span class='ocrx_word' id='word_1_261' title='bbox 1431 2385 1577 2430; x_wconf 82' lang='lat' dir='ltr'>Abelis</span> <span class='ocrx_word' id='word_1_262' title='bbox 1602 2400 1703 2429; x_wconf 87' lang='lat' dir='ltr'>san—</span> 
     </span>
     <span class='ocr_line' id='line_1_32' title="bbox 321 2454 1703 2520; baseline -0.003 -17"><span class='ocrx_word' id='word_1_263' title='bbox 321 2458 492 2518; x_wconf 87' lang='lat' dir='ltr'>guinem</span> <span class='ocrx_word' id='word_1_264' title='bbox 516 2455 715 2502; x_wconf 77' lang='lat' dir='ltr'>effudisse</span> <span class='ocrx_word' id='word_1_265' title='bbox 731 2454 961 2501; x_wconf 67' lang='lat' dir='ltr'>dicentur?</span> <span class='ocrx_word' id='word_1_266' title='bbox 986 2468 1166 2520; x_wconf 82' lang='lat' dir='ltr'>apparet</span> <span class='ocrx_word' id='word_1_267' title='bbox 1191 2468 1305 2503; x_wconf 88' lang='lat' dir='ltr'>certe</span> <span class='ocrx_word' id='word_1_268' title='bbox 1319 2493 1333 2520; x_wconf 76' lang='lat'><strong><em>7</em></strong></span> <span class='ocrx_word' id='word_1_269' title='bbox 1357 2455 1412 2502; x_wconf 88' lang='lat' dir='ltr'>ad</span> <span class='ocrx_word' id='word_1_270' title='bbox 1433 2472 1563 2519; x_wconf 86' lang='lat' dir='ltr'>quem</span> <span class='ocrx_word' id='word_1_271' title='bbox 1586 2454 1703 2500; x_wconf 84' lang='lat' dir='ltr'>suro-</span> 
     </span>
     <span class='ocr_line' id='line_1_33' title="bbox 318 2523 1702 2592; baseline -0.005 -17"><span class='ocrx_word' id='word_1_272' title='bbox 318 2545 408 2575; x_wconf 83' lang='lat' dir='ltr'>rem</span> <span class='ocrx_word' id='word_1_273' title='bbox 428 2526 652 2590; x_wconf 81' lang='lat' dir='ltr'>perveniat</span> <span class='ocrx_word' id='word_1_274' title='bbox 678 2526 1028 2574; x_wconf 73' lang='lat' dir='ltr'>Manichaeorum</span> <span class='ocrx_word' id='word_1_275' title='bbox 1050 2527 1201 2575; x_wconf 76' lang='lat' dir='ltr'>tradux</span> <span class='ocrx_word' id='word_1_276' title='bbox 1220 2546 1231 2573; x_wconf 72' lang='grc' dir='ltr'>ε</span> <span class='ocrx_word' id='word_1_277' title='bbox 1251 2545 1352 2592; x_wconf 77' lang='lat' dir='ltr'>quae</span> <span class='ocrx_word' id='word_1_278' title='bbox 1369 2526 1573 2590; x_wconf 76' lang='lat' dir='ltr'>quoniam</span> <span class='ocrx_word' id='word_1_279' title='bbox 1591 2523 1702 2570; x_wconf 85' lang='lat' dir='ltr'>nihil</span> 
     </span>
    </p>
   </div>
   <div class='ocr_carea' id='block_1_3' title="bbox 357 2608 1086 2651">
    <p class='ocr_par' dir='ltr' id='par_1_3' title="bbox 357 2608 1086 2651">
     <span class='ocr_line' id='line_1_34' title="bbox 357 2608 1086 2651; baseline -0.003 -8"><span class='ocrx_word' id='word_1_280' title='bbox 357 2612 368 2634; x_wconf 82' lang='lat'><strong>¹</strong></span> <span class='ocrx_word' id='word_1_281' title='bbox 390 2614 472 2643; x_wconf 76' lang='lat' dir='ltr'>Oen.</span> <span class='ocrx_word' id='word_1_282' title='bbox 485 2620 529 2648; x_wconf 81' lang='lat' dir='ltr'>xv,</span> <span class='ocrx_word' id='word_1_283' title='bbox 554 2621 604 2641; x_wconf 85' lang='lat'>11.</span> <span class='ocrx_word' id='word_1_284' title='bbox 623 2627 665 2632; x_wconf 90' lang='lat'>—-</span> <span class='ocrx_word' id='word_1_285' title='bbox 684 2608 698 2631; x_wconf 65' lang='lat'>‘2</span> <span class='ocrx_word' id='word_1_286' title='bbox 717 2612 813 2640; x_wconf 51' lang='lat' dir='ltr'>Forte</span> <span class='ocrx_word' id='word_1_287' title='bbox 838 2608 933 2651; x_wconf 75' lang='lat' dir='ltr'>liujus</span> <span class='ocrx_word' id='word_1_288' title='bbox 949 2611 1086 2651; x_wconf 57' lang='lat' dir='ltr'>generis.</span> 
     </span>
    </p>
   </div>
  </div>
 </body>
</html>
