<?xml version="1.0" encoding="UTF-8"?>
<!DOCTYPE html PUBLIC "-//W3C//DTD XHTML 1.0 Transitional//EN"
    "http://www.w3.org/TR/xhtml1/DTD/xhtml1-transitional.dtd">
<html xmlns="http://www.w3.org/1999/xhtml" xml:lang="en" lang="en">
 <head>
  <title>
</title>
<meta http-equiv="Content-Type" content="text/html;charset=utf-8" />
  <meta name='ocr-system' content='tesseract 3.04.00' />
  <meta name='ocr-capabilities' content='ocr_page ocr_carea ocr_par ocr_line ocrx_word'/>
</head>
<body>
  <div class='ocr_page' id='page_1' title='image "./operaomniaaccura37auguuoft/operaomniaaccura37auguuoft_0223.png"; bbox 0 0 1863 3262; ppageno 0'>
   <div class='ocr_carea' id='block_1_1' title="bbox 240 257 1562 308">
    <p class='ocr_par' dir='ltr' id='par_1_1' title="bbox 240 257 1562 308">
     <span class='ocr_line' id='line_1_1' title="bbox 240 257 1562 308; baseline 0.002 -9"><span class='ocrx_word' id='word_1_1' title='bbox 240 269 394 300; x_wconf 76' lang='lat' dir='ltr'>OPERIS</span> <span class='ocrx_word' id='word_1_2' title='bbox 431 267 692 299; x_wconf 76' lang='lat' dir='ltr'><strong>IMPERFECTI</strong></span> <span class='ocrx_word' id='word_1_3' title='bbox 730 268 904 298; x_wconf 63' lang='lat' dir='ltr'>CONTRA</span> <span class='ocrx_word' id='word_1_4' title='bbox 940 269 1183 308; x_wconf 68' lang='lat' dir='ltr'>MTLMNCM,</span> <span class='ocrx_word' id='word_1_5' title='bbox 1224 270 1311 301; x_wconf 76' lang='lat' dir='ltr'>Lm.</span> <span class='ocrx_word' id='word_1_6' title='bbox 1355 272 1414 301; x_wconf 90' lang='lat' dir='ltr'>lV.</span> <span class='ocrx_word' id='word_1_7' title='bbox 1471 257 1562 302; x_wconf 74' lang='lat'>213</span> 
     </span>
    </p>
   </div>
   <div class='ocr_carea' id='block_1_2' title="bbox 180 332 1573 2649">
    <p class='ocr_par' dir='ltr' id='par_1_2' title="bbox 187 332 1570 1032">
     <span class='ocr_line' id='line_1_2' title="bbox 189 332 1564 397; baseline 0.001 -17"><span class='ocrx_word' id='word_1_8' title='bbox 189 344 426 397; x_wconf 88' lang='lat' dir='ltr'>aspectum.</span> <span class='ocrx_word' id='word_1_9' title='bbox 452 332 577 378; x_wconf 84' lang='lat' dir='ltr'><strong>Unde</strong></span> <span class='ocrx_word' id='word_1_10' title='bbox 594 343 636 378; x_wconf 92' lang='lat' dir='ltr'>et</span> <span class='ocrx_word' id='word_1_11' title='bbox 656 332 806 391; x_wconf 79' lang='lat' dir='ltr'>Angeli</span> <span class='ocrx_word' id='word_1_12' title='bbox 829 333 903 396; x_wconf 86' lang='lat' dir='ltr'>qui</span> <span class='ocrx_word' id='word_1_13' title='bbox 928 333 1159 378; x_wconf 91' lang='lat' dir='ltr'>hominum</span> <span class='ocrx_word' id='word_1_14' title='bbox 1182 334 1338 381; x_wconf 83' lang='lat' dir='ltr'>similes</span> <span class='ocrx_word' id='word_1_15' title='bbox 1366 336 1564 382; x_wconf 87' lang='lat' dir='ltr'>homini-</span> 
     </span>
     <span class='ocr_line' id='line_1_3' title="bbox 190 403 1568 468; baseline 0.002 -17"><span class='ocrx_word' id='word_1_16' title='bbox 190 406 272 451; x_wconf 90' lang='lat' dir='ltr'>bus</span> <span class='ocrx_word' id='word_1_17' title='bbox 295 414 619 468; x_wconf 82' lang='lat' dir='ltr'>apparuerunt,</span> <span class='ocrx_word' id='word_1_18' title='bbox 656 403 796 449; x_wconf 83' lang='lat' dir='ltr'>vestiti</span> <span class='ocrx_word' id='word_1_19' title='bbox 829 420 1039 466; x_wconf 85' lang='lat' dir='ltr'>apparere</span> <span class='ocrx_word' id='word_1_20' title='bbox 1070 404 1322 461; x_wconf 84' lang='lat' dir='ltr'>voluerunt,</span> <span class='ocrx_word' id='word_1_21' title='bbox 1344 407 1458 453; x_wconf 90' lang='lat' dir='ltr'>sicut</span> <span class='ocrx_word' id='word_1_22' title='bbox 1481 407 1568 454; x_wconf 89' lang='lat' dir='ltr'>hu-</span> 
     </span>
     <span class='ocr_line' id='line_1_4' title="bbox 189 473 1569 537; baseline 0.002 -16"><span class='ocrx_word' id='word_1_23' title='bbox 189 493 317 521; x_wconf 84' lang='lat' dir='ltr'>mana</span> <span class='ocrx_word' id='word_1_24' title='bbox 343 473 612 521; x_wconf 70' lang='lat' dir='ltr'>consuetudo</span> <span class='ocrx_word' id='word_1_25' title='bbox 629 474 850 537; x_wconf 87' lang='lat' dir='ltr'>poscebat.</span> <span class='ocrx_word' id='word_1_26' title='bbox 882 474 965 519; x_wconf 86' lang='lat' dir='ltr'>Sed</span> <span class='ocrx_word' id='word_1_27' title='bbox 987 474 1085 520; x_wconf 82' lang='lat' dir='ltr'>haec</span> <span class='ocrx_word' id='word_1_28' title='bbox 1109 476 1377 524; x_wconf 80' lang='lat' dir='ltr'>consuetudo</span> <span class='ocrx_word' id='word_1_29' title='bbox 1399 478 1431 523; x_wconf 84' lang='lat' dir='ltr'>si</span> <span class='ocrx_word' id='word_1_30' title='bbox 1454 478 1569 524; x_wconf 87' lang='lat' dir='ltr'>unde</span> 
     </span>
     <span class='ocr_line' id='line_1_5' title="bbox 189 543 1569 609; baseline 0.001 -17"><span class='ocrx_word' id='word_1_31' title='bbox 189 546 396 607; x_wconf 84' lang='lat' dir='ltr'>originem</span> <span class='ocrx_word' id='word_1_32' title='bbox 431 545 663 608; x_wconf 77' lang='lat' dir='ltr'>sumpserit</span> <span class='ocrx_word' id='word_1_33' title='bbox 696 543 993 598; x_wconf 81' lang='lat' dir='ltr'>recordemur,</span> <span class='ocrx_word' id='word_1_34' title='bbox 1033 545 1228 590; x_wconf 86' lang='lat' dir='ltr'>occurrit</span> <span class='ocrx_word' id='word_1_35' title='bbox 1265 547 1399 609; x_wconf 90' lang='lat' dir='ltr'>primi</span> <span class='ocrx_word' id='word_1_36' title='bbox 1438 564 1569 593; x_wconf 80' lang='lat' dir='ltr'>causa</span> 
     </span>
     <span class='ocr_line' id='line_1_6' title="bbox 187 614 1564 682; baseline 0.001 -19"><span class='ocrx_word' id='word_1_37' title='bbox 187 616 382 682; x_wconf 89' lang='lat' dir='ltr'>peccati,</span> <span class='ocrx_word' id='word_1_38' title='bbox 410 616 454 662; x_wconf 92' lang='lat' dir='ltr'>in</span> <span class='ocrx_word' id='word_1_39' title='bbox 476 615 560 662; x_wconf 91' lang='lat' dir='ltr'>illis</span> <span class='ocrx_word' id='word_1_40' title='bbox 593 615 872 668; x_wconf 89' lang='lat' dir='ltr'>hominibus,</span> <span class='ocrx_word' id='word_1_41' title='bbox 910 614 986 678; x_wconf 92' lang='lat' dir='ltr'>qui</span> <span class='ocrx_word' id='word_1_42' title='bbox 1010 615 1265 679; x_wconf 82' lang='lat' dir='ltr'>priusquam</span> <span class='ocrx_word' id='word_1_43' title='bbox 1299 629 1531 679; x_wconf 77' lang='lat' dir='ltr'>peccarent</span> <span class='ocrx_word' id='word_1_44' title='bbox 1553 655 1564 674; x_wconf 92' lang='lat'>‚</span> 
     </span>
     <span class='ocr_line' id='line_1_7' title="bbox 188 685 1566 743; baseline 0 -9"><span class='ocrx_word' id='word_1_45' title='bbox 188 687 390 734; x_wconf 89' lang='lat' dir='ltr'>decenter</span> <span class='ocrx_word' id='word_1_46' title='bbox 408 697 450 733; x_wconf 87' lang='lat' dir='ltr'>et</span> <span class='ocrx_word' id='word_1_47' title='bbox 469 687 647 732; x_wconf 86' lang='lat' dir='ltr'>honeste</span> <span class='ocrx_word' id='word_1_48' title='bbox 661 696 783 732; x_wconf 88' lang='lat' dir='ltr'>erant</span> <span class='ocrx_word' id='word_1_49' title='bbox 799 686 846 732; x_wconf 89' lang='lat' dir='ltr'>in</span> <span class='ocrx_word' id='word_1_50' title='bbox 863 685 962 731; x_wconf 93' lang='lat' dir='ltr'>loco</span> <span class='ocrx_word' id='word_1_51' title='bbox 983 695 1115 731; x_wconf 79' lang='lat' dir='ltr'>tantae</span> <span class='ocrx_word' id='word_1_52' title='bbox 1135 686 1421 733; x_wconf 85' lang='lat' dir='ltr'>beatitudinis</span> <span class='ocrx_word' id='word_1_53' title='bbox 1441 688 1566 743; x_wconf 88' lang='lat' dir='ltr'>nudi,</span> 
     </span>
     <span class='ocr_line' id='line_1_8' title="bbox 188 755 1570 819; baseline 0.001 -16"><span class='ocrx_word' id='word_1_54' title='bbox 188 758 383 804; x_wconf 89' lang='lat' dir='ltr'>nondum</span> <span class='ocrx_word' id='word_1_55' title='bbox 399 757 562 804; x_wconf 91' lang='lat' dir='ltr'>scilicet</span> <span class='ocrx_word' id='word_1_56' title='bbox 582 756 635 803; x_wconf 89' lang='lat' dir='ltr'>de</span> <span class='ocrx_word' id='word_1_57' title='bbox 655 772 730 802; x_wconf 84' lang='lat' dir='ltr'>sua</span> <span class='ocrx_word' id='word_1_58' title='bbox 744 773 872 802; x_wconf 82' lang='lat' dir='ltr'>carne</span> <span class='ocrx_word' id='word_1_59' title='bbox 887 793 898 811; x_wconf 92' lang='lat'>,</span> <span class='ocrx_word' id='word_1_60' title='bbox 918 772 1017 819; x_wconf 88' lang='lat' dir='ltr'>quae</span> <span class='ocrx_word' id='word_1_61' title='bbox 1041 755 1296 802; x_wconf 89' lang='lat' dir='ltr'>inobediens</span> <span class='ocrx_word' id='word_1_62' title='bbox 1316 757 1570 804; x_wconf 85' lang='lat' dir='ltr'>inobedien-</span> 
     </span>
     <span class='ocr_line' id='line_1_9' title="bbox 188 826 1563 889; baseline 0.001 -16"><span class='ocrx_word' id='word_1_63' title='bbox 188 829 307 874; x_wconf 85' lang='lat' dir='ltr'>tibus</span> <span class='ocrx_word' id='word_1_64' title='bbox 325 828 495 875; x_wconf 84' lang='lat' dir='ltr'>reddita</span> <span class='ocrx_word' id='word_1_65' title='bbox 518 837 602 883; x_wconf 82' lang='lat' dir='ltr'>est,</span> <span class='ocrx_word' id='word_1_66' title='bbox 631 838 781 873; x_wconf 84' lang='lat' dir='ltr'>contra</span> <span class='ocrx_word' id='word_1_67' title='bbox 795 826 997 889; x_wconf 84' lang='lat' dir='ltr'>spiritum</span> <span class='ocrx_word' id='word_1_68' title='bbox 1023 826 1360 889; x_wconf 86' lang='lat' dir='ltr'>concupiscente</span> <span class='ocrx_word' id='word_1_69' title='bbox 1378 827 1563 875; x_wconf 85' lang='lat' dir='ltr'>confusi.</span> 
     </span>
     <span class='ocr_line' id='line_1_10' title="bbox 189 896 1567 961; baseline 0 -17"><span class='ocrx_word' id='word_1_70' title='bbox 189 898 312 944; x_wconf 82' lang='lat' dir='ltr'>Nihil</span> <span class='ocrx_word' id='word_1_71' title='bbox 339 916 438 959; x_wconf 83' lang='lat' dir='ltr'>ergo</span> <span class='ocrx_word' id='word_1_72' title='bbox 462 909 503 944; x_wconf 91' lang='lat' dir='ltr'>te</span> <span class='ocrx_word' id='word_1_73' title='bbox 527 897 703 957; x_wconf 83' lang='lat' dir='ltr'>adjuvat</span> <span class='ocrx_word' id='word_1_74' title='bbox 733 896 898 942; x_wconf 85' lang='lat' dir='ltr'>Christi</span> <span class='ocrx_word' id='word_1_75' title='bbox 935 896 1087 952; x_wconf 87' lang='lat' dir='ltr'>vestis,</span> <span class='ocrx_word' id='word_1_76' title='bbox 1115 908 1164 942; x_wconf 89' lang='lat' dir='ltr'>ut</span> <span class='ocrx_word' id='word_1_77' title='bbox 1198 897 1567 961; x_wconf 70' lang='lat' dir='ltr'>concupiscentiae</span> 
     </span>
     <span class='ocr_line' id='line_1_11' title="bbox 188 968 1001 1032; baseline -0.001 -16"><span class='ocrx_word' id='word_1_78' title='bbox 188 970 327 1016; x_wconf 87' lang='lat' dir='ltr'>carnis</span> <span class='ocrx_word' id='word_1_79' title='bbox 345 970 541 1016; x_wconf 89' lang='lat' dir='ltr'>defensor</span> <span class='ocrx_word' id='word_1_80' title='bbox 564 968 796 1032; x_wconf 88' lang='lat' dir='ltr'>impudens</span> <span class='ocrx_word' id='word_1_81' title='bbox 818 985 906 1014; x_wconf 89' lang='lat' dir='ltr'>non</span> <span class='ocrx_word' id='word_1_82' title='bbox 934 968 1001 1015; x_wconf 90' lang='lat' dir='ltr'>sis.</span> 
     </span>
    </p>

    <p class='ocr_par' dir='ltr' id='par_1_3' title="bbox 185 1038 1569 1594">
     <span class='ocr_line' id='line_1_12' title="bbox 251 1038 1564 1103; baseline -0.001 -17"><span class='ocrx_word' id='word_1_83' title='bbox 251 1040 409 1088; x_wconf 88' lang='lat' dir='ltr'><strong>LXIV.</strong></span> <span class='ocrx_word' id='word_1_84' title='bbox 439 1043 461 1085; x_wconf 88' lang='lat' dir='ltr'>J</span> <span class='ocrx_word' id='word_1_85' title='bbox 469 1057 533 1088; x_wconf 82' lang='lat' dir='ltr'>UL.</span> <span class='ocrx_word' id='word_1_86' title='bbox 561 1039 723 1085; x_wconf 86' lang='lat' dir='ltr'>«Vides</span> <span class='ocrx_word' id='word_1_87' title='bbox 742 1039 875 1098; x_wconf 83' lang='lat' dir='ltr'>igitur</span> <span class='ocrx_word' id='word_1_88' title='bbox 890 1038 1050 1084; x_wconf 85' lang='lat' dir='ltr'>frustra</span> <span class='ocrx_word' id='word_1_89' title='bbox 1068 1049 1109 1084; x_wconf 90' lang='lat' dir='ltr'>te</span> <span class='ocrx_word' id='word_1_90' title='bbox 1125 1050 1355 1103; x_wconf 86' lang='lat' dir='ltr'>peccatum</span> <span class='ocrx_word' id='word_1_91' title='bbox 1374 1056 1564 1098; x_wconf 88' lang='lat' dir='ltr'>vocasse,</span> 
     </span>
     <span class='ocr_line' id='line_1_13' title="bbox 187 1109 1568 1174; baseline -0.001 -17"><span class='ocrx_word' id='word_1_92' title='bbox 187 1111 288 1157; x_wconf 90' lang='lat' dir='ltr'>siin</span> <span class='ocrx_word' id='word_1_93' title='bbox 309 1111 380 1156; x_wconf 91' lang='lat' dir='ltr'>his</span> <span class='ocrx_word' id='word_1_94' title='bbox 412 1110 644 1174; x_wconf 88' lang='lat' dir='ltr'>operibus,</span> <span class='ocrx_word' id='word_1_95' title='bbox 678 1127 779 1173; x_wconf 84' lang='lat' dir='ltr'>quae</span> <span class='ocrx_word' id='word_1_96' title='bbox 807 1111 920 1155; x_wconf 91' lang='lat' dir='ltr'>Deus</span> <span class='ocrx_word' id='word_1_97' title='bbox 953 1109 1084 1166; x_wconf 90' lang='lat' dir='ltr'>fecit,</span> <span class='ocrx_word' id='word_1_98' title='bbox 1123 1109 1321 1157; x_wconf 83' lang='lat' dir='ltr'>velamen</span> <span class='ocrx_word' id='word_1_99' title='bbox 1353 1109 1568 1156; x_wconf 81' lang='lat' dir='ltr'>fateamur</span> 
     </span>
     <span class='ocr_line' id='line_1_14' title="bbox 187 1179 1568 1243; baseline -0.001 -17"><span class='ocrx_word' id='word_1_100' title='bbox 187 1180 491 1226; x_wconf 85' lang='lat' dir='ltr'>adhibendum</span> <span class='ocrx_word' id='word_1_101' title='bbox 509 1217 520 1236; x_wconf 88' lang='lat'>‚</span> <span class='ocrx_word' id='word_1_102' title='bbox 544 1179 663 1243; x_wconf 90' lang='lat' dir='ltr'>quod</span> <span class='ocrx_word' id='word_1_103' title='bbox 689 1180 903 1225; x_wconf 90' lang='lat' dir='ltr'>Dominus</span> <span class='ocrx_word' id='word_1_104' title='bbox 926 1190 1072 1226; x_wconf 89' lang='lat' dir='ltr'>noster</span> <span class='ocrx_word' id='word_1_105' title='bbox 1087 1190 1129 1226; x_wconf 83' lang='lat' dir='ltr'>et</span> <span class='ocrx_word' id='word_1_106' title='bbox 1145 1180 1338 1226; x_wconf 87' lang='lat' dir='ltr'>hominis</span> <span class='ocrx_word' id='word_1_107' title='bbox 1359 1179 1568 1226; x_wconf 88' lang='lat' dir='ltr'>formator</span> 
     </span>
     <span class='ocr_line' id='line_1_15' title="bbox 185 1250 1567 1307; baseline -0.001 -10"><span class='ocrx_word' id='word_1_108' title='bbox 185 1251 400 1307; x_wconf 81' lang='lat' dir='ltr'>instituit,</span> <span class='ocrx_word' id='word_1_109' title='bbox 427 1261 469 1296; x_wconf 89' lang='lat' dir='ltr'>et</span> <span class='ocrx_word' id='word_1_110' title='bbox 484 1251 619 1296; x_wconf 91' lang='lat' dir='ltr'>homo</span> <span class='ocrx_word' id='word_1_111' title='bbox 644 1250 784 1296; x_wconf 84' lang='lat' dir='ltr'>factus</span> <span class='ocrx_word' id='word_1_112' title='bbox 811 1250 1014 1297; x_wconf 84' lang='lat' dir='ltr'>exercuit.</span> <span class='ocrx_word' id='word_1_113' title='bbox 1040 1253 1124 1296; x_wconf 90' lang='lat' dir='ltr'>Det</span> <span class='ocrx_word' id='word_1_114' title='bbox 1137 1267 1236 1296; x_wconf 88' lang='lat' dir='ltr'>sane</span> <span class='ocrx_word' id='word_1_115' title='bbox 1253 1250 1421 1296; x_wconf 84' lang='lat' dir='ltr'>veniam</span> <span class='ocrx_word' id='word_1_116' title='bbox 1441 1266 1567 1295; x_wconf 88' lang='lat' dir='ltr'>reve-</span> 
     </span>
     <span class='ocr_line' id='line_1_16' title="bbox 187 1320 1568 1384; baseline -0.001 -17"><span class='ocrx_word' id='word_1_117' title='bbox 187 1322 325 1368; x_wconf 86' lang='lat' dir='ltr'>rentia</span> <span class='ocrx_word' id='word_1_118' title='bbox 343 1321 674 1384; x_wconf 85' lang='lat' dir='ltr'>Redemptoris,</span> <span class='ocrx_word' id='word_1_119' title='bbox 702 1321 807 1383; x_wconf 90' lang='lat' dir='ltr'>quia</span> <span class='ocrx_word' id='word_1_120' title='bbox 833 1320 888 1366; x_wconf 80' lang='lat' dir='ltr'>ad</span> <span class='ocrx_word' id='word_1_121' title='bbox 920 1320 1188 1367; x_wconf 79' lang='lat' dir='ltr'>asserendam</span> <span class='ocrx_word' id='word_1_122' title='bbox 1207 1320 1430 1367; x_wconf 85' lang='lat' dir='ltr'>veritatem</span> <span class='ocrx_word' id='word_1_123' title='bbox 1453 1337 1568 1382; x_wconf 77' lang='lat' dir='ltr'>mys-</span> 
     </span>
     <span class='ocr_line' id='line_1_17' title="bbox 186 1391 1569 1455; baseline -0.001 -18"><span class='ocrx_word' id='word_1_124' title='bbox 186 1391 307 1448; x_wconf 85' lang='lat' dir='ltr'>terii,</span> <span class='ocrx_word' id='word_1_125' title='bbox 346 1391 782 1455; x_wconf 84' lang='lat' dir='ltr'>Manichaeorumque</span> <span class='ocrx_word' id='word_1_126' title='bbox 818 1391 981 1450; x_wconf 84' lang='lat' dir='ltr'>flagitia</span> <span class='ocrx_word' id='word_1_127' title='bbox 1018 1391 1306 1447; x_wconf 84' lang='lat' dir='ltr'>destruenda,</span> <span class='ocrx_word' id='word_1_128' title='bbox 1344 1391 1569 1454; x_wconf 87' lang='lat' dir='ltr'>loquimur</span> 
     </span>
     <span class='ocr_line' id='line_1_18' title="bbox 186 1460 1567 1525; baseline -0.001 -17"><span class='ocrx_word' id='word_1_129' title='bbox 186 1461 240 1508; x_wconf 91' lang='lat' dir='ltr'>de</span> <span class='ocrx_word' id='word_1_130' title='bbox 274 1479 404 1508; x_wconf 85' lang='lat' dir='ltr'>carne</span> <span class='ocrx_word' id='word_1_131' title='bbox 436 1467 526 1523; x_wconf 87' lang='lat' dir='ltr'>ejus</span> <span class='ocrx_word' id='word_1_132' title='bbox 562 1460 796 1520; x_wconf 83' lang='lat' dir='ltr'>audacter3</span> <span class='ocrx_word' id='word_1_133' title='bbox 823 1460 944 1525; x_wconf 93' lang='lat' dir='ltr'>quod</span> <span class='ocrx_word' id='word_1_134' title='bbox 972 1461 1054 1507; x_wconf 89' lang='lat' dir='ltr'>nisi</span> <span class='ocrx_word' id='word_1_135' title='bbox 1079 1461 1186 1507; x_wconf 89' lang='lat' dir='ltr'>fides</span> <span class='ocrx_word' id='word_1_136' title='bbox 1210 1462 1413 1522; x_wconf 85' lang='lat' dir='ltr'>exigeret,</span> <span class='ocrx_word' id='word_1_137' title='bbox 1441 1477 1567 1508; x_wconf 88' lang='lat' dir='ltr'>reve-</span> 
     </span>
     <span class='ocr_line' id='line_1_19' title="bbox 185 1533 906 1594; baseline 0.001 -15"><span class='ocrx_word' id='word_1_138' title='bbox 185 1533 325 1580; x_wconf 88' lang='lat' dir='ltr'>rentia</span> <span class='ocrx_word' id='word_1_139' title='bbox 341 1533 535 1579; x_wconf 84' lang='lat' dir='ltr'>modesta</span> <span class='ocrx_word' id='word_1_140' title='bbox 553 1550 640 1579; x_wconf 90' lang='lat' dir='ltr'>non</span> <span class='ocrx_word' id='word_1_141' title='bbox 661 1542 863 1594; x_wconf 82' lang='lat' dir='ltr'>tangeret.</span> <span class='ocrx_word' id='word_1_142' title='bbox 885 1553 906 1575; x_wconf 86' lang='lat'>»</span> 
     </span>
    </p>

    <p class='ocr_par' dir='ltr' id='par_1_4' title="bbox 180 1605 1568 2228">
     <span class='ocr_line' id='line_1_20' title="bbox 253 1605 1565 1670; baseline -0.002 -17"><span class='ocrx_word' id='word_1_143' title='bbox 253 1608 367 1654; x_wconf 77' lang='lat' dir='ltr'>Auo.</span> <span class='ocrx_word' id='word_1_144' title='bbox 412 1607 509 1652; x_wconf 91' lang='lat' dir='ltr'>Non</span> <span class='ocrx_word' id='word_1_145' title='bbox 539 1606 748 1652; x_wconf 82' lang='lat' dir='ltr'>audacter</span> <span class='ocrx_word' id='word_1_146' title='bbox 782 1606 835 1652; x_wconf 91' lang='lat' dir='ltr'>de</span> <span class='ocrx_word' id='word_1_147' title='bbox 860 1623 989 1652; x_wconf 85' lang='lat' dir='ltr'>carne</span> <span class='ocrx_word' id='word_1_148' title='bbox 1017 1606 1183 1652; x_wconf 85' lang='lat' dir='ltr'>Christi</span> <span class='ocrx_word' id='word_1_149' title='bbox 1213 1605 1404 1670; x_wconf 86' lang='lat' dir='ltr'>loqueris</span> <span class='ocrx_word' id='word_1_150' title='bbox 1440 1623 1565 1662; x_wconf 86' lang='lat' dir='ltr'>vera,</span> 
     </span>
     <span class='ocr_line' id='line_1_21' title="bbox 186 1676 1567 1732; baseline 0 -10"><span class='ocrx_word' id='word_1_151' title='bbox 186 1676 259 1722; x_wconf 90' lang='lat' dir='ltr'>sed</span> <span class='ocrx_word' id='word_1_152' title='bbox 288 1676 517 1722; x_wconf 88' lang='lat' dir='ltr'>infeliciter</span> <span class='ocrx_word' id='word_1_153' title='bbox 548 1676 679 1730; x_wconf 80' lang='lat' dir='ltr'>falsa3</span> <span class='ocrx_word' id='word_1_154' title='bbox 709 1694 796 1722; x_wconf 89' lang='lat' dir='ltr'>non</span> <span class='ocrx_word' id='word_1_155' title='bbox 822 1676 877 1722; x_wconf 83' lang='lat' dir='ltr'>ad</span> <span class='ocrx_word' id='word_1_156' title='bbox 914 1676 1262 1722; x_wconf 79' lang='lat' dir='ltr'>Manichaeorum</span> <span class='ocrx_word' id='word_1_157' title='bbox 1280 1714 1291 1732; x_wconf 87' lang='lat'>,</span> <span class='ocrx_word' id='word_1_158' title='bbox 1337 1677 1449 1722; x_wconf 90' lang='lat' dir='ltr'>sicut</span> <span class='ocrx_word' id='word_1_159' title='bbox 1483 1677 1567 1722; x_wconf 86' lang='lat' dir='ltr'>tibi</span> 
     </span>
     <span class='ocr_line' id='line_1_22' title="bbox 185 1746 1568 1810; baseline -0.001 -17"><span class='ocrx_word' id='word_1_160' title='bbox 185 1747 398 1793; x_wconf 85' lang='lat' dir='ltr'>blandiris</span> <span class='ocrx_word' id='word_1_161' title='bbox 418 1785 428 1804; x_wconf 87' lang='lat'>‚</span> <span class='ocrx_word' id='word_1_162' title='bbox 452 1748 617 1807; x_wconf 82' lang='lat' dir='ltr'>flagitia</span> <span class='ocrx_word' id='word_1_163' title='bbox 649 1747 935 1805; x_wconf 84' lang='lat' dir='ltr'>destruenda,</span> <span class='ocrx_word' id='word_1_164' title='bbox 958 1747 1031 1793; x_wconf 89' lang='lat' dir='ltr'>sed</span> <span class='ocrx_word' id='word_1_165' title='bbox 1060 1747 1208 1810; x_wconf 85' lang='lat' dir='ltr'>potius</span> <span class='ocrx_word' id='word_1_166' title='bbox 1232 1746 1492 1808; x_wconf 85' lang='lat' dir='ltr'>adjuvanda.</span> <span class='ocrx_word' id='word_1_167' title='bbox 1521 1746 1568 1792; x_wconf 85' lang='lat' dir='ltr'>Si</span> 
     </span>
     <span class='ocr_line' id='line_1_23' title="bbox 186 1817 1563 1878; baseline -0.001 -14"><span class='ocrx_word' id='word_1_168' title='bbox 186 1818 486 1864; x_wconf 83' lang='lat' dir='ltr'>Manichaeum</span> <span class='ocrx_word' id='word_1_169' title='bbox 519 1819 679 1878; x_wconf 83' lang='lat' dir='ltr'>cogitas</span> <span class='ocrx_word' id='word_1_170' title='bbox 719 1819 892 1864; x_wconf 89' lang='lat' dir='ltr'>vincere</span> <span class='ocrx_word' id='word_1_171' title='bbox 911 1854 923 1873; x_wconf 86' lang='lat'>,</span> <span class='ocrx_word' id='word_1_172' title='bbox 962 1817 1052 1863; x_wconf 90' lang='lat' dir='ltr'>noli</span> <span class='ocrx_word' id='word_1_173' title='bbox 1086 1817 1229 1863; x_wconf 89' lang='lat' dir='ltr'>dicere</span> <span class='ocrx_word' id='word_1_174' title='bbox 1257 1818 1424 1863; x_wconf 88' lang='lat' dir='ltr'>bonum</span> <span class='ocrx_word' id='word_1_175' title='bbox 1447 1834 1563 1872; x_wconf 90' lang='lat' dir='ltr'>esse,</span> 
     </span>
     <span class='ocr_line' id='line_1_24' title="bbox 184 1888 1566 1952; baseline -0.001 -18"><span class='ocrx_word' id='word_1_176' title='bbox 184 1888 304 1952; x_wconf 89' lang='lat' dir='ltr'>quod</span> <span class='ocrx_word' id='word_1_177' title='bbox 326 1900 390 1935; x_wconf 87' lang='lat' dir='ltr'>est</span> <span class='ocrx_word' id='word_1_178' title='bbox 418 1889 606 1943; x_wconf 81' lang='lat' dir='ltr'>malum3</span> <span class='ocrx_word' id='word_1_179' title='bbox 632 1890 706 1935; x_wconf 89' lang='lat' dir='ltr'>sed</span> <span class='ocrx_word' id='word_1_180' title='bbox 737 1889 810 1935; x_wconf 89' lang='lat' dir='ltr'>dic</span> <span class='ocrx_word' id='word_1_181' title='bbox 834 1889 949 1934; x_wconf 88' lang='lat' dir='ltr'>unde</span> <span class='ocrx_word' id='word_1_182' title='bbox 969 1889 1023 1934; x_wconf 88' lang='lat' dir='ltr'>sit</span> <span class='ocrx_word' id='word_1_183' title='bbox 1047 1888 1212 1934; x_wconf 79' lang='lat' dir='ltr'>malum</span> <span class='ocrx_word' id='word_1_184' title='bbox 1231 1926 1241 1945; x_wconf 95' lang='lat'>,</span> <span class='ocrx_word' id='word_1_185' title='bbox 1264 1888 1386 1952; x_wconf 89' lang='lat' dir='ltr'>quod</span> <span class='ocrx_word' id='word_1_186' title='bbox 1418 1899 1566 1934; x_wconf 90' lang='lat' dir='ltr'>osten-</span> 
     </span>
     <span class='ocr_line' id='line_1_25' title="bbox 187 1957 1568 2022; baseline -0.001 -19"><span class='ocrx_word' id='word_1_187' title='bbox 187 1957 286 2003; x_wconf 88' lang='lat' dir='ltr'>dere</span> <span class='ocrx_word' id='word_1_188' title='bbox 310 1975 397 2003; x_wconf 90' lang='lat' dir='ltr'>non</span> <span class='ocrx_word' id='word_1_189' title='bbox 422 1969 544 2022; x_wconf 88' lang='lat' dir='ltr'>potes</span> <span class='ocrx_word' id='word_1_190' title='bbox 568 1959 750 2005; x_wconf 82' lang='lat' dir='ltr'>bonum.</span> <span class='ocrx_word' id='word_1_191' title='bbox 776 1959 874 2003; x_wconf 89' lang='lat' dir='ltr'>Hoc</span> <span class='ocrx_word' id='word_1_192' title='bbox 892 1958 1007 2003; x_wconf 84' lang='lat' dir='ltr'>enim</span> <span class='ocrx_word' id='word_1_193' title='bbox 1030 1974 1115 2002; x_wconf 90' lang='lat' dir='ltr'>esse</span> <span class='ocrx_word' id='word_1_194' title='bbox 1135 1957 1189 2002; x_wconf 88' lang='lat' dir='ltr'>de</span> <span class='ocrx_word' id='word_1_195' title='bbox 1207 1958 1568 2020; x_wconf 73' lang='lat' dir='ltr'>praevaricatione</span> 
     </span>
     <span class='ocr_line' id='line_1_26' title="bbox 183 2027 1566 2091; baseline 0 -18"><span class='ocrx_word' id='word_1_196' title='bbox 183 2028 318 2091; x_wconf 86' lang='lat' dir='ltr'>primi</span> <span class='ocrx_word' id='word_1_197' title='bbox 341 2028 531 2073; x_wconf 87' lang='lat' dir='ltr'>hominis</span> <span class='ocrx_word' id='word_1_198' title='bbox 550 2028 655 2073; x_wconf 91' lang='lat' dir='ltr'>dum</span> <span class='ocrx_word' id='word_1_199' title='bbox 683 2045 772 2073; x_wconf 93' lang='lat' dir='ltr'>non</span> <span class='ocrx_word' id='word_1_200' title='bbox 789 2028 854 2073; x_wconf 87' lang='lat' dir='ltr'>vis</span> <span class='ocrx_word' id='word_1_201' title='bbox 875 2045 975 2074; x_wconf 89' lang='lat' dir='ltr'>cum</span> <span class='ocrx_word' id='word_1_202' title='bbox 1002 2027 1232 2073; x_wconf 88' lang='lat' dir='ltr'>Ambrosio</span> <span class='ocrx_word' id='word_1_203' title='bbox 1256 2027 1399 2073; x_wconf 89' lang='lat' dir='ltr'>dicere</span> <span class='ocrx_word' id='word_1_204' title='bbox 1416 2065 1427 2084; x_wconf 91' lang='lat'>‚</span> <span class='ocrx_word' id='word_1_205' title='bbox 1455 2045 1566 2090; x_wconf 90' lang='lat' dir='ltr'>pro-</span> 
     </span>
     <span class='ocr_line' id='line_1_27' title="bbox 182 2097 1568 2154; baseline 0 -11"><span class='ocrx_word' id='word_1_206' title='bbox 182 2098 298 2143; x_wconf 80' lang='lat' dir='ltr'>fecto</span> <span class='ocrx_word' id='word_1_207' title='bbox 321 2097 481 2154; x_wconf 87' lang='lat' dir='ltr'>efficis,</span> <span class='ocrx_word' id='word_1_208' title='bbox 527 2109 573 2143; x_wconf 91' lang='lat' dir='ltr'>ut</span> <span class='ocrx_word' id='word_1_209' title='bbox 604 2098 658 2143; x_wconf 88' lang='lat' dir='ltr'>de</span> <span class='ocrx_word' id='word_1_210' title='bbox 695 2098 833 2144; x_wconf 87' lang='lat' dir='ltr'>aliena</span> <span class='ocrx_word' id='word_1_211' title='bbox 859 2109 1014 2144; x_wconf 87' lang='lat' dir='ltr'>natura</span> <span class='ocrx_word' id='word_1_212' title='bbox 1040 2097 1312 2143; x_wconf 84' lang='lat' dir='ltr'>Manichaeus</span> <span class='ocrx_word' id='word_1_213' title='bbox 1341 2113 1491 2144; x_wconf 88' lang='lat' dir='ltr'>verum</span> <span class='ocrx_word' id='word_1_214' title='bbox 1526 2115 1568 2143; x_wconf 89' lang='lat' dir='ltr'>se</span> 
     </span>
     <span class='ocr_line' id='line_1_28' title="bbox 180 2168 572 2228; baseline 0.003 -14"><span class='ocrx_word' id='word_1_215' title='bbox 180 2169 354 2228; x_wconf 86' lang='lat' dir='ltr'>jactitet</span> <span class='ocrx_word' id='word_1_216' title='bbox 378 2169 522 2214; x_wconf 89' lang='lat' dir='ltr'>dicere</span> <span class='ocrx_word' id='word_1_217' title='bbox 537 2168 572 2215; x_wconf 67' lang='lat'>1.</span> 
     </span>
    </p>

    <p class='ocr_par' dir='ltr' id='par_1_5' title="bbox 183 2238 1573 2586">
     <span class='ocr_line' id='line_1_29' title="bbox 251 2238 1563 2304; baseline 0.001 -20"><span class='ocrx_word' id='word_1_218' title='bbox 251 2239 385 2286; x_wconf 79' lang='lat' dir='ltr'>LXV.</span> <span class='ocrx_word' id='word_1_219' title='bbox 413 2240 511 2286; x_wconf 81' lang='lat' dir='ltr'>JUL.</span> <span class='ocrx_word' id='word_1_220' title='bbox 547 2238 630 2285; x_wconf 85' lang='lat' dir='ltr'>Sed</span> <span class='ocrx_word' id='word_1_221' title='bbox 652 2240 768 2296; x_wconf 79' lang='lat' dir='ltr'>iste2,</span> <span class='ocrx_word' id='word_1_222' title='bbox 793 2239 954 2304; x_wconf 86' lang='lat' dir='ltr'>inquis,</span> <span class='ocrx_word' id='word_1_223' title='bbox 973 2238 1116 2285; x_wconf 89' lang='lat' dir='ltr'>noluit</span> <span class='ocrx_word' id='word_1_224' title='bbox 1140 2238 1368 2284; x_wconf 89' lang='lat' dir='ltr'>nominare</span> <span class='ocrx_word' id='word_1_225' title='bbox 1392 2255 1563 2285; x_wconf 85' lang='lat' dir='ltr'>concu-</span> 
     </span>
     <span class='ocr_line' id='line_1_30' title="bbox 184 2309 1570 2375; baseline -0.001 -20"><span class='ocrx_word' id='word_1_226' title='bbox 184 2309 445 2372; x_wconf 87' lang='lat' dir='ltr'>piscentiam</span> <span class='ocrx_word' id='word_1_227' title='bbox 477 2311 617 2356; x_wconf 88' lang='lat' dir='ltr'>carnis</span> <span class='ocrx_word' id='word_1_228' title='bbox 637 2347 647 2366; x_wconf 91' lang='lat'>,</span> <span class='ocrx_word' id='word_1_229' title='bbox 687 2320 801 2357; x_wconf 86' lang='lat' dir='ltr'>tacet</span> <span class='ocrx_word' id='word_1_230' title='bbox 833 2311 937 2375; x_wconf 87' lang='lat' dir='ltr'>quia</span> <span class='ocrx_word' id='word_1_231' title='bbox 970 2309 1136 2374; x_wconf 84' lang='lat' dir='ltr'>pudet3</span> <span class='ocrx_word' id='word_1_232' title='bbox 1172 2326 1222 2355; x_wconf 85' lang='lat' dir='ltr'>ac</span> <span class='ocrx_word' id='word_1_233' title='bbox 1258 2309 1394 2364; x_wconf 87' lang='lat' dir='ltr'>mira,</span> <span class='ocrx_word' id='word_1_234' title='bbox 1422 2309 1456 2355; x_wconf 86' lang='lat' dir='ltr'>si</span> <span class='ocrx_word' id='word_1_235' title='bbox 1481 2309 1570 2355; x_wconf 87' lang='lat' dir='ltr'>dici</span> 
     </span>
     <span class='ocr_line' id='line_1_31' title="bbox 185 2378 1571 2444; baseline 0.001 -19"><span class='ocrx_word' id='word_1_236' title='bbox 185 2390 356 2443; x_wconf 85' lang='lat' dir='ltr'>potest,</span> <span class='ocrx_word' id='word_1_237' title='bbox 382 2380 562 2443; x_wconf 89' lang='lat' dir='ltr'>pudoris</span> <span class='ocrx_word' id='word_1_238' title='bbox 595 2381 869 2444; x_wconf 84' lang='lat' dir='ltr'>impudentia</span> <span class='ocrx_word' id='word_1_239' title='bbox 900 2381 1124 2427; x_wconf 86' lang='lat' dir='ltr'>nominare</span> <span class='ocrx_word' id='word_1_240' title='bbox 1143 2378 1306 2443; x_wconf 85' lang='lat' dir='ltr'>pudet,</span> <span class='ocrx_word' id='word_1_241' title='bbox 1333 2379 1452 2442; x_wconf 91' lang='lat' dir='ltr'>quod</span> <span class='ocrx_word' id='word_1_242' title='bbox 1472 2380 1571 2426; x_wconf 90' lang='lat' dir='ltr'>lau-</span> 
     </span>
     <span class='ocr_line' id='line_1_32' title="bbox 186 2450 1573 2516; baseline -0.001 -20"><span class='ocrx_word' id='word_1_243' title='bbox 186 2450 289 2496; x_wconf 88' lang='lat' dir='ltr'>dare</span> <span class='ocrx_word' id='word_1_244' title='bbox 331 2468 420 2496; x_wconf 91' lang='lat' dir='ltr'>non</span> <span class='ocrx_word' id='word_1_245' title='bbox 460 2450 612 2514; x_wconf 90' lang='lat' dir='ltr'>pudet.</span> <span class='ocrx_word' id='word_1_246' title='bbox 653 2452 907 2516; x_wconf 87' lang='lat' dir='ltr'>«Displicet</span> <span class='ocrx_word' id='word_1_247' title='bbox 937 2452 1069 2513; x_wconf 86' lang='lat' dir='ltr'>igitur</span> <span class='ocrx_word' id='word_1_248' title='bbox 1110 2450 1194 2496; x_wconf 86' lang='lat' dir='ltr'>tibi</span> <span class='ocrx_word' id='word_1_249' title='bbox 1209 2487 1220 2507; x_wconf 95' lang='lat'>,</span> <span class='ocrx_word' id='word_1_250' title='bbox 1246 2450 1348 2513; x_wconf 91' lang='lat' dir='ltr'>quia</span> <span class='ocrx_word' id='word_1_251' title='bbox 1373 2451 1573 2496; x_wconf 90' lang='lat' dir='ltr'>novimus</span> 
     </span>
     <span class='ocr_line' id='line_1_33' title="bbox 183 2521 1571 2586; baseline -0.001 -18"><span class='ocrx_word' id='word_1_252' title='bbox 183 2521 497 2568; x_wconf 85' lang='lat' dir='ltr'>verecundiora</span> <span class='ocrx_word' id='word_1_253' title='bbox 520 2532 688 2576; x_wconf 88' lang='lat' dir='ltr'>nostra,</span> <span class='ocrx_word' id='word_1_254' title='bbox 720 2523 962 2570; x_wconf 89' lang='lat' dir='ltr'>secundum</span> <span class='ocrx_word' id='word_1_255' title='bbox 1002 2521 1291 2586; x_wconf 89' lang='lat' dir='ltr'>Apostolum,</span> <span class='ocrx_word' id='word_1_256' title='bbox 1335 2521 1571 2568; x_wconf 83' lang='lat' dir='ltr'>necessaria</span> 
     </span>
    </p>

    <p class='ocr_par' dir='ltr' id='par_1_6' title="bbox 234 2603 1391 2649">
     <span class='ocr_line' id='line_1_34' title="bbox 234 2603 1391 2649; baseline 0.001 -13"><span class='ocrx_word' id='word_1_257' title='bbox 234 2603 246 2626; x_wconf 83' lang='lat'>¹</span> <span class='ocrx_word' id='word_1_258' title='bbox 264 2603 411 2637; x_wconf 74' lang='lat' dir='ltr'>Ambros.</span> <span class='ocrx_word' id='word_1_259' title='bbox 428 2604 485 2638; x_wconf 84' lang='lat' dir='ltr'>lib.</span> <span class='ocrx_word' id='word_1_260' title='bbox 502 2617 532 2646; x_wconf 90' lang='lat'>7.</span> <span class='ocrx_word' id='word_1_261' title='bbox 551 2605 584 2638; x_wconf 89' lang='lat' dir='ltr'>in</span> <span class='ocrx_word' id='word_1_262' title='bbox 600 2607 676 2639; x_wconf 84' lang='lat' dir='ltr'>Luc.</span> <span class='ocrx_word' id='word_1_263' title='bbox 698 2617 750 2640; x_wconf 69' lang='grc' dir='ltr'>ια.</span> <span class='ocrx_word' id='word_1_264' title='bbox 773 2624 815 2632; x_wconf 87' lang='lat'>--</span> <span class='ocrx_word' id='word_1_265' title='bbox 829 2605 845 2630; x_wconf 84' lang='lat'>2</span> <span class='ocrx_word' id='word_1_266' title='bbox 863 2609 994 2649; x_wconf 79' lang='lat' dir='ltr'>August.</span> <span class='ocrx_word' id='word_1_267' title='bbox 1010 2605 1067 2638; x_wconf 87' lang='lat' dir='ltr'>lib.</span> <span class='ocrx_word' id='word_1_268' title='bbox 1084 2616 1116 2643; x_wconf 76' lang='lat'>2.</span> <span class='ocrx_word' id='word_1_269' title='bbox 1139 2604 1179 2637; x_wconf 83' lang='lat' dir='ltr'>de</span> <span class='ocrx_word' id='word_1_270' title='bbox 1192 2605 1291 2648; x_wconf 74' lang='lat' dir='ltr'>Nupt.</span> <span class='ocrx_word' id='word_1_271' title='bbox 1314 2613 1340 2636; x_wconf 85' lang='lat' dir='ltr'>e.</span> <span class='ocrx_word' id='word_1_272' title='bbox 1360 2614 1391 2646; x_wconf 76' lang='lat'>7.</span> 
     </span>
    </p>
   </div>
  </div>
 </body>
</html>
