1824 3236
190 258 347 290 orfitus
387 257 649 289 invitassem
686 256 860 287 coa'rttA
895 258 1138 300 anulinum,
1180 261 1266 292 tin.
1309 262 1367 292 w.
1423 245 1514 294 513

145 333 243 370 tuus
263 340 352 370 non
375 326 513 370 essct?
539 322 625 369 Sed
652 321 782 385 plane
802 323 928 369 illum
949 342 1036 370 non
1058 325 1168 372 mori
1193 326 1383 390 potuisse
1405 345 1515 391 pro-

142 394 310 441 nuntio.
342 394 474 441 Aliud
491 404 552 440 est
577 404 720 440 autem
740 410 827 439 non
850 411 972 457 posse
992 397 1128 454 mori,
1152 397 1271 443 aliud
1290 414 1415 461 posse
1428 416 1515 445 non

142 465 281 520 mori3
308 466 420 512 illud
453 464 627 525 majoris
659 475 720 511 est
749 464 1086 513 immortalitatis
1103 504 1114 524 ,
1142 468 1228 514 hoc
1255 469 1445 515 minoris.
1472 470 1520 516 Si

142 535 231 582 duo
251 536 330 583 ista
347 535 552 582 discernis
567 573 578 591 ,
605 545 647 581 et
665 535 786 599 quod
813 553 887 583 vos
910 537 963 582 de
985 538 1124 583 Adam
1143 537 1310 595 dicitis,
1333 551 1375 585 et
1393 540 1516 604 quod

142 624 220 654 nos
245 617 396 654 contra
419 623 497 654 vos
529 605 717 653 dicimus
734 643 746 664 ‚
775 607 928 654 cernis.
959 608 1044 654 Vos
1075 610 1188 654 enim
1213 608 1357 656 dicitis
1373 644 1386 665 ‚
1419 610 1518 657 Sive

140 689 358 743 peccaret,
374 678 463 727 sive
478 696 567 726 non
582 689 784 743 peccaret
801 716 812 736 ,
835 680 1073 726 moriturus
1091 692 1197 727 esset
1215 699 1226 725 ε
1266 699 1343 728 nos
1367 693 1513 730 autem

142 747 346 808 dicimus,
360 749 568 809 Quandiu
586 766 675 796 non
692 760 921 814 peccaret,
944 750 1179 798 moriturus
1204 768 1292 799 non
1315 764 1451 809 esset;
1475 766 1519 802 et

141 818 177 865 si
203 835 428 885 nunquam
454 831 695 885 peccasset,
718 831 916 868 mortuus
935 838 1023 868 non
1041 832 1162 869 esset.

207 890 375 937 Deinde
410 908 722 938 commemoras
755 908 855 956 quae
878 903 1029 939 contra
1050 909 1128 940 vos
1163 891 1216 939 de
1253 893 1406 941 Genesi
1431 894 1520 944 dici

142 960 329 1021 soleant3
349 973 393 1009 et
415 961 468 1009 de
487 962 636 1010 dolore
652 964 861 1027 parientis
879 1001 890 1021 ,
917 980 1004 1028 qua
1026 980 1161 1028 poena
1182 963 1304 1028 prior
1314 967 1406 1013 Eva
1428 984 1519 1031 pu-

142 1032 234 1079 nita
250 1043 326 1091 est,
351 1033 462 1081 dicis
479 1034 647 1099 aliquid
664 1072 674 1091 ‚
702 1035 823 1099 quod
843 1052 921 1082 nos
944 1035 1087 1082 dicere
1103 1036 1167 1082 vis
1182 1036 1331 1099 putari
1350 1038 1416 1084 vel
1431 1056 1519 1102 pu—

143 1113 221 1152 tas.
250 1105 351 1151 Non
371 1105 488 1152 enim
511 1105 699 1153 dicimus
717 1143 728 1164 ,
755 1124 843 1153 non
868 1106 998 1153 fuisse
1020 1107 1065 1153 in
1085 1106 1297 1171 pariendo
1319 1107 1520 1157 foeminas

142 1174 385 1234 dolituras,
427 1176 510 1223 nisi
545 1177 601 1223 ad
641 1195 710 1224 eas
749 1194 851 1224 cum
878 1188 1060 1242 peccato
1090 1178 1195 1225 Evae
1222 1179 1524 1228 foecunditatis

141 1245 258 1292 illius
281 1263 478 1294 aerumna
507 1249 726 1295 transisset
751 1266 762 1294 ε
790 1266 892 1295 cum
920 1249 975 1295 ad
999 1266 1067 1295 eas
1092 1266 1181 1295 non
1204 1248 1520 1310 foecunditatis,

142 1316 227 1364 sed'
246 1318 491 1383 iniquitatis
528 1336 726 1367 aerumna
764 1320 993 1368 transierit.
1042 1321 1135 1366 Etsi
1170 1320 1283 1366 enim
1318 1321 1431 1368 facta
1461 1333 1526 1369 est

143 1403 390 1436 aerumnosa
425 1389 724 1446 foecunditas;
766 1391 1000 1454 iniquitas,
1032 1408 1120 1437 non
1150 1390 1415 1438 foecunditas
1440 1393 1528 1440 hoc

140 1458 275 1506 fecit:
308 1477 504 1508 aerumna
530 1461 699 1526 quippe
730 1462 940 1526 parientis
965 1480 1011 1508 ex
1043 1461 1272 1526 iniquitate
1303 1462 1490 1509 hominis
1511 1499 1523 1517 ‚

139 1528 405 1578 foecunditas
439 1542 582 1579 autem
607 1549 653 1578 ex
685 1533 762 1579 Dei
792 1533 1095 1580 benedictione
1117 1533 1354 1580 descendit.
1382 1537 1472 1580 Aut
1493 1535 1527 1580 si

139 1616 382 1649 aerumnam
421 1600 725 1650 foecunditatis
766 1620 851 1649 non
888 1603 950 1650 sic
974 1602 1157 1663 intelligi
1180 1602 1382 1660 voluisti,
1422 1615 1522 1650 tan-

138 1688 273 1735 quam
303 1690 398 1719 eam
429 1672 700 1720 foecunditas
735 1672 911 1730 fecerit,
940 1673 1012 1720 sed
1042 1673 1285 1737 acceperit3
1325 1674 1424 1721 haec
1460 1687 1522 1722 est

136 1753 282 1790 nostra
300 1745 525 1792 sententia.
552 1744 715 1791 Verum
749 1761 825 1790 nos
849 1762 938 1791 non
963 1744 1152 1791 dicimus
1176 1744 1302 1789 etiam
1319 1745 1365 1791 in
1384 1764 1518 1810 para·-

136 1812 230 1860 diso
255 1814 473 1878 parientes
489 1815 698 1861 foeminas
724 1814 854 1861 fuisse
877 1815 1088 1861 dolituras
1112 1832 1122 1859 ε
1153 1814 1240 1860 imo
1263 1814 1364 1862 inde
1391 1819 1516 1866 colli-

136 1883 277 1943 gimus
296 1885 419 1931 hunc
438 1884 636 1931 dolorem
658 1902 838 1949 poenam
857 1902 944 1931 esse
962 1885 1150 1949 peccati,
1170 1884 1274 1948 quia
1293 1885 1338 1931 in
1352 1903 1401 1933 eo
1418 1888 1516 1937 loco

133 1971 224 2000 non
238 1954 388 2002 fuisset
403 1992 414 2015 ,
431 1955 511 2002 ubi
538 1973 624 2001 non
653 1956 894 2002 sinerentur
918 1972 1092 2002 manere
1117 1955 1386 2021 quicumque
1402 1977 1513 2023 pec-

133 2036 300 2073 cassent
317 2023 333 2072 :¹
351 2025 472 2091 quod
491 2037 541 2072 tu
556 2026 740 2073 refutare
754 2044 842 2073 non
860 2027 1027 2084 niteris,
1044 2025 1126 2072 nisi
1145 2025 1224 2072 Dei
1240 2028 1506 2091 paradisum,

133 2113 266 2144 manu
287 2097 422 2144 fronti
440 2097 642 2161 opposita
668 2108 709 2144 et
749 2097 886 2144 oculis
915 2097 1089 2155 clausiS,
1111 2113 1200 2143 non
1225 2097 1362 2144 solum
1401 2100 1508 2148 libi—

131 2166 310 2215 dinibus
333 2168 564 2215 hominum
584 2206 595 2226 ,
627 2169 911 2215 verumetiam
937 2167 1204 2215 cruciatibus
1226 2167 1408 2232 implere
1426 2189 1506 2218 co-

129 2240 255 2300 garis.
284 2240 370 2288 Sed
398 2240 507 2306 quid
530 2241 725 2287 mirum?
756 2240 936 2306 quando
971 2239 1151 2304 implere
1172 2240 1235 2287 vis
1263 2241 1389 2288 illum
1411 2261 1505 2291 me-

127 2310 353 2357 morabilis
387 2310 604 2358 felicitatis
645 2311 792 2358 locum
830 2311 961 2358 etiam
995 2311 1210 2357 mortibus
1241 2311 1467 2362 hominum
1488 2353 1501 2373 ‚

126 2398 314 2446 quarum
332 2382 422 2429 sine
443 2382 590 2447 aliquo
611 2383 809 2447 corporis
827 2383 1043 2439 cruciatu,
1068 2382 1134 2429 vel
1152 2382 1289 2440 nulla,
1310 2385 1375 2431 vel
1396 2405 1506 2450 pene

126 2453 246 2500 nulla
272 2453 502 2515 contingit.
546 2455 602 2500 Et
639 2471 740 2500 cum
774 2454 873 2500 haec
911 2464 1113 2518 portenta
1144 2463 1186 2500 te
1210 2454 1353 2501 dicere
1383 2467 1507 2505 tuum

126 2522 286 2583 dogma
312 2523 582 2589 compellat3
612 2541 711 2580 cos,
741 2525 819 2588 qui
850 2524 949 2571 haec
980 2525 1094 2571 absit
1119 2535 1166 2570 ut
1198 2525 1370 2584 dicant,
1404 2530 1507 2593 quia

123 2592 233 2640 illud
262 2596 411 2659 potius
464 2595 707 2660 antiquitus
738 2594 943 2641 Ecclesia·
980 2596 1058 2643 Dei
1084 2595 1294 2646 traditum
1327 2609 1470 2646 tenent
1493 2636 1504 2658 ,

253 2686 392 2717 cxmv.
1312 2673 1371 2717 33
