1863 3262
189 296 347 328 OPERIS
382 295 644 328 IMPERFECTI
681 295 859 328 CONTRA
894 295 1141 335 JULIANUM,
1180 295 1269 326 LIB.
1312 295 1386 325 111.
1492 281 1520 326 5

144 362 335 423 corrige,
360 372 435 408 aut
455 361 509 408 ad
529 362 617 408 hoc
636 361 963 407 defendendum
989 360 1133 405 desine
1165 360 1367 407 divinum
1400 360 1521 406 auxi-

145 433 251 479 lium
268 433 502 497 postulare.

208 505 266 550 11.
293 505 525 550 JULiANUS.
563 507 708 549 «Cum
745 503 791 548 in
831 502 975 565 primo
1021 500 1243 547 volumine
1282 500 1526 563 perspicuis

150 574 478 620 definitionibus
494 574 770 629 constitisset,
793 576 935 618 Deum
950 573 1184 632 itajustum
1199 588 1302 624 esse,
1319 582 1365 615 ut
1377 572 1410 616 si
1424 587 1527 633 pro-

146 643 243 689 bari
255 647 550 707 possetJustus
579 661 667 689 non
689 660 793 699 esse,
825 644 1156 688 convinceretur
1174 642 1286 686 Deus
1306 657 1392 685 non
1410 658 1496 685 csse
1514 661 1526 694 ;

148 729 336 777 cumque
354 730 484 777 super
521 714 608 759 hoc
640 713 908 758 remansisset
944 713 1063 758 nulla
1091 711 1328 765 dubitatio,
1372 710 1531 756 claruit

148 783 276 829 etiam
297 785 512 844 J'ustitiam
537 784 651 830 nihil
667 801 752 830 esse
776 783 893 829 aliud
911 801 1042 843 quam
1071 782 1276 828 virtutem
1302 798 1528 844 nunquam

149 853 389 918 quidquam
413 855 560 918 inique
580 854 871 914 judicantem,
900 853 1010 898 nihil
1033 853 1179 916 inique
1198 851 1444 905 facientem,
1461 850 1535 896 sed

150 924 400 970 reddentem
417 942 492 971 sua
514 926 749 988 unicuique
764 926 853 970 sine
873 924 1043 979 fraude,
1069 923 1158 969 sine
1179 922 1335 983 gratia,
1373 921 1419 966 id
1453 932 1532 977 est,

151 994 240 1041 sine
264 1013 548 1059 personarum
568 995 863 1058 acceptione.»

218 1066 332 1112 ABG.
360 1086 380 1107 «
402 1066 503 1112 Sine
524 1065 695 1122 fraude,
727 1087 746 1107 n
767 1082 916 1111 verum
932 1064 1064 1117 dicis;
1081 1081 1134 1108 ne
1156 1061 1537 1125 puniaturimme-

151 1135 260 1181 ritus
287 1153 298 1181 ε
341 1157 362 1178 ε(
396 1137 496 1182 Sine
528 1137 663 1196 gratia
691 1158 711 1178 »
737 1153 840 1182 vero
875 1136 908 1180 si
931 1135 1100 1194 justitia
1133 1133 1213 1178 Dei
1241 1143 1375 1187 esset,
1414 1147 1535 1176 nun-

154 1223 285 1271 quam
306 1208 507 1254 Christus
530 1225 610 1271 pro
636 1208 799 1271 impiis,
821 1206 864 1252 id
886 1216 965 1260 est,
992 1222 1074 1268 pro
1096 1204 1207 1249 nihil
1227 1203 1331 1248 boni
1356 1213 1397 1247 et
1419 1202 1539 1246 mul-

155 1288 250 1322 tum
267 1277 370 1322 mali
387 1278 651 1322 merentibus
668 1288 863 1322 mortuus
874 1276 1054 1321 fuisset?
1074 1290 1299 1335 nunquam
1320 1283 1540 1335 postremo

154 1347 378 1411 parvulos,
408 1364 595 1411 quorum
635 1347 756 1392 nulla
792 1347 909 1392 bona
934 1362 1065 1408 opera
1110 1343 1396 1405 voluntasque
1420 1359 1543 1405 prae—

156 1418 295 1474 cessit,
323 1418 367 1463 in
386 1434 513 1463 suum
532 1435 714 1477 regnum
740 1416 1005 1480 adoptasset,
1041 1431 1119 1459 nec
1145 1414 1188 1458 in
1225 1412 1376 1458 eadem
1408 1428 1538 1457 causa

156 1487 263 1534 alios
291 1488 497 1551 parvulos
519 1488 710 1548 ejusdem
741 1487 861 1548 regni
902 1484 1240 1550 participatione
1263 1482 1535 1527 fraudasset:

157 1580 179 1600 «
208 1559 298 1615 Qui
321 1575 546 1623 nunquam
577 1559 725 1622 inique
745 1558 934 1618 judicat,
963 1555 1074 1601 nihil
1096 1554 1243 1616 inique
1258 1553 1381 1608 facit,
1409 1563 1450 1597 et
1469 1569 1546 1597 sua

159 1630 398 1694 unicuique
413 1630 502 1676 sine
518 1629 670 1676 fraude
684 1629 844 1676 reddit.
866 1651 886 1670 ›>
904 1630 1098 1688 Agnosce
1112 1643 1210 1685 ergo
1229 1624 1432 1688 parvulos
1444 1641 1545 1669 vasa

158 1702 204 1747 in
219 1701 434 1747 honorem
458 1718 536 1765 per
556 1702 756 1762 gratiam,
779 1700 854 1763 qui
879 1707 1159 1745 assumuntur
1178 1696 1223 1741 in
1246 1695 1325 1740 Dei
1338 1710 1544 1754 regnum;

159 1782 202 1817 et
226 1771 329 1817 alios
347 1771 555 1835 parvulos
579 1771 715 1835 quiin
739 1771 863 1817 illum
881 1770 1093 1815 honorem
1125 1783 1214 1811 non
1241 1775 1542 1820 assumuntur,

162 1858 260 1889 vasa
275 1842 320 1888 in
341 1837 652 1888 contumeliam
667 1859 746 1905 per
767 1840 1017 1902 judicium:
1045 1848 1087 1883 et
1102 1836 1275 1882 tandem
1303 1833 1541 1898 aliquando

167 1930 222 1958 ne
248 1913 449 1976 iniquum
467 1913 599 1959 facias
631 1915 792 1966 Deum,
827 1912 1032 1958 confitere
1057 1907 1268 1967 originale
1289 1915 1541 1969 peccatum.

229 1983 313 2029 ΙΙΙ.
338 1983 438 2029 JUL.
465 2004 485 2024 «
512 1984 617 2042 Ejus
659 1993 801 2027 autem
844 1980 1018 2027 virtutis
1054 1989 1160 2023 tunc
1195 1987 1391 2022 constare
1411 1975 1550 2019 ratio—

163 2068 281 2107 nem,
307 2051 343 2097 si
363 2051 534 2097 nullum
566 2051 846 2097 subditorum
870 2049 1075 2113 puniret,
1118 2046 1199 2092 nisi
1223 2061 1304 2108 pro
1325 2044 1394 2090 his
1410 2044 1551 2090 delic-

162 2122 237 2179 tis,
259 2138 362 2186 quae
388 2122 624 2168 constabat
648 2122 783 2167 libera
807 2121 1031 2167 voluntate
1052 2117 1295 2165 commissa.
1324 2136 1344 2157 »

233 2194 347 2240 AUG.
371 2193 426 2238 Et
446 2192 557 2239 illud
584 2193 719 2238 libera
740 2192 964 2239 voluntate
983 2188 1266 2236 commissum
1294 2196 1356 2231 est
1378 2188 1487 2245 ejus,
1505 2185 1552 2230 in

164 2280 254 2328 quo
279 2273 435 2309 natura
453 2263 647 2310 humana
667 2263 873 2308 damnata
891 2272 971 2319 est,
998 2278 1046 2307 ex
1075 2276 1162 2323 qua
1186 2256 1388 2302 homines
1419 2255 1550 2300 dam-

167 2334 334 2380 nationi
373 2345 614 2380 nascuntur
649 2334 851 2387 obnoxii,
879 2333 958 2378 nisi
991 2338 1275 2377 renascantur
1309 2327 1355 2372 in
1381 2343 1449 2379 eo,
1476 2325 1554 2389 qui

168 2421 258 2450 non
295 2415 358 2450 est
389 2416 516 2451 natus
556 2405 782 2452 obnoxius.
814 2405 911 2450 Hoc
933 2403 1091 2463 dogma
1112 2398 1402 2446 christianum
1425 2396 1557 2443 vultis

169 2475 304 2522 everti
330 2475 433 2522 :sed
445 2475 521 2522 illo
539 2486 677 2522 stante
690 2492 765 2523 vos
791 2473 1050 2522 evertimini.

238 2548 312 2595 IV.
344 2548 480 2596 «Jun.
514 2549 604 2595 Nec
643 2565 695 2594 ea
730 2547 989 2594 hominibus
1029 2542 1327 2609 praeciperet,
1354 2554 1454 2603 quae
1477 2554 1555 2602 per
