1863 3262
348 194 440 259 278
773 212 807 241 s.
853 211 1095 242 AUGUSTINI
1136 214 1338 244 liviscor}

342 298 363 318 >³
375 275 488 330 ni313
508 275 643 340 »quia
656 293 743 327 non
758 276 834 326 bic
853 289 1031 340 peccata
1048 278 1278 324 hominum
1303 290 1586 344 posteaquam
1603 299 1728 329 usum

344 358 575 411 coeperunt
591 347 756 397 babere
777 349 973 406 rationis,
1003 361 1052 395 ut
1086 362 1132 396 tu
1172 350 1391 407 alienaris,
1419 352 1492 397 sed
1525 353 1732 413 originale

346 429 575 481 peccatum
589 418 768 478 intelligi
789 419 952 474 voluit3
972 421 1080 484 quid
1102 421 1204 467 alibi
1225 421 1341 467 dicat
1357 422 1549 469 attende‘2
1566 441 1576 469 :
1596 445 1613 464 «
1628 425 1732 469 Jor-

344 510 366 531 »
387 488 528 544 danis,
540 489 702 552 inquit,
715 506 945 536 conversus
956 491 1227 547 retrorsum3,
1238 514 1255 532 ι
1269 492 1528 552 significavit
1539 494 1735 544 salutaris

344 581 366 602 >>
389 559 554 611 lavacri
576 559 723 606 futura
747 562 967 623 mysteria,
1001 580 1079 626 per
1103 580 1203 626 quae
1234 563 1279 608 in
1305 564 1547 626 primordia
1567 576 1736 611 naturae

343 652 363 671 ›>
390 647 497 686 suae,
520 631 596 695 qui
614 631 825 694 baptizati
843 632 1018 688 fuerint,
1044 633 1219 696 parvuli
1240 651 1263 678 a
1300 633 1461 680 malitia
1489 634 1736 681 reforman-

349 721 369 741 »
395 710 480 746 tur.
511 722 532 742 »
558 701 657 757 Dic,
688 701 879 757 Juliane‚
904 721 926 746 a
947 720 1034 765 qua
1058 702 1224 747 malitia
1245 724 1256 756 ;
1286 703 1319 752 Si
1341 721 1430 749 non
1449 705 1629 751 trahunt
1649 706 1737 751 ori-

346 770 486 831 ginale
522 782 770 835 peccatum.
806 773 923 818 Audi
965 773 1112 818 adhuc
1144 774 1226 819 atio
1274 774 1372 820 loco
1398 792 1409 819 :
1446 796 1465 816 «
1499 776 1596 821 Non
1624 777 1738 822 enim

346 863 367 883 »
391 841 526 890 virilis
544 849 703 896 coitus,
721 843 910 906 inquit&
929 844 1072 889 vulvae
1093 843 1316 903 virginalis
1331 856 1490 891 secreta
1515 846 1736 902 reseravit,

347 934 368 954 »
391 913 464 962 sed
483 913 814 964 immaculatum
831 930 972 963 semen
994 913 1241 959 inviolabili
1259 925 1381 960 utero
1403 915 1597 978 Spiritus
1621 933 1742 961 sanc-

350 1005 370 1023 »
397 994 465 1028 tus
491 983 668 1029 infudit.
702 984 829 1033 Solus
853 985 965 1030 enim
992 1002 1070 1047 per
1090 984 1235 1029 onmia
1262 1002 1309 1030 ex
1326 988 1440 1031 natis
1473 985 1526 1031 de
1560 985 1742 1032 foemina

349 1074 370 1099 ,>)
394 1063 568 1102 sanctus
586 1055 802 1103 Dominus
815 1054 954 1111 jesus,
969 1055 1045 1116 qui
1068 1065 1248 1104 terrenae
1262 1056 1462 1116 contagia
1479 1057 1744 1119 corruptelae

351 1146 372 1166 »
398 1124 669 1175 immaculati
687 1125 879 1174 novitate
896 1136 1048 1188 partus
1071 1143 1159 1174 nou
1182 1127 1376 1182 senserit,
1400 1138 1441 1172 et
1461 1127 1627 1173 coelesti
1656 1145 1745 1177 ma-

351 1216 370 1236 »
390 1198 544 1254 jestate
565 1194 795 1259 depulerit.
817 1219 835 1239 υ
850 1196 1102 1260 Responde,
1130 1196 1322 1252 Juliaue,
1349 1214 1451 1261 quae
1463 1198 1743 1246 sintterrenae

351 1268 550 1327 contagia
570 1267 852 1331 corrnptclae,
870 1285 970 1331 quae
994 1267 1107 1313 solus
1131 1285 1177 1313 ex
1196 1268 1310 1313 natis
1331 1268 1384 1314 de
1400 1268 1581 1317 foemina
1598 1270 1747 1317 Domi-

352 1355 434 1384 nus
455 1341 574 1387 Jesus
608 1338 877 1388 immaculati
902 1340 1093 1388 novitate
1111 1349 1264 1402 partus
1283 1357 1370 1385 non
1394 1340 1554 1385 sensit?
1583 1339 1745 1387 Adhuc

353 1408 455 1454 audi
476 1427 486 1454 ι
510 1430 528 1449 «
555 1412 808 1473 Antequam
839 1410 1079 1465 nascimur,
1099 1410 1261 1472 inquit,
1293 1410 1566 1455 maculamur
1587 1420 1746 1455 conta—

350 1479 420 1539 gio
439 1497 449 1524 :
469 1480 705 1543 »Etpaulo
727 1490 825 1542 post
853 1497 863 1525 ε
887 1501 906 1521 «
929 1481 982 1526 Et
1002 1480 1036 1526 si
1056 1497 1134 1525 nec
1158 1481 1300 1529 unius,
1322 1480 1490 1543 inquit,
1506 1480 1588 1526 diei
1604 1479 1746 1525 infans

350 1550 442 1599 Sine
457 1560 657 1613 peccato,
688 1550 828 1597 multo
850 1550 985 1610 magis
1012 1568 1090 1595 nec
1113 1550 1176 1596 illi
1203 1551 1386 1596 materni
1406 1562 1645 1614 conceptus
1657 1551 1746 1597 dies

349 1621 438 1667 sine
452 1631 632 1683 peccato
646 1631 760 1667 sunt.
782 1621 921 1667 Multa
934 1621 1069 1681 hujus
1083 1621 1184 1675 viri,
1200 1638 1330 1684 quem
1344 1622 1433 1667 sani
1445 1622 1602 1684 capitis
1618 1621 1746 1667 fuisse

355 1690 575 1740 confessus
594 1708 654 1747 eS‚
679 1691 780 1740 talia
808 1708 1149 1738 commemorare
1171 1708 1348 1755 possum
1366 1692 1384 1720 5
1407 1710 1416 1736 :
1456 1692 1530 1737 sed
1559 1693 1630 1737 cui
1658 1708 1745 1736 non

353 1761 575 1808 sufficiunt
595 1762 694 1815 ista,
725 1762 833 1825 quid
853 1762 1045 1812 sufficit?
1074 1764 1134 1808 Ex
1165 1763 1234 1808 his
1253 1780 1353 1823 ergo
1379 1763 1587 1822 intellige,
1614 1780 1745 1825 quam

352 1849 442 1877 non
462 1832 612 1878 sinaris
633 1833 763 1878 etiam
789 1832 880 1889 illa,
912 1833 1026 1881 sicut
1054 1849 1096 1878 es
1125 1844 1324 1888 conatus,
1349 1833 1394 1878 in
1421 1833 1553 1880 alium
1574 1850 1745 1878 sensum

354 1902 612 1967 detorquere
643 1914 770 1967 atque
788 1914 1052 1967 pervertere,
1077 1921 1177 1967 quae
1195 1904 1303 1949 dixit
1328 1905 1584 1949 Ambrosius
1604 1903 1658 1948 de
1677 1904 1746 1948 his

353 1973 427 2036 qui
442 1984 681 2019 nascuntur
700 1992 780 2038 per
800 1974 1150 2026 commixtionem
1172 1991 1426 2038 corporum,
1455 1991 1544 2020 non
1564 1991 1745 2034 arguens

356 2045 436 2089 Dei
455 2055 719 2101 creaturam,
749 2045 823 2090 sed
848 2045 1057 2105 originale
1083 2056 1327 2109 peccatum.

422 2114 543 2171 Quid
564 2115 672 2165 mihi
691 2115 894 2165 obtendis
921 2116 1238 2179 Hieronymum
1274 2120 1399 2175 cujus
1434 2133 1501 2161 me
1524 2114 1743 2161 convicia-

351 2185 408 2231 ris
428 2185 650 2240 asseclam,
679 2185 732 2231 de
757 2189 882 2245 cujus
901 2186 1046 2235 verbis
1065 2186 1185 2236 nulla
1205 2203 1322 2232 nunc
1337 2186 1521 2249 quaestio
1537 2195 1623 2231 est:
1646 2202 1747 2248 quie

359 2267 500 2305 tamen
513 2256 648 2305 verba
663 2255 697 2301 si
716 2257 944 2320 posuisses,
971 2267 1047 2302 aut
1066 2274 1114 2302 ea
1137 2274 1224 2307 non
1262 2257 1426 2302 habere
1442 2256 1561 2320 quod
1587 2256 1742 2319 displi-

357 2343 453 2379 cere
496 2325 676 2376 deberet
700 2326 971 2377 ostenderem
989 2327 1026 2383 6,
1058 2338 1133 2375 aut
1156 2326 1568 2387 intelligentioribus
1609 2344 1744 2390 expo-

410 2442 582 2474 ¹Ambros.
601 2441 634 2473 in
653 2442 722 2472 lsai.
739 2459 784 2465 —
803 2440 818 2463 ²
844 2442 916 2476 Lib,
942 2454 969 2474 1.
991 2442 1022 2473 iu
1041 2445 1116 2474 Luc.
1136 2455 1166 2479 1,
1183 2444 1235 2474 36.
1255 2461 1300 2466 —
1318 2439 1332 2464 3
1355 2443 1436 2474 Psal.
1454 2454 1549 2479 extu,
1571 2445 1600 2475 3.
1615 2461 1660 2466 —
1678 2441 1692 2464 ⁴
1712 2447 1747 2474 In

356 2499 438 2537 illud
453 2501 546 2529 Lucre
559 2509 586 2530 c.
603 2510 632 2528 2.
652 2499 756 2528 Omne
774 2499 1002 2535 masculinnm,
1025 2507 1086 2529 etc.
1110 2517 1153 2522 —
1173 2497 1187 2520 5
1208 2502 1246 2531 Iu
1267 2499 1411 2542 apologta
1431 2498 1545 2532 David,
1568 2510 1599 2531 c.
1630 2510 1681 2532 ιι,
1703 2516 1749 2521 -

359 2550 374 2572 ⁶
388 2552 473 2583 vade
494 2552 550 2584 lib.
574 2562 600 2582 1.
618 2551 731 2594 prioris
752 2553 858 2595 operis
878 2551 910 2583 in
928 2552 992 2585 Jul.
1006 2565 1036 2583 v.
1061 2554 1077 2583 3
1105 2559 1136 2584 et
1156 2560 1186 2588 4.
