1863 3262
181 279 336 311 OPERIS
376 277 636 310 IMPERFECTI
674 276 847 307 CONTRA
884 276 1129 318 JULIANJJM,
1170 279 1256 309 LlB.
1299 279 1367 308 111.
1417 278 1504 326 119

192 348 304 392 Aue.
337 343 546 403 Convicia
575 354 675 388 sunt
694 342 791 397 ista,
813 358 894 387 nec
913 342 1101 398 urbana,
1120 343 1194 388 sed
1212 359 1337 390 vana.

191 416 413 462 CLXXII.
437 419 530 460 JUL.
554 414 594 475 (α
611 414 760 458 Manes
775 412 1106 475 apostoluslesu
1126 413 1291 459 Christi
1304 413 1406 460 filiae
1418 413 1507 459 Me-

126 486 269 532 noch:
289 483 438 531 Gratia
453 483 532 529 tibi
550 483 714 529 etsalus
727 501 750 528 a
768 484 854 528 Deo
866 493 1031 538 nostro,
1046 483 1123 546 qui
1135 494 1197 528 est
1211 501 1254 529 re
1272 500 1371 530 vera
1380 490 1506 530 Verus

126 555 504 612 Deus‚tribuatur‚
518 554 696 618 ipseque
708 563 827 599 tuam
839 564 1026 599 mentem
1039 553 1508 614 illustret,etJ'ustitiam

126 643 246 672 Suam
266 626 440 671 tibimet
467 624 642 680 revelet,
671 624 774 688 quia
792 641 835 669 es
860 623 1022 670 divinae
1045 623 1191 687 stirpis
1218 623 1399 672 fructus.
1418 628 1432 685 )
1451 625 1507 671 Et

123 707 222 760 post
241 714 401 760 pauca,
417 697 526 756 (Per
541 713 649 759 quos
668 706 710 741 et
734 705 781 740 tu
804 695 1050 759 splendida,
1074 695 1235 758 inquit,
1262 695 1432 741 reddita
1444 712 1503 752 es,

124 766 395 827 agnoscendo
419 765 604 830 qualiter
626 766 747 829 prius
758 764 890 811 fueris
915 782 962 811 ex
976 782 1065 829 quo
1081 783 1233 826 genere
1260 767 1504 813 animarum

123 837 407 894 emanaveris,
427 836 548 901 quod
567 848 629 883 est
642 835 872 883 confusum
891 837 1094 882 omnibus
1106 838 1367 901 corporibus
1381 848 1425 884 et
1436 855 1500 886 sa-

124 908 326 971 poribus,
349 919 392 954 et
412 908 641 971 speciebus
671 908 800 955 variis
826 907 1033 954 cohaeret.
1062 908 1175 954 Nam
1207 909 1319 955 sicut
1344 909 1501 954 animae

122 979 360 1038 gignuntur
373 979 430 1024 ab
444 978 691 1034 animabm,
708 978 768 1024 ita
785 979 1041 1039 figmentum
1057 980 1253 1043 corporis
1273 998 1296 1026 a
1308 979 1504 1043 corporis

121 1060 275 1096 natura
291 1049 512 1110 digeritur.
540 1049 672 1106 Quod
683 1067 782 1111 ergo
796 1050 990 1096 nascitur
1006 1050 1060 1096 de
1078 1067 1224 1108 carne,
1240 1068 1340 1097 caro
1355 1062 1417 1096 est
1433 1071 1445 1105 ;
1461 1061 1504 1096 et

121 1120 242 1184 quod
267 1120 322 1166 de
356 1121 532 1184 spiritu,
559 1121 736 1184 spiritus
760 1132 853 1168 est:
889 1122 1094 1184 spiritum
1132 1133 1277 1168 autem
1318 1122 1507 1168 animam

121 1190 326 1251 intellige,
351 1192 493 1237 anima
516 1191 569 1237 de
588 1192 749 1248 anima,
775 1209 876 1238 caro
895 1192 947 1238 de
971 1210 1113 1239 carne.
1136 1193 1153 1256 )
1172 1214 1192 1235 >)

187 1268 303 1309 Auo.
336 1263 382 1308 Si
404 1262 549 1308 dicam
573 1263 654 1307 tibi
682 1263 808 1308 istam
828 1263 1064 1308 Manichaei
1077 1263 1304 1326 epistolam
1325 1280 1393 1308 me
1413 1280 1506 1309 om-

119 1333 222 1379 nino
242 1334 404 1379 nescire
420 1369 432 1389 ‚
461 1332 662 1396 quamvis
679 1349 830 1379 verum
845 1333 1009 1388 dicam,
1028 1336 1205 1380 omnino
1224 1348 1314 1380 non
1327 1334 1474 1380 eredes
1488 1372 1500 1391 ,

119 1413 162 1448 et
191 1420 382 1459 mecum,
404 1413 452 1448 ut
476 1402 599 1458 soles,
640 1420 751 1449 vana
774 1403 1040 1481 loquacitate
1074 1405 1323 1452 contendes
1359 1405 1445 1451 Sed
1468 1405 1505 1452 si

119 1473 208 1519 hoc-
230 1440 650 1528 dixitManiel1ae1is,
677 1473 786 1537 quid
813 1475 974 1520 mirum
999 1486 1062 1521 est
1082 1476 1201 1539 quod
1225 1494 1266 1522 se
1289 1478 1381 1541 ipse
1401 1476 1505 1522 des·-

121 1545 283 1591 truxit‘?
304 1545 349 1590 Si
365 1545 479 1590 enim
502 1543 614 1589 sicut
634 1509 826 1590 lioniinis
851 1562 971 1601 caro,
992 1546 1122 1591 etiam
1140 1546 1332 1592 hominis
1357 1547 1504 1593 anima

119 1616 311 1662 nascitur
328 1616 415 1661 sive
436 1616 552 1661 bona
577 1615 664 1660 sive
683 1615 824 1672 rnala3
844 1616 954 1662 duas
977 1616 1093 1663 enim
1114 1618 1244 1664 simul
1264 1618 1428 1665 animas
1453 1618 1499 1664 in

118 1687 297 1733 homine
311 1703 399 1732 uno
416 1703 502 1732 esse
527 1685 730 1742 delirant,
755 1703 886 1732 unam
908 1686 1087 1745 malam,
1110 1688 1288 1734 alteram
1316 1691 1497 1745 bonam3

118 1757 173 1804 de
203 1759 290 1804 suis
330 1757 562 1821 principiis
604 1756 782 1802 diversis
824 1768 1102 1804 emanantes:
1125 1758 1159 1805 si
1184 1777 1284 1820 ergo
1308 1761 1504 1807 nascitur

120 1828 279 1882 anima,
304 1828 481 1892 quando
502 1827 694 1874 nascitur
708 1845 837 1884 earo;
871 1828 1070 1892 profecto
1092 1847 1171 1876 nec
1201 1830 1315 1877 mala
1347 1831 1422 1878 illa
1441 1842 1503 1878 est

119 1899 211 1945 Deo
228 1909 459 1956 coaeterna,
485 1915 565 1944 nee
580 1909 732 1944 contra
746 1899 969 1962 principes
990 1900 1267 1946 tenebrarum
1282 1901 1417 1958 bona,
1446 1903 1501 1948 si·

119 1979 194 2016 cut
217 1972 307 2029 ejus
339 1979 455 2014 secta
485 1968 662 2031 desipit,
696 1968 753 2013 ab
780 1979 942 2014 aeterno
967 1971 1097 2015 Patre
1117 1971 1290 2034 prolata
1308 1983 1384 2019 est.
1415 1972 1502 2019 Sed

119 2054 298 2104 quoquo
336 2038 468 2086 modo
494 2038 613 2084 dicat
650 2038 924 2086 Manichaeus
962 2040 1127 2087 animas
1159 2042 1296 2098 nasci,
1335 2042 1390 2089 ad
1423 2060 1502 2090 nos

118 2110 226 2174 quid
250 2110 463 2173 pertinet,
490 2109 567 2172 qui
586 2110 720 2156 verba
740 2109 814 2156 illa
844 2110 1039 2167 Domini,
1063 2111 1234 2168 «Quod
1256 2125 1410 2160 natum
1439 2125 1503 2160 est

118 2201 140 2223 ³>
159 2198 208 2227 ex
231 2189 359 2226 carne
382 2196 482 2227 caro
501 2190 586 2235 est3
605 2190 646 2225 et
675 2180 796 2243 quod
833 2191 986 2226 natum
1004 2191 1066 2227 est
1089 2181 1143 2227 de
1165 2183 1341 2246 spiritu,
1368 2184 1503 2248 spiri·-

120 2272 141 2294 »
164 2244 231 2298 tus
245 2261 308 2296 est
323 2249 368 2280 1.
358 2268 370 2296 :
393 2271 414 2292 >2
438 2267 525 2296 non
542 2267 644 2296 cum
665 2250 798 2296 homo
815 2268 860 2295 ex
877 2251 1054 2296 homine
1071 2253 1282 2309 nascitur,
1303 2253 1377 2300 sed
1400 2271 1502 2300 eum

117 2339 166 2368 ex
190 2322 270 2367 Dei
295 2321 452 2385 spiritu
465 2323 722 2375 renascitur,
750 2322 843 2367 fieri
864 2322 1064 2368 novimus
1087 2334 1130 2368 et
1158 2328 1383 2370 tenemus?
1401 2326 1500 2372 Non

118 2393 234 2439 enim
259 2392 545 2451 Evangelieus
562 2393 654 2456 ipse
689 2393 941 2438 totuslocus
970 2393 1091 2439 aliud
1116 2395 1331 2458 permittit
1366 2395 1500 2441 intel-

119 2462 208 2523 ligii
240 2463 401 2520 Quaere
421 2479 522 2522 ergo
541 2463 700 2526 quibus
714 2464 849 2527 possis
871 2464 1108 2510 Manichaei
1127 2464 1207 2511 has
1219 2464 1388 2512 fabulas
1400 2482 1502 2514 ven-

168 2569 293 2604 ¹Joan,
314 2582 367 2610 111,
387 2572 420 2604 6,
