1863 3262
342 248 425 277 1ιο
756 242 789 269 S.
835 237 1079 269 AUGUSTINI
1117 237 1317 267 Episcorl

338 310 581 375 perspicuae
605 306 793 361 interiit,
814 323 860 350 cx
889 314 1011 367 parte
1034 302 1179 365 aliqua
1199 303 1370 349 videtur
1398 302 1584 366 spirare,
1612 319 1713 348 cum

337 381 558 426 confertur
578 377 673 424 tibi,
717 377 785 421 1111
811 376 925 421 onim
952 385 1042 419 tota
1068 373 1281 434 dogmatis
1311 374 1402 429 sui,
1430 373 1715 420 fundamento

334 455 424 510 ejus
444 447 744 494 tantummodo
769 457 968 501 nutante,
996 455 1212 490 structura
1236 445 1471 490 collabitur
1493 462 1503 489 ι
1526 444 1607 489 tibi
1642 461 1716 490 au-

336 532 421 566 tem
448 520 530 565 tria
564 518 759 564 similiter
785 515 992 561 vacillant
1014 552 1024 570 ‚
1058 525 1105 560 ut
1139 514 1201 560 illi
1226 532 1376 562 unum.
1413 517 1473 560 Ac
1494 532 1571 578 per
1596 514 1683 560 hoc
1703 550 1714 570 ‚

335 590 435 637 vide
456 600 601 635 utrum
627 587 802 634 aedificii
824 585 887 631 tui
902 585 1146 649 quidquam
1165 586 1300 649 possit
1322 602 1550 646 assurgere.
1570 585 1719 630 Manes

338 678 438 722 ergo
463 671 624 725 putans
650 676 736 704 esse
759 657 955 703 naturale
988 673 1216 720 peccatum
1232 694 1242 712 ,
1271 657 1390 720 quod
1409 657 1490 702 nisi
1513 656 1719 704 volunta-

338 734 454 779 rium
482 749 568 778 esse
591 748 677 776 non
696 740 863 793 potest,
893 729 936 773 in
962 745 1101 774 vacuo
1125 727 1407 775 fundamenta
1431 728 1605 775 locavit.
1629 729 1722 774 Be·-

340 804 461 866 liqua
480 819 581 849 vero
599 805 723 861 juxta
742 818 783 846 se
805 809 1119 861 consequenter
1144 799 1377 861 imposuit,
1402 799 1550 844 dicens
1568 835 1580 855 ,
1607 815 1722 861 quo-

343 875 458 920 niam
478 884 540 919 est
563 871 759 918 naturale
784 880 1034 934 peccatum,
1061 869 1219 914 malam
1239 886 1324 914 esse
1348 880 1576 922 naturam3
1597 868 1724 915 malae

345 955 488 991 autem
509 943 570 988 rei
595 953 815 988 auctorem
839 941 1006 986 bonum
1032 956 1119 984 non
1149 955 1236 984 csse
1256 957 1265 983 ε
1289 957 1338 985 ae
1362 957 1439 1002 per
1463 940 1567 995 hoc,
1596 956 1727 984 omne

343 1015 590 1061 humanum
637 1028 769 1072 genus
816 1009 1114 1074 reputandum
1162 1009 1357 1073 principi
1405 1010 1684 1056 tenebrarum
1712 1027 1722 1054 ι

344 1084 464 1148 quod
497 1094 638 1128 totum
679 1083 828 1145 utique
853 1091 963 1126 stare
1000 1081 1239 1143 potuisset,
1276 1081 1359 1126 nisi
1385 1081 1494 1127 illud
1533 1081 1727 1144 primum

345 1159 436 1216 ejus
456 1153 696 1199 suffodisset
712 1154 889 1208 veritas,
909 1151 955 1197 id
976 1162 1053 1209 est,
1083 1161 1313 1214 peceatum
1339 1168 1450 1214 opus
1475 1152 1626 1197 liberae
1646 1168 1728 1197 vo-

343 1225 521 1272 luntatis
549 1223 698 1270 doceri
731 1222 928 1269 naturale
964 1240 1052 1268 non
1083 1239 1232 1285 posse,
1261 1233 1302 1269 et
1328 1222 1548 1287 quidquid
1581 1221 1732 1268 fuisset
1776 1271 1780 1276 ,

351 1295 568 1351 naturale,
588 1304 820 1357 peccatum
841 1310 927 1339 esse
945 1310 1031 1338 non
1051 1309 1188 1356 posse.
1212 1314 1232 1334 >³

414 1369 528 1414 AUG.
565 1365 771 1411 Similiter
800 1376 953 1411 contra
986 1375 1026 1410 te
1050 1375 1193 1428 potest
1217 1364 1492 1411 ratiocinatio
1518 1364 1597 1410 ista
1622 1380 1731 1409 con-

353 1439 463 1485 texi:
493 1437 610 1495 Quia
631 1454 718 1482 non
745 1437 805 1482 ita
829 1436 974 1482 fatuus
1005 1453 1046 1482 es
1068 1473 1079 1492 ‚
1109 1447 1156 1482 ut
1186 1436 1356 1496 ingenia
1381 1435 1502 1481 fatua
1521 1472 1532 1491 ‚
1568 1434 1614 1480 id
1637 1445 1700 1479 est
1718 1471 1728 1490 ‚

350 1511 491 1557 fatuos
530 1507 729 1553 homines
770 1507 891 1553 nasci
931 1524 1056 1567 neges
1090 1524 1100 1551 τ
1140 1524 1241 1567 ergo
1281 1506 1383 1553 audi
1420 1517 1495 1552 tua
1532 1505 1735 1551 fatuitate

351 1590 566 1645 quantum
599 1578 816 1638 adjuveris
851 1578 1116 1624 dementiam
1161 1578 1414 1625 Manichaei.
1457 1577 1576 1624 Dicit
1620 1577 1735 1623 enim

353 1652 507 1698 doctus
533 1668 555 1696 a
576 1660 614 1695 te
638 1649 752 1712 ipso,
780 1649 987 1713 quoniam
1007 1648 1217 1695 naturalis
1241 1659 1303 1695 est
1326 1649 1521 1706 fatuitas,
1539 1647 1733 1694 eamdem

353 1723 516 1770 fatuam
550 1737 635 1766 esse
670 1731 901 1775 natura1n3
935 1720 1158 1784 quomodo
1184 1730 1231 1766 tu
1268 1719 1436 1776 dixisti,
1472 1718 1736 1775 «Quoniam

355 1803 416 1839 est
431 1790 628 1838 naturale
647 1801 877 1853 peccatum
902 1791 1060 1836 malam
1084 1808 1170 1837 esse
1192 1802 1395 1837 naturam
1415 1808 1425 1835 :
1449 1812 1469 1832 »
1493 1789 1650 1836 deinde
1665 1788 1738 1835 ill'e

357 1862 503 1917 addit,
539 1861 671 1906 fatuae
707 1871 846 1906 autem
882 1861 942 1907 rei
968 1871 1192 1907 auctorem
1229 1863 1465 1924 sapientem
1502 1878 1591 1908 non
1623 1877 1735 1916 esse3

355 1933 467 1979 sicut
490 1942 538 1977 tu
556 1931 726 1988 dixisti,
756 1953 776 1973 α
798 1931 928 1977 Malae
949 1942 1093 1977 autem
1115 1932 1175 1978 rei
1207 1942 1431 1978 auctorem
1456 1932 1624 1977 bonum
1649 1947 1738 1976 non

356 2021 443 2050 esse
465 2021 475 2049 ε
501 2024 521 2045 >>
541 2012 762 2066 postremo
792 2002 864 2048 ille
897 2002 1150 2059 concludit,
1186 2005 1247 2050 Ac
1272 2021 1350 2067 per
1374 2003 1488 2059 hoc,
1514 2002 1738 2048 fatuorum

358 2073 589 2120 hominum
629 2089 761 2133 genus
786 2072 1085 2136 reputandum
1119 2073 1315 2136 principi
1338 2073 1617 2119 tenebrarum
1642 2089 1653 2117 ε
1678 2071 1738 2117 sic

358 2144 471 2190 enim
497 2154 539 2189 et
561 2154 611 2188 tu
634 2142 902 2199 conclusisti,
929 2143 1102 2200 dicens,
1128 2165 1148 2185 «
1167 2145 1229 2189 Ac
1252 2161 1331 2206 per
1353 2143 1441 2189 hoc
1459 2181 1469 2200 ‚
1497 2160 1625 2189 omne
1647 2143 1739 2188 hu-

357 2232 536 2262 manum
574 2231 705 2274 genus
730 2214 1022 2278 reputandum
1053 2214 1247 2278 principi
1267 2214 1560 2261 tenebrarum.
1582 2237 1597 2255 »
1626 2215 1739 2259 Ecce

361 2285 634 2334 Manichaeus
651 2303 723 2331 ore
748 2296 824 2331 tuo
847 2296 885 2331 te
908 2285 1033 2341 vicit,
1057 2296 1133 2331 tuo
1150 2296 1188 2331 te
1208 2285 1594 2346 gladiojugulavit.
1617 2283 1737 2342 Quid

358 2376 402 2405 es
421 2359 624 2404 acturus?
652 2357 803 2419 Neque
837 2357 952 2402 enim
981 2367 1021 2401 te
1042 2356 1245 2402 adversus
1265 2374 1363 2402 eum
1397 2367 1540 2420 potest
1572 2355 1737 2418 aliquid

356 2430 581 2490 adjuvare,
610 2444 659 2472 ac
684 2444 770 2472 non
795 2428 923 2473 etiam
959 2427 1058 2490 plus
1081 2445 1276 2490 premere
1312 2438 1442 2491 atque
1473 2425 1705 2473 confodere
1724 2461 1734 2479 ‚

357 2499 476 2567 quod
496 2496 697 2556 adjungis
716 2533 725 2551 ,
753 2508 794 2542 et
819 2497 929 2543 dicis
951 2534 961 2552 ‚
997 2518 1016 2538 τ(
1042 2497 1204 2543 Totum
1230 2498 1315 2543 hoc
1338 2498 1487 2560 utique
1523 2507 1631 2542 stare
1653 2512 1738 2559 po-

358 2573 506 2630 tuisse,
536 2567 618 2614 nisi
640 2566 750 2613 illud
776 2568 970 2632 primum
991 2571 1082 2629 ejus
1107 2568 1351 2616 suffodisset
1374 2567 1548 2625 veritas,
1572 2566 1617 2614 id
1641 2576 1703 2613 est
1725 2603 1736 2623 ‚
