1824 3236
259 258 351 319 294
677 269 711 299 s.
758 268 998 299 Aueusrlm
1036 266 1238 297 EPISCOPI

259 337 426 384 dictum
448 336 595 382 fuisset
614 372 624 391 ,
651 351 737 398 qua
761 334 918 379 imitati
945 344 1043 379 sunt
1069 339 1274 393 majorem
1304 348 1429 378 suum
1457 331 1600 378 Cham
1624 369 1634 389 ‚

258 425 389 471 quem
414 407 478 452 sui
496 407 667 470 peccati
686 405 838 451 merito
865 404 1081 450 maledixit
1100 415 1224 467 pater
1253 408 1342 463 ejus
1374 405 1466 449 Noe
1490 422 1501 449 ι
1530 421 1639 467 pro-

257 478 371 525 feeto
399 479 512 523 Deus
535 476 710 541 quando
734 476 778 522 in
804 477 928 522 istam
955 477 1172 521 nationem
1200 476 1435 520 vindictam
1455 475 1639 534 justissi-

258 567 375 595 mam
407 548 625 612 protulit,
656 548 830 608 juberet
853 552 942 607 eJus
973 547 1167 610 parvulis
1194 547 1338 609 parci.
1365 563 1474 609 quos
1498 546 1642 591 dicere

258 637 347 666 non
371 630 493 684 potes
514 635 691 665 suorum
720 622 936 678 majorum
963 618 1206 663 imitatione
1230 617 1432 662 meruisse
1465 616 1641 680 suppli-

261 691 395 737 cium.
431 690 544 736 Cum
563 707 664 750 ergo
685 689 743 735 eis
762 707 849 734 non
872 689 1011 734 solum
1034 705 1119 733 non
1143 687 1269 746 jussit
1297 687 1486 750 przeberi
1511 687 1641 732 mise-

259 761 496 807 ricordiam
514 799 524 817 ‚
559 759 631 806 sed
657 771 704 806 ut
727 777 874 823 parem
901 758 1140 804 vindictam
1168 774 1266 802 eum
1288 758 1544 820 parentibus
1565 774 1642 802 su—

259 842 455 888 merent,
477 833 570 895 ipse
587 831 766 894 insuper
784 831 912 890 jussit
929 867 938 883 ‚
970 828 1044 892 qui
1075 828 1225 890 utique
1250 827 1414 890 aliquid
1434 827 1644 886 injustum

257 902 414 962 jubere
438 919 524 947 non
542 902 683 963 potuit
705 922 716 955 ;
741 901 840 945 satis
859 899 1082 945 evidenter
1102 898 1219 943 lueet
1235 935 1245 954 ,
1269 897 1385 961 quod
1410 915 1495 942 non
1512 914 1646 960 prop-

266 983 330 1018 ter
366 973 732 1031 exaggerationem
754 1008 764 1027 ,
807 987 947 1034 neque
989 980 1169 1032 propter
1208 969 1491 1014 imitationem
1517 1004 1527 1023 ,
1574 966 1646 1013 sed

263 1053 448 1107 propter
467 1042 785 1103 generationem
813 1041 929 1086 dieta
953 1052 1014 1085 est
1037 1057 1184 1085 eorum
1220 1040 1383 1085 malitia
1408 1038 1614 1084 naturalis
1635 1075 1645 1092 ‚

265 1125 309 1160 et
332 1114 415 1177 ipsi
441 1130 585 1158 semen
604 1112 885 1158 maledictum
916 1113 970 1157 ab
995 1112 1132 1157 initio.
1156 1112 1267 1156 Nam
1292 1121 1441 1157 eontra
1463 1126 1650 1155 errorem

267 1195 459 1231 vestrum
477 1221 487 1239 ‚
514 1184 560 1228 in
583 1183 669 1229 hoc
697 1183 791 1247 ipso
817 1185 993 1234 semine,
1022 1182 1075 1228 de
1099 1199 1188 1246 quo
1209 1183 1367 1241 agitur,
1390 1180 1653 1244 prophetica

269 1254 468 1315 vigilavit
492 1254 754 1308 auctoritas,
786 1264 833 1299 ut
865 1255 959 1298 No'e
981 1257 1123 1312 justus
1150 1263 1405 1315 peccantem
1434 1252 1575 1297 Cham
1598 1251 1655 1295 fi-

270 1326 378 1372 lium
398 1325 444 1371 in
469 1329 559 1386 ejlls
577 1325 854 1371 malediceret
875 1325 965 1370 filio
985 1362 994 1379 ‚
1024 1325 1068 1370 id
1084 1336 1171 1378 est,
1199 1322 1461 1372 t‘ll1a1ma111;
1488 1322 1656 1367 utliinc

271 1396 634 1456 intelligeremus,
679 1397 848 1441 vinctos
883 1413 968 1441 esse
1005 1396 1115 1440 filios
1150 1395 1308 1440 meritis
1333 1405 1508 1458 patrum
1530 1430 1539 1446 ,
1576 1392 1658 1437 nisi

273 1467 360 1513 hoc
387 1466 615 1513 vinculum
650 1466 922 1526 generatione
955 1476 1173 1520 tractum,
1215 1464 1536 1524 regeneratione
1570 1462 1660 1508 sol-

273 1549 416 1586 vatur.
454 1538 515 1582 De
538 1537 619 1582 isto
658 1555 757 1597 ergo
797 1537 1008 1582 Chanaan
1035 1535 1205 1581 ducunt
1231 1536 1439 1595 originem
1477 1534 1660 1579 Chana-

276 1609 363 1655 naei
383 1646 393 1665 ,
414 1609 492 1673 qui
516 1608 623 1654 dieti
644 1619 744 1654 sunt
760 1625 900 1653 semen
913 1607 1197 1652 maledictum
1221 1607 1276 1652 ab
1296 1607 1421 1652 initio
1446 1621 1659 1669 :quorum

279 1680 408 1726 etiam
435 1679 633 1742 parvuli,
661 1679 764 1743 quia
790 1689 831 1724 et
869 1679 952 1742 ipsi
981 1678 1067 1723 hoc
1103 1689 1225 1722 erant
1243 1714 1252 1732 ,
1274 1694 1363 1722 non
1385 1676 1624 1722 imitatione
1648 1710 1658 1729 ‚

280 1750 354 1798 sed
382 1750 515 1813 stirpe
533 1750 720 1796 interfici
746 1766 844 1795 eum
869 1749 1125 1813 parentibus
1145 1747 1355 1793 divinitus
1373 1747 1475 1805 jussi
1504 1744 1652 1791 sunt'2.

349 1822 428 1868 His
449 1821 712 1867 Chananaeis
738 1820 865 1867 fuisse
890 1820 1047 1866 similes
1066 1819 1314 1882 impudicos
1333 1819 1517 1863 seniores
1541 1855 1550 1872 ‚
1580 1817 1665 1860 Da-

283 1891 371 1938 niel
392 1892 612 1955 propheta
638 1891 819 1951 intelligi
843 1891 982 1936 voluit
1003 1927 1014 1947 ‚
1035 1889 1212 1953 quando
1236 1889 1292 1934 eis
1320 1889 1424 1934 dixit
1440 1925 1450 1940 ,
1473 1909 1492 1929 α
1513 1888 1666 1932 Semen

286 1985 308 2006 >2
324 1964 554 2020 Chanaan,
571 1974 612 2009 et
633 1980 720 2009 non
735 1963 851 2009 Juda
863 1963 895 2017 ³,
910 1984 929 2004 ν
946 1973 1157 2025 tanquam
1180 1961 1360 2016 diceret,
1376 1960 1544 2005 Similes
1572 1958 1669 2003 filiis

289 2035 503 2081 Chanaan
527 2073 538 2091 ,
561 2046 603 2080 et
621 2052 711 2080 non
731 2035 830 2080 filiis
849 2033 993 2081 Juda:
1024 2033 1135 2078 sieut
1159 2032 1335 2078 dietum
1364 2041 1446 2078 est.
1482 2051 1501 2072 «
1525 2032 1671 2075 Gene-

288 2105 443 2150 »ratio
482 2104 784 2167 viperarum&
813 2127 832 2147 »
874 2115 1059 2168 propter
1076 2103 1313 2166 quamdam
1340 2099 1669 2146 simil²tudinem

289 2175 469 2222 malitiae
486 2175 711 2239 viperinae.
744 2176 831 2221 Ubi
848 2187 991 2221 autem
1018 2174 1233 2219 Dominus
1256 2174 1315 2218 ait
1333 2208 1342 2225 ,
1362 2173 1479 2217 «Vos
1504 2190 1526 2217 a
1548 2181 1672 2235 patre

292 2268 313 2288 >³
339 2245 518 2292 diabolo
537 2245 665 2292 estis5
684 2284 694 2295 .
717 2268 738 2288 ›>
763 2263 909 2293 revera
931 2245 1217 2291 imitationem
1236 2243 1395 2299 Voluit,
1423 2260 1507 2288 non
1530 2259 1671 2287 semen

291 2316 474 2376 intelligi
497 2333 509 2362 :
537 2316 611 2362 sed
630 2333 708 2362 nec
729 2317 820 2380 ipse
843 2317 950 2363 dixit
969 2354 979 2371 ,
1009 2337 1028 2357 «
1049 2316 1135 2361 Vos
1160 2332 1299 2360 semen
1326 2313 1493 2359 diaboli
1512 2313 1623 2358 estis.
1644 2335 1658 2352 »

294 2387 350 2432 Et
370 2387 448 2432 ubi
471 2388 685 2451 seriptum
713 2399 774 2433 est
793 2426 802 2441 ,
843 2410 862 2429 «
888 2389 1017 2433 Pater
1042 2399 1144 2432 tuus
1170 2386 1478 2440 Amorrhaeus,
1519 2395 1559 2428 et
1579 2400 1674 2428 ma-

295 2469 392 2504 »ter
411 2458 691 2504 tuaCetthaea
707 2460 743 2515 6,
766 2480 785 2499 >>
807 2469 991 2523 apparet
1012 2458 1106 2504 ideo
1125 2457 1311 2514 dietum,
1343 2457 1463 2522 quod
1487 2472 1556 2501 eos
1578 2454 1675 2500 fue-

347 2558 356 2580 ¹
375 2560 460 2591 Gen.
484 2570 533 2594 1x,
557 2560 608 2589 15.
631 2577 677 2583 —
692 2557 707 2579 ²
723 2562 819 2591 Dent.
844 2570 880 2592 11.
909 2560 962 2594 34.
981 2555 1238 2597 —3Dan.x111‚
1268 2559 1323 2588 56.
1343 2576 1383 2580 -
1405 2554 1417 2579 ⁴
1438 2554 1552 2588 Mauh.
1575 2566 1623 2591 ur,
1645 2565 1674 2593 7.

295 2628 341 2637 -
355 2610 477 2643 ⁵Joan.
494 2610 731 2649 v11r,48.—⁶
751 2611 862 2644 Ezech.
882 2622 946 2652 xvi,
967 2613 982 2642 3
1005 2617 1035 2643 et
1054 2614 1108 2649 45.
