1824 3236
150 269 307 299 opums
343 267 605 299 innumeri
644 266 820 296 CONTRA
855 267 1097 308 autunum,
1138 270 1222 301 rin.
1268 271 1326 300 vi.
1378 256 1468 317 573

99 336 238 394 gunt?
261 332 370 397 quid
388 344 430 379 et
446 333 728 396 baptizantur
746 349 827 395 pro
842 332 924 378 illis
944 332 958 361 ¹
978 338 993 379 ‚³
1014 334 1185 390 Quidet
1199 353 1272 381 nos
1297 337 1469 399 pericli-

99 414 242 450 tamur
267 404 384 449 omni
413 404 552 449 liora?
573 402 782 458 Quotidie
798 403 958 448 morior
972 421 1048 466 per
1069 416 1249 450 vestram
1271 406 1469 466 gloriam,

100 489 232 536 quam
253 473 397 518 habeo
415 472 461 518 in
483 471 683 517 Domino.
715 472 759 516 Si
784 472 1020 518 secundum
1039 473 1258 520 hominem
1284 479 1472 538 pugnavi

103 542 252 589 bestiis
276 542 459 606 Ephesi,
482 541 591 605 quid
610 541 718 587 mihi
744 542 936 605 prodest,
966 543 998 587 si
1026 545 1183 589 mortui
1209 562 1294 590 non
1330 565 1472 593 resur-

98 616 236 673 gunt?
253 634 273 654 «
293 612 607 659 Manducemus
625 622 666 657 et
685 612 906 669 bibamus,
924 630 1016 658 cras
1038 614 1148 659 enini
1178 618 1423 665 moriemur.
1455 641 1475 661 »

106 682 182 739 Si,
217 683 384 746 inquit,
429 682 508 728 ista
549 699 643 746 spes
686 681 848 728 futurae
883 682 1053 742 gloriae,
1081 702 1167 747 qua
1197 688 1308 732 Deus
1333 690 1476 736 omnia

97 754 144 800 in
168 754 373 799 omnibus
390 754 487 809 erit,
508 754 646 817 impia
668 753 924 799 infidelitate
951 755 1188 817 quatiatur,
1214 770 1476 822 negeturque

96 824 352 870 resurrectio
374 835 663 878 mortuorum,
687 823 795 887 quid
814 824 973 870 facient
992 824 1070 888 qui
1092 825 1373 888 baptizantur
1396 848 1477 893 pro

97 894 307 941 mortuis?
323 895 459 940 Natus
477 895 583 940 hinc
598 911 716 939 error
738 894 982 957 aliquorum
1000 905 1078 951 est,
1097 899 1347 959 putantium
1364 899 1475 946 inter

97 964 270 1011 exordia
292 964 515 1025 Evangelii
551 981 650 1010 eum
676 981 839 1010 morem
865 965 1010 1020 fuisse,
1050 983 1140 1028 quo
1182 978 1363 1014 astantes
1397 988 1479 1033 pro

97 1033 383 1082 cadaveribus
398 1036 722 1099 profiterentur,
754 1045 795 1080 et
819 1051 928 1098 aqua
959 1035 1233 1098 baptismatis
1251 1039 1377 1085 etiam
1405 1040 1477 1087 de-

98 1104 350 1152 functorum
380 1106 575 1151 membra
592 1104 904 1168 perfunderent
928 1122 938 1149 z
965 1105 1084 1168 quod
1111 1119 1293 1169 apparet
1315 1109 1366 1154 de
1391 1111 1478 1156 im-

101 1175 256 1240 peritia
279 1176 521 1236 contigisse.
550 1176 646 1221 Hoc
665 1176 777 1221 enim
799 1174 919 1238 quod
935 1175 1253 1238 aitApostolus,
1282 1200 1301 1220 «
1324 1180 1480 1243 Bapti-

102 1268 123 1290 »
147 1257 301 1293 zantur
322 1264 401 1311 pro
432 1245 643 1293 mortuis:
665 1267 685 1287 ›>
710 1246 832 1291 Nihil
861 1245 980 1291 aliud
1004 1246 1186 1303 indicat,
1210 1266 1340 1312 quam
1369 1251 1480 1298 illud

102 1315 224 1379 quod
248 1316 304 1362 ad
323 1318 546 1363 Romanos
564 1316 687 1370 dixit,
712 1315 966 1378 Consepulti
999 1316 1061 1362 illi
1088 1335 1235 1364 sumus
1275 1338 1352 1383 per
1374 1322 1481 1386 bap-

103 1387 229 1432 tisma
256 1386 302 1431 in
328 1397 512 1432 mortem
527 1387 544 1414 2
562 1406 573 1440 ς
591 1385 635 1431 id
653 1396 733 1441 est,
752 1386 850 1442 Qua
867 1386 1021 1445 gratia,
1046 1386 1118 1433 tali
1137 1388 1190 1433 ad
1211 1389 1482 1453 baptismatis

103 1457 419 1519 susceptionem
446 1456 591 1502 animo
617 1455 880 1512 accedimus,
910 1467 956 1501 ut
980 1458 1176 1503 membra
1199 1472 1342 1506 nostra
1363 1480 1481 1508 mor-

106 1527 323 1572 tificemus
345 1528 390 1573 in
413 1537 655 1590 posterum,
682 1536 722 1570 et
741 1542 823 1588 pro
849 1526 1029 1571 mortuis
1056 1528 1232 1573 omnino
1258 1529 1479 1590 degamus,

107 1597 139 1642 si
158 1613 253 1659 spes
270 1607 449 1651 nonest,
472 1596 576 1659 quia
598 1606 697 1659 post
714 1606 894 1640 mortem
920 1596 1140 1642 vivamus)
1169 1600 1259 1644 Cur
1283 1618 1423 1647 autem
1444 1614 1485 1648 et

107 1666 372 1730 quotidianis
391 1704 401 1722 ,
429 1666 590 1730 inquit,
625 1664 791 1710 subdor
822 1664 1044 1728 periculiS,
1066 1666 1112 1710 in
1134 1673 1487 1731 niortemjugiter

107 1737 322 1792 incidens,
343 1754 473 1800 quam
499 1734 692 1781 inferunt
710 1745 1027 1798 persequenteS,
1046 1746 1093 1781 ut
1127 1736 1180 1781 de
1207 1740 1353 1784 vestris
1386 1753 1484 1788 ante

110 1807 250 1859 Deum
286 1806 446 1870 possim
472 1805 741 1868 profectibus
758 1803 954 1864 gloriari.
996 1805 1030 1850 si
1052 1807 1213 1852 mortui
1233 1825 1319 1854 non
1339 1827 1486 1857 resur-

112 1879 252 1936 gunt?
272 1879 363 1922 Cur
382 1887 522 1921 autem
551 1886 592 1920 et
622 1874 859 1920 secundum
888 1874 1106 1920 hominem
1131 1879 1321 1939 pugnavi
1342 1881 1487 1927 bestiis

113 1946 295 2010 Ephesi,
313 1946 357 1992 id
383 1957 460 2001 est,
483 1963 561 1991 cur
589 1945 771 1990 sustinui
799 1944 1018 1990 bestialem
1041 1946 1337 1994 seditiosorum
1363 1950 1488 1997 furo-

113 2034 220 2073 rem,
244 2017 277 2062 si
299 2016 446 2061 adhuc
468 2026 590 2061 nutat
606 2014 724 2079 quod
748 2014 907 2060 mortui
937 2027 1164 2075 resurgunt
1183 2020 1234 2062 9«
1261 2019 1403 2065 Nolite
1422 2039 1490 2068 se-

115 2109 136 2130 »
160 2087 263 2134 duci
287 2104 296 2132 :
323 2087 461 2132 bonos
487 2103 623 2131 mores
640 2096 929 2147 corrumpunt
948 2085 1164 2149 colloquia
1185 2088 1308 2136 mala.
1356 2092 1489 2150 Igno-

116 2179 137 2200 »
164 2158 345 2203 rantiam
363 2157 475 2203 enim
499 2157 570 2201 Dei
589 2155 768 2220 quidam
785 2155 947 2201 habent
966 2173 975 2200 :
995 2156 1047 2201 ad
1062 2158 1355 2206 confusionem
1370 2163 1492 2210 votis

117 2251 138 2271 »
159 2229 258 2274 dico
282 2228 313 2272 ³.
343 2249 362 2270 υ
390 2233 544 2282 Amor,
574 2227 735 2290 inquit,
769 2242 1048 2290 peccatorum
1085 2228 1277 2275 dissidere
1299 2249 1373 2277 vos
1395 2251 1491 2280 sua-

117 2299 190 2345 det
213 2298 266 2344 de
300 2298 456 2344 futuris
499 2308 681 2361 putatur
730 2314 817 2342 non
851 2314 935 2342 esse
959 2297 1203 2357 judicium,
1245 2312 1291 2346 ut
1331 2307 1491 2362 maiore

118 2379 325 2434 peccetur
353 2367 549 2414 audacia.
594 2367 804 2423 Omnino,
845 2367 1002 2430 inquit,
1052 2368 1249 2415 nesciunt
1283 2373 1493 2419 aestimare

121 2442 280 2496 Deum,
304 2439 377 2502 qui
399 2439 652 2485 inficiantur
673 2438 986 2484 resurrectioni.
1022 2439 1118 2483 Non
1146 2457 1244 2499 ergo
1267 2441 1404 2487 solum
1426 2461 1496 2489 re—

121 2511 482 2565 munerationem,
513 2508 585 2554 sed
608 2507 808 2554 virtutem
827 2508 1066 2554 divinitatis
1082 2510 1260 2568 negatis,
1290 2511 1404 2558 unde
1425 2515 1496 2560 ni-

171 2594 179 2616 ¹
205 2606 215 2625 ι
237 2595 300 2625 Cor
330 2603 382 2631 xv,
402 2599 456 2634 29.
476 2610 515 2616 —-—
535 2590 549 2614 ²
566 2595 662 2626 Rom.
679 2603 726 2629 vr,
745 2600 774 2629 4.
792 2609 835 2615 —-
853 2589 866 2613 3
891 2604 899 2622 ι
920 2594 982 2623 Cor
1012 2602 1060 2624 xv.
1084 2594 1135 2625 Ἡ,
1160 2593 1211 2628 33.
