<?xml version="1.0" encoding="UTF-8"?>
<!DOCTYPE html PUBLIC "-//W3C//DTD XHTML 1.0 Transitional//EN"
    "http://www.w3.org/TR/xhtml1/DTD/xhtml1-transitional.dtd">
<html xmlns="http://www.w3.org/1999/xhtml" xml:lang="en" lang="en">
 <head>
  <title>
</title>
<meta http-equiv="Content-Type" content="text/html;charset=utf-8" />
  <meta name='ocr-system' content='tesseract 3.04.00' />
  <meta name='ocr-capabilities' content='ocr_page ocr_carea ocr_par ocr_line ocrx_word'/>
</head>
<body>
  <div class='ocr_page' id='page_1' title='image "./operaomniaaccura37auguuoft/operaomniaaccura37auguuoft_0297.png"; bbox 0 0 1863 3262; ppageno 0'>
   <div class='ocr_carea' id='block_1_1' title="bbox 155 267 1476 329">
    <p class='ocr_par' dir='ltr' id='par_1_1' title="bbox 155 267 1476 329">
     <span class='ocr_line' id='line_1_1' title="bbox 155 267 1476 329; baseline 0 -17"><span class='ocrx_word' id='word_1_1' title='bbox 155 283 312 313; x_wconf 68' lang='lat' dir='ltr'>ovinus</span> <span class='ocrx_word' id='word_1_2' title='bbox 349 281 612 313; x_wconf 80' lang='lat' dir='ltr'>IMPERFECTI</span> <span class='ocrx_word' id='word_1_3' title='bbox 649 281 824 310; x_wconf 69' lang='lat' dir='ltr'><strong>CONTRA</strong></span> <span class='ocrx_word' id='word_1_4' title='bbox 859 280 1104 320; x_wconf 71' lang='lat' dir='ltr'><strong>JULIANUM,</strong></span> <span class='ocrx_word' id='word_1_5' title='bbox 1143 281 1230 310; x_wconf 76' lang='lat' dir='ltr'>Lin.</span> <span class='ocrx_word' id='word_1_6' title='bbox 1276 282 1335 311; x_wconf 55' lang='lat' dir='ltr'>1V0</span> <span class='ocrx_word' id='word_1_7' title='bbox 1387 267 1476 329; x_wconf 78' lang='lat'>287</span> 
     </span>
    </p>
   </div>
   <div class='ocr_carea' id='block_1_2' title="bbox 100 344 1492 2593">
    <p class='ocr_par' dir='ltr' id='par_1_2' title="bbox 105 344 1482 761">
     <span class='ocr_line' id='line_1_2' title="bbox 106 344 1482 408; baseline 0.001 -16"><span class='ocrx_word' id='word_1_8' title='bbox 106 346 247 399; x_wconf 86' lang='lat' dir='ltr'>nullos</span> <span class='ocrx_word' id='word_1_9' title='bbox 270 346 374 392; x_wconf 84' lang='lat' dir='ltr'>alios</span> <span class='ocrx_word' id='word_1_10' title='bbox 397 363 482 392; x_wconf 86' lang='lat' dir='ltr'>esse</span> <span class='ocrx_word' id='word_1_11' title='bbox 505 345 630 401; x_wconf 75' lang='lat' dir='ltr'>tales,</span> <span class='ocrx_word' id='word_1_12' title='bbox 655 362 754 390; x_wconf 86' lang='lat' dir='ltr'>cum</span> <span class='ocrx_word' id='word_1_13' title='bbox 784 344 1019 408; x_wconf 78' lang='lat' dir='ltr'>Apostolus</span> <span class='ocrx_word' id='word_1_14' title='bbox 1038 344 1184 390; x_wconf 85' lang='lat' dir='ltr'>dicat:</span> <span class='ocrx_word' id='word_1_15' title='bbox 1207 366 1226 385; x_wconf 86' lang='lat'>«</span> <span class='ocrx_word' id='word_1_16' title='bbox 1246 346 1422 392; x_wconf 81' lang='lat' dir='ltr'>Fuimus</span> <span class='ocrx_word' id='word_1_17' title='bbox 1440 358 1482 392; x_wconf 85' lang='lat' dir='ltr'>ct</span> 
     </span>
     <span class='ocr_line' id='line_1_3' title="bbox 107 415 1482 481; baseline 0.001 -19"><span class='ocrx_word' id='word_1_18' title='bbox 107 434 216 462; x_wconf 74' lang='lat' dir='ltr'>»nos</span> <span class='ocrx_word' id='word_1_19' title='bbox 240 416 475 481; x_wconf 86' lang='lat' dir='ltr'>aliquando</span> <span class='ocrx_word' id='word_1_20' title='bbox 500 426 651 461; x_wconf 82' lang='lat' dir='ltr'>natura</span> <span class='ocrx_word' id='word_1_21' title='bbox 669 415 746 460; x_wconf 82' lang='lat' dir='ltr'>filii</span> <span class='ocrx_word' id='word_1_22' title='bbox 763 415 840 460; x_wconf 81' lang='lat' dir='ltr'>irae</span> <span class='ocrx_word' id='word_1_23' title='bbox 859 452 869 471; x_wconf 84' lang='lat'><strong><em>,</em></strong></span> <span class='ocrx_word' id='word_1_24' title='bbox 894 415 1008 460; x_wconf 84' lang='lat' dir='ltr'>sicut</span> <span class='ocrx_word' id='word_1_25' title='bbox 1025 415 1269 462; x_wconf 74' lang='lat' dir='ltr'>ctcaetcri&#39;l.</span> <span class='ocrx_word' id='word_1_26' title='bbox 1294 437 1314 457; x_wconf 74' lang='lat'>2&gt;</span> <span class='ocrx_word' id='word_1_27' title='bbox 1334 417 1482 462; x_wconf 69' lang='lat' dir='ltr'>lsrae-</span> 
     </span>
     <span class='ocr_line' id='line_1_4' title="bbox 105 484 1478 548; baseline 0.001 -16"><span class='ocrx_word' id='word_1_28' title='bbox 105 485 202 532; x_wconf 86' lang='lat' dir='ltr'>litas</span> <span class='ocrx_word' id='word_1_29' title='bbox 224 498 366 533; x_wconf 86' lang='lat' dir='ltr'>autem</span> <span class='ocrx_word' id='word_1_30' title='bbox 389 486 462 532; x_wconf 91' lang='lat' dir='ltr'>illo</span> <span class='ocrx_word' id='word_1_31' title='bbox 481 497 676 548; x_wconf 86' lang='lat' dir='ltr'>tempore</span> <span class='ocrx_word' id='word_1_32' title='bbox 695 523 706 541; x_wconf 85' lang='lat'>‚</span> <span class='ocrx_word' id='word_1_33' title='bbox 733 502 821 530; x_wconf 88' lang='lat' dir='ltr'>non</span> <span class='ocrx_word' id='word_1_34' title='bbox 841 484 1017 548; x_wconf 88' lang='lat' dir='ltr'>quidem</span> <span class='ocrx_word' id='word_1_35' title='bbox 1034 484 1161 530; x_wconf 82' lang='lat' dir='ltr'>etiam</span> <span class='ocrx_word' id='word_1_36' title='bbox 1182 485 1296 547; x_wconf 87' lang='lat' dir='ltr'>ipsos</span> <span class='ocrx_word' id='word_1_37' title='bbox 1313 503 1478 543; x_wconf 88' lang='lat' dir='ltr'>omnes,</span> 
     </span>
     <span class='ocr_line' id='line_1_5' title="bbox 106 555 1482 621; baseline 0.001 -19"><span class='ocrx_word' id='word_1_38' title='bbox 106 557 180 602; x_wconf 87' lang='lat' dir='ltr'>sed</span> <span class='ocrx_word' id='word_1_39' title='bbox 207 558 302 621; x_wconf 91' lang='lat' dir='ltr'>pios</span> <span class='ocrx_word' id='word_1_40' title='bbox 319 592 330 613; x_wconf 91' lang='lat'>,</span> <span class='ocrx_word' id='word_1_41' title='bbox 366 557 422 603; x_wconf 84' lang='lat' dir='ltr'>ab</span> <span class='ocrx_word' id='word_1_42' title='bbox 446 557 515 602; x_wconf 90' lang='lat' dir='ltr'>his</span> <span class='ocrx_word' id='word_1_43' title='bbox 545 556 598 602; x_wconf 90' lang='lat' dir='ltr'>de</span> <span class='ocrx_word' id='word_1_44' title='bbox 622 556 783 619; x_wconf 90' lang='lat' dir='ltr'>quibus</span> <span class='ocrx_word' id='word_1_45' title='bbox 805 555 974 600; x_wconf 85' lang='lat' dir='ltr'>dictum</span> <span class='ocrx_word' id='word_1_46' title='bbox 1000 564 1091 600; x_wconf 85' lang='lat' dir='ltr'>est:</span> <span class='ocrx_word' id='word_1_47' title='bbox 1119 555 1336 601; x_wconf 74' lang='lat' dir='ltr'>Naturalis</span> <span class='ocrx_word' id='word_1_48' title='bbox 1359 558 1482 603; x_wconf 84' lang='lat' dir='ltr'>mali-</span> 
     </span>
     <span class='ocr_line' id='line_1_6' title="bbox 107 624 1482 690; baseline 0.001 -18"><span class='ocrx_word' id='word_1_49' title='bbox 107 627 166 672; x_wconf 77' lang='lat' dir='ltr'>tia</span> <span class='ocrx_word' id='word_1_50' title='bbox 188 644 339 673; x_wconf 88' lang='lat' dir='ltr'>eorum</span> <span class='ocrx_word' id='word_1_51' title='bbox 357 664 368 682; x_wconf 90' lang='lat'>‚</span> <span class='ocrx_word' id='word_1_52' title='bbox 394 644 483 672; x_wconf 88' lang='lat' dir='ltr'>non</span> <span class='ocrx_word' id='word_1_53' title='bbox 507 626 781 672; x_wconf 81' lang='lat' dir='ltr'>discernebat</span> <span class='ocrx_word' id='word_1_54' title='bbox 805 636 984 679; x_wconf 82' lang='lat' dir='ltr'>natura,</span> <span class='ocrx_word' id='word_1_55' title='bbox 1013 624 1086 670; x_wconf 85' lang='lat' dir='ltr'>sed</span> <span class='ocrx_word' id='word_1_56' title='bbox 1113 625 1277 685; x_wconf 82' lang='lat' dir='ltr'>gratia3</span> <span class='ocrx_word' id='word_1_57' title='bbox 1300 638 1482 690; x_wconf 86' lang='lat' dir='ltr'>propter</span> 
     </span>
     <span class='ocr_line' id='line_1_7' title="bbox 105 696 984 761; baseline -0.002 -17"><span class='ocrx_word' id='word_1_58' title='bbox 105 698 224 761; x_wconf 84' lang='lat' dir='ltr'>quod</span> <span class='ocrx_word' id='word_1_59' title='bbox 246 699 376 744; x_wconf 84' lang='lat' dir='ltr'>etiam</span> <span class='ocrx_word' id='word_1_60' title='bbox 404 697 483 743; x_wconf 87' lang='lat' dir='ltr'>Dei</span> <span class='ocrx_word' id='word_1_61' title='bbox 502 697 581 743; x_wconf 86' lang='lat' dir='ltr'>filii</span> <span class='ocrx_word' id='word_1_62' title='bbox 601 708 704 743; x_wconf 85' lang='lat' dir='ltr'>sunt</span> <span class='ocrx_word' id='word_1_63' title='bbox 725 696 984 759; x_wconf 86' lang='lat' dir='ltr'>nuncupati.</span> 
     </span>
    </p>

    <p class='ocr_par' dir='ltr' id='par_1_3' title="bbox 100 766 1485 1603">
     <span class='ocr_line' id='line_1_8' title="bbox 171 766 1480 831; baseline -0.001 -16"><span class='ocrx_word' id='word_1_64' title='bbox 171 769 418 815; x_wconf 87' lang='lat' dir='ltr'>Videndum</span> <span class='ocrx_word' id='word_1_65' title='bbox 448 779 510 814; x_wconf 88' lang='lat' dir='ltr'>est</span> <span class='ocrx_word' id='word_1_66' title='bbox 532 769 688 825; x_wconf 76' lang='lat' dir='ltr'>etiam,</span> <span class='ocrx_word' id='word_1_67' title='bbox 725 767 949 831; x_wconf 88' lang='lat' dir='ltr'>quomodo</span> <span class='ocrx_word' id='word_1_68' title='bbox 982 766 1150 811; x_wconf 84' lang='lat' dir='ltr'>dictum</span> <span class='ocrx_word' id='word_1_69' title='bbox 1179 767 1232 812; x_wconf 91' lang='lat' dir='ltr'>sit</span> <span class='ocrx_word' id='word_1_70' title='bbox 1254 784 1264 812; x_wconf 76' lang='grc' dir='ltr'>ε</span> <span class='ocrx_word' id='word_1_71' title='bbox 1288 768 1480 828; x_wconf 76' lang='lat' dir='ltr'>«Diligis</span> 
     </span>
     <span class='ocr_line' id='line_1_9' title="bbox 105 836 1481 903; baseline 0.001 -21"><span class='ocrx_word' id='word_1_72' title='bbox 105 861 122 882; x_wconf 68' lang='grc' dir='ltr'>ιι</span> <span class='ocrx_word' id='word_1_73' title='bbox 137 839 282 885; x_wconf 86' lang='lat' dir='ltr'>omnia</span> <span class='ocrx_word' id='word_1_74' title='bbox 297 856 396 903; x_wconf 89' lang='lat' dir='ltr'>quae</span> <span class='ocrx_word' id='word_1_75' title='bbox 415 849 515 884; x_wconf 89' lang='lat' dir='ltr'>sunt</span> <span class='ocrx_word' id='word_1_76' title='bbox 539 856 549 883; x_wconf 88' lang='lat'>:</span> <span class='ocrx_word' id='word_1_77' title='bbox 573 840 778 902; x_wconf 87' lang='lat' dir='ltr'>quoniam</span> <span class='ocrx_word' id='word_1_78' title='bbox 797 847 897 884; x_wconf 86' lang='lat' dir='ltr'>sunt</span> <span class='ocrx_word' id='word_1_79' title='bbox 915 837 1043 883; x_wconf 84' lang='lat' dir='ltr'>etiam</span> <span class='ocrx_word' id='word_1_80' title='bbox 1064 836 1259 899; x_wconf 77' lang='lat' dir='ltr'>iniqui23</span> <span class='ocrx_word' id='word_1_81' title='bbox 1282 849 1354 883; x_wconf 85' lang='lat' dir='ltr'>»et</span> <span class='ocrx_word' id='word_1_82' title='bbox 1376 839 1481 884; x_wconf 79' lang='lat' dir='ltr'>alibi</span> 
     </span>
     <span class='ocr_line' id='line_1_10' title="bbox 105 908 1482 974; baseline -0.001 -18"><span class='ocrx_word' id='word_1_83' title='bbox 105 911 317 974; x_wconf 85' lang='lat' dir='ltr'>scriptum</span> <span class='ocrx_word' id='word_1_84' title='bbox 353 922 416 955; x_wconf 89' lang='lat' dir='ltr'>est</span> <span class='ocrx_word' id='word_1_85' title='bbox 450 928 460 955; x_wconf 92' lang='lat'>:</span> <span class='ocrx_word' id='word_1_86' title='bbox 500 910 675 954; x_wconf 85' lang='lat' dir='ltr'>«Odisti</span> <span class='ocrx_word' id='word_1_87' title='bbox 709 926 857 955; x_wconf 86' lang='lat' dir='ltr'>onmes</span> <span class='ocrx_word' id='word_1_88' title='bbox 889 908 967 972; x_wconf 87' lang='lat' dir='ltr'>qui</span> <span class='ocrx_word' id='word_1_89' title='bbox 1002 918 1239 970; x_wconf 84' lang='lat' dir='ltr'>operantur</span> <span class='ocrx_word' id='word_1_90' title='bbox 1270 910 1482 973; x_wconf 79' lang='lat' dir='ltr'>iniquita-</span> 
     </span>
     <span class='ocr_line' id='line_1_11' title="bbox 105 978 1474 1043; baseline 0.003 -21"><span class='ocrx_word' id='word_1_91' title='bbox 105 990 225 1025; x_wconf 82' lang='lat' dir='ltr'>»tem</span> <span class='ocrx_word' id='word_1_92' title='bbox 239 980 272 1024; x_wconf 77' lang='lat'>3.</span> <span class='ocrx_word' id='word_1_93' title='bbox 298 1001 314 1021; x_wconf 82' lang='lat'>»</span> <span class='ocrx_word' id='word_1_94' title='bbox 330 979 483 1040; x_wconf 83' lang='lat' dir='ltr'>Diligit</span> <span class='ocrx_word' id='word_1_95' title='bbox 499 997 599 1039; x_wconf 87' lang='lat' dir='ltr'>ergo</span> <span class='ocrx_word' id='word_1_96' title='bbox 617 990 658 1024; x_wconf 88' lang='lat' dir='ltr'>et</span> <span class='ocrx_word' id='word_1_97' title='bbox 681 980 796 1043; x_wconf 83' lang='lat' dir='ltr'>ipsos</span> <span class='ocrx_word' id='word_1_98' title='bbox 810 1016 822 1036; x_wconf 82' lang='grc'>,</span> <span class='ocrx_word' id='word_1_99' title='bbox 843 980 887 1024; x_wconf 87' lang='lat' dir='ltr'>in</span> <span class='ocrx_word' id='word_1_100' title='bbox 902 989 1116 1041; x_wconf 87' lang='lat' dir='ltr'>quantum</span> <span class='ocrx_word' id='word_1_101' title='bbox 1139 978 1337 1025; x_wconf 83' lang='lat' dir='ltr'>homines</span> <span class='ocrx_word' id='word_1_102' title='bbox 1356 992 1474 1036; x_wconf 82' lang='lat' dir='ltr'>sunt,</span> 
     </span>
     <span class='ocr_line' id='line_1_12' title="bbox 105 1048 1482 1113; baseline 0 -17"><span class='ocrx_word' id='word_1_103' title='bbox 105 1050 199 1096; x_wconf 89' lang='lat' dir='ltr'>odit</span> <span class='ocrx_word' id='word_1_104' title='bbox 223 1050 268 1095; x_wconf 92' lang='lat' dir='ltr'>in</span> <span class='ocrx_word' id='word_1_105' title='bbox 295 1062 508 1113; x_wconf 82' lang='lat' dir='ltr'>quantum</span> <span class='ocrx_word' id='word_1_106' title='bbox 531 1050 673 1113; x_wconf 88' lang='lat' dir='ltr'>iniqui</span> <span class='ocrx_word' id='word_1_107' title='bbox 697 1061 797 1095; x_wconf 85' lang='lat' dir='ltr'>sunt</span> <span class='ocrx_word' id='word_1_108' title='bbox 816 1070 827 1103; x_wconf 91' lang='lat'>;</span> <span class='ocrx_word' id='word_1_109' title='bbox 849 1060 892 1094; x_wconf 84' lang='lat' dir='ltr'>et</span> <span class='ocrx_word' id='word_1_110' title='bbox 907 1048 1085 1093; x_wconf 82' lang='lat' dir='ltr'>damnat</span> <span class='ocrx_word' id='word_1_111' title='bbox 1114 1065 1184 1094; x_wconf 83' lang='lat' dir='ltr'>eos</span> <span class='ocrx_word' id='word_1_112' title='bbox 1216 1051 1318 1113; x_wconf 84' lang='lat' dir='ltr'>quia</span> <span class='ocrx_word' id='word_1_113' title='bbox 1342 1050 1482 1113; x_wconf 84' lang='lat' dir='ltr'>iniqui</span> 
     </span>
     <span class='ocr_line' id='line_1_13' title="bbox 105 1118 1483 1183; baseline -0.001 -17"><span class='ocrx_word' id='word_1_114' title='bbox 105 1131 231 1176; x_wconf 61' lang='lat' dir='ltr'>sunt3</span> <span class='ocrx_word' id='word_1_115' title='bbox 262 1131 305 1165; x_wconf 86' lang='lat' dir='ltr'>et</span> <span class='ocrx_word' id='word_1_116' title='bbox 326 1119 432 1166; x_wconf 85' lang='lat' dir='ltr'>facit</span> <span class='ocrx_word' id='word_1_117' title='bbox 455 1138 541 1166; x_wconf 86' lang='lat' dir='ltr'>esse</span> <span class='ocrx_word' id='word_1_118' title='bbox 569 1120 670 1183; x_wconf 86' lang='lat' dir='ltr'>quia</span> <span class='ocrx_word' id='word_1_119' title='bbox 696 1120 895 1165; x_wconf 83' lang='lat' dir='ltr'>homines</span> <span class='ocrx_word' id='word_1_120' title='bbox 920 1128 1020 1164; x_wconf 88' lang='lat' dir='ltr'>sunt</span> <span class='ocrx_word' id='word_1_121' title='bbox 1042 1136 1052 1162; x_wconf 90' lang='lat'>:</span> <span class='ocrx_word' id='word_1_122' title='bbox 1075 1140 1090 1158; x_wconf 90' lang='lat'>«</span> <span class='ocrx_word' id='word_1_123' title='bbox 1112 1118 1226 1175; x_wconf 84' lang='lat' dir='ltr'>Quia</span> <span class='ocrx_word' id='word_1_124' title='bbox 1252 1119 1390 1176; x_wconf 81' lang='lat' dir='ltr'>nihil,</span> <span class='ocrx_word' id='word_1_125' title='bbox 1411 1121 1483 1165; x_wconf 89' lang='lat' dir='ltr'>in—</span> 
     </span>
     <span class='ocr_line' id='line_1_14' title="bbox 105 1190 1485 1255; baseline -0.001 -18"><span class='ocrx_word' id='word_1_126' title='bbox 105 1213 121 1230; x_wconf 85' lang='lat'><em>»</em></span> <span class='ocrx_word' id='word_1_127' title='bbox 137 1192 262 1255; x_wconf 82' lang='lat' dir='ltr'>quit,</span> <span class='ocrx_word' id='word_1_128' title='bbox 285 1190 413 1237; x_wconf 81' lang='lat' dir='ltr'>odisti</span> <span class='ocrx_word' id='word_1_129' title='bbox 436 1191 595 1237; x_wconf 89' lang='lat' dir='ltr'>horum</span> <span class='ocrx_word' id='word_1_130' title='bbox 614 1208 713 1255; x_wconf 81' lang='lat' dir='ltr'>quae</span> <span class='ocrx_word' id='word_1_131' title='bbox 731 1191 883 1237; x_wconf 84' lang='lat' dir='ltr'>fecisti.</span> <span class='ocrx_word' id='word_1_132' title='bbox 904 1213 919 1231; x_wconf 87' lang='lat'>»</span> <span class='ocrx_word' id='word_1_133' title='bbox 939 1191 1068 1236; x_wconf 82' lang='lat' dir='ltr'>Amat</span> <span class='ocrx_word' id='word_1_134' title='bbox 1089 1206 1189 1249; x_wconf 81' lang='lat' dir='ltr'>ergo</span> <span class='ocrx_word' id='word_1_135' title='bbox 1206 1192 1321 1236; x_wconf 91' lang='lat' dir='ltr'>Deus</span> <span class='ocrx_word' id='word_1_136' title='bbox 1335 1191 1485 1237; x_wconf 86' lang='lat' dir='ltr'>homi-</span> 
     </span>
     <span class='ocr_line' id='line_1_15' title="bbox 103 1260 1481 1324; baseline 0 -17"><span class='ocrx_word' id='word_1_137' title='bbox 103 1279 180 1308; x_wconf 89' lang='lat' dir='ltr'>nes</span> <span class='ocrx_word' id='word_1_138' title='bbox 203 1278 340 1324; x_wconf 87' lang='lat' dir='ltr'>usque</span> <span class='ocrx_word' id='word_1_139' title='bbox 357 1261 488 1317; x_wconf 86' lang='lat' dir='ltr'>adeo,</span> <span class='ocrx_word' id='word_1_140' title='bbox 516 1272 565 1307; x_wconf 91' lang='lat' dir='ltr'>ut</span> <span class='ocrx_word' id='word_1_141' title='bbox 580 1262 738 1316; x_wconf 46' lang='lat' dir='ltr'>etiam&gt;</span> <span class='ocrx_word' id='word_1_142' title='bbox 767 1277 867 1305; x_wconf 89' lang='lat' dir='ltr'>cum</span> <span class='ocrx_word' id='word_1_143' title='bbox 887 1260 1028 1322; x_wconf 85' lang='lat' dir='ltr'>iniqui</span> <span class='ocrx_word' id='word_1_144' title='bbox 1050 1271 1174 1316; x_wconf 82' lang='lat' dir='ltr'>sunt,</span> <span class='ocrx_word' id='word_1_145' title='bbox 1199 1272 1311 1306; x_wconf 82' lang='lat' dir='ltr'>amet</span> <span class='ocrx_word' id='word_1_146' title='bbox 1328 1272 1375 1306; x_wconf 90' lang='lat' dir='ltr'>ut</span> <span class='ocrx_word' id='word_1_147' title='bbox 1395 1261 1481 1307; x_wconf 88' lang='lat' dir='ltr'>ho—</span> 
     </span>
     <span class='ocr_line' id='line_1_16' title="bbox 103 1329 1484 1395; baseline 0.001 -18"><span class='ocrx_word' id='word_1_148' title='bbox 103 1332 241 1378; x_wconf 87' lang='lat' dir='ltr'>mines</span> <span class='ocrx_word' id='word_1_149' title='bbox 260 1341 361 1377; x_wconf 87' lang='lat' dir='ltr'>sunt</span> <span class='ocrx_word' id='word_1_150' title='bbox 378 1367 389 1387; x_wconf 84' lang='grc'><em>,</em></span> <span class='ocrx_word' id='word_1_151' title='bbox 415 1331 617 1395; x_wconf 88' lang='lat' dir='ltr'>quamvis</span> <span class='ocrx_word' id='word_1_152' title='bbox 636 1331 777 1376; x_wconf 87' lang='lat' dir='ltr'>oderit</span> <span class='ocrx_word' id='word_1_153' title='bbox 795 1330 917 1393; x_wconf 87' lang='lat' dir='ltr'>quod</span> <span class='ocrx_word' id='word_1_154' title='bbox 934 1329 1074 1393; x_wconf 91' lang='lat' dir='ltr'>iniqui</span> <span class='ocrx_word' id='word_1_155' title='bbox 1088 1331 1172 1375; x_wconf 89' lang='lat' dir='ltr'>sint</span> <span class='ocrx_word' id='word_1_156' title='bbox 1191 1348 1201 1375; x_wconf 76' lang='grc' dir='ltr'>ε</span> <span class='ocrx_word' id='word_1_157' title='bbox 1222 1332 1287 1377; x_wconf 87' lang='lat' dir='ltr'>Ac</span> <span class='ocrx_word' id='word_1_158' title='bbox 1304 1349 1383 1395; x_wconf 84' lang='lat' dir='ltr'>per</span> <span class='ocrx_word' id='word_1_159' title='bbox 1398 1333 1484 1378; x_wconf 86' lang='lat' dir='ltr'>hoc</span> 
     </span>
     <span class='ocr_line' id='line_1_17' title="bbox 103 1401 1483 1465; baseline 0.001 -17"><span class='ocrx_word' id='word_1_160' title='bbox 103 1402 246 1465; x_wconf 85' lang='lat' dir='ltr'>iniqui</span> <span class='ocrx_word' id='word_1_161' title='bbox 269 1416 378 1465; x_wconf 87' lang='lat' dir='ltr'>quos</span> <span class='ocrx_word' id='word_1_162' title='bbox 398 1402 514 1447; x_wconf 86' lang='lat' dir='ltr'>Deus</span> <span class='ocrx_word' id='word_1_163' title='bbox 540 1401 660 1458; x_wconf 88' lang='lat' dir='ltr'>odit,</span> <span class='ocrx_word' id='word_1_164' title='bbox 684 1412 726 1447; x_wconf 89' lang='lat' dir='ltr'>et</span> <span class='ocrx_word' id='word_1_165' title='bbox 759 1411 861 1447; x_wconf 88' lang='lat' dir='ltr'>sunt</span> <span class='ocrx_word' id='word_1_166' title='bbox 883 1401 1081 1447; x_wconf 84' lang='lat' dir='ltr'>homines</span> <span class='ocrx_word' id='word_1_167' title='bbox 1098 1438 1110 1457; x_wconf 84' lang='grc'>,</span> <span class='ocrx_word' id='word_1_168' title='bbox 1138 1403 1345 1465; x_wconf 87' lang='lat' dir='ltr'>quoniam</span> <span class='ocrx_word' id='word_1_169' title='bbox 1370 1404 1483 1449; x_wconf 80' lang='lat' dir='ltr'>Deus</span> 
     </span>
     <span class='ocr_line' id='line_1_18' title="bbox 104 1471 1484 1535; baseline 0 -16"><span class='ocrx_word' id='word_1_170' title='bbox 104 1489 231 1519; x_wconf 86' lang='lat' dir='ltr'>suum</span> <span class='ocrx_word' id='word_1_171' title='bbox 248 1482 365 1518; x_wconf 82' lang='lat' dir='ltr'>amat</span> <span class='ocrx_word' id='word_1_172' title='bbox 381 1471 611 1535; x_wconf 85' lang='lat' dir='ltr'>opificium</span> <span class='ocrx_word' id='word_1_173' title='bbox 627 1493 637 1528; x_wconf 82' lang='lat'><em>3</em></span> <span class='ocrx_word' id='word_1_174' title='bbox 658 1483 701 1518; x_wconf 86' lang='lat' dir='ltr'>et</span> <span class='ocrx_word' id='word_1_175' title='bbox 717 1471 860 1518; x_wconf 86' lang='lat' dir='ltr'>miseri</span> <span class='ocrx_word' id='word_1_176' title='bbox 876 1482 998 1528; x_wconf 78' lang='lat' dir='ltr'>sunt,</span> <span class='ocrx_word' id='word_1_177' title='bbox 1016 1472 1223 1535; x_wconf 81' lang='lat' dir='ltr'>quoniam</span> <span class='ocrx_word' id='word_1_178' title='bbox 1240 1473 1353 1519; x_wconf 88' lang='lat' dir='ltr'>Deus</span> <span class='ocrx_word' id='word_1_179' title='bbox 1367 1485 1484 1520; x_wconf 80' lang='lat' dir='ltr'>amat</span> 
     </span>
     <span class='ocr_line' id='line_1_19' title="bbox 100 1543 336 1603; baseline 0 -13"><span class='ocrx_word' id='word_1_180' title='bbox 100 1543 336 1603; x_wconf 85' lang='lat' dir='ltr'>judicium.</span> 
     </span>
    </p>

    <p class='ocr_par' dir='ltr' id='par_1_4' title="bbox 102 1613 1484 2011">
     <span class='ocr_line' id='line_1_20' title="bbox 169 1613 1482 1679; baseline 0.001 -18"><span class='ocrx_word' id='word_1_181' title='bbox 169 1614 344 1661; x_wconf 80' lang='lat' dir='ltr'>CXXV.</span> <span class='ocrx_word' id='word_1_182' title='bbox 384 1613 408 1658; x_wconf 85' lang='lat' dir='ltr'><strong>J</strong></span> <span class='ocrx_word' id='word_1_183' title='bbox 416 1631 478 1661; x_wconf 85' lang='lat' dir='ltr'>UL.</span> <span class='ocrx_word' id='word_1_184' title='bbox 525 1634 546 1656; x_wconf 77' lang='grc' dir='ltr'>(ι</span> <span class='ocrx_word' id='word_1_185' title='bbox 574 1614 799 1659; x_wconf 86' lang='lat' dir='ltr'>Cernis-ne</span> <span class='ocrx_word' id='word_1_186' title='bbox 833 1630 966 1678; x_wconf 85' lang='lat' dir='ltr'>quam</span> <span class='ocrx_word' id='word_1_187' title='bbox 1005 1614 1157 1659; x_wconf 86' lang='lat' dir='ltr'>infesta</span> <span class='ocrx_word' id='word_1_188' title='bbox 1191 1615 1245 1660; x_wconf 88' lang='lat' dir='ltr'>sit</span> <span class='ocrx_word' id='word_1_189' title='bbox 1284 1616 1482 1679; x_wconf 86' lang='lat' dir='ltr'>opinioni</span> 
     </span>
     <span class='ocr_line' id='line_1_21' title="bbox 107 1683 1481 1744; baseline 0.002 -14"><span class='ocrx_word' id='word_1_190' title='bbox 107 1694 256 1731; x_wconf 82' lang='lat' dir='ltr'>vestrae</span> <span class='ocrx_word' id='word_1_191' title='bbox 289 1683 549 1744; x_wconf 81' lang='lat' dir='ltr'>gratificatio</span> <span class='ocrx_word' id='word_1_192' title='bbox 583 1683 664 1729; x_wconf 91' lang='lat' dir='ltr'>Dei</span> <span class='ocrx_word' id='word_1_193' title='bbox 698 1683 966 1730; x_wconf 68' lang='lat' dir='ltr'>laudatoris?</span> <span class='ocrx_word' id='word_1_194' title='bbox 1004 1684 1124 1729; x_wconf 89' lang='lat' dir='ltr'>Dicit</span> <span class='ocrx_word' id='word_1_195' title='bbox 1157 1702 1257 1730; x_wconf 88' lang='lat' dir='ltr'>eum</span> <span class='ocrx_word' id='word_1_196' title='bbox 1293 1687 1481 1733; x_wconf 87' lang='lat' dir='ltr'>condere</span> 
     </span>
     <span class='ocr_line' id='line_1_22' title="bbox 104 1754 1482 1819; baseline 0.003 -19"><span class='ocrx_word' id='word_1_197' title='bbox 104 1754 293 1810; x_wconf 83' lang='lat' dir='ltr'>animas,</span> <span class='ocrx_word' id='word_1_198' title='bbox 330 1764 372 1800; x_wconf 91' lang='lat' dir='ltr'>et</span> <span class='ocrx_word' id='word_1_199' title='bbox 398 1771 544 1800; x_wconf 84' lang='lat' dir='ltr'>amare</span> <span class='ocrx_word' id='word_1_200' title='bbox 575 1754 735 1818; x_wconf 84' lang='lat' dir='ltr'>:quod</span> <span class='ocrx_word' id='word_1_201' title='bbox 770 1773 791 1800; x_wconf 86' lang='lat' dir='ltr'>a</span> <span class='ocrx_word' id='word_1_202' title='bbox 819 1755 943 1801; x_wconf 78' lang='lat' dir='ltr'>vobis</span> <span class='ocrx_word' id='word_1_203' title='bbox 980 1765 1178 1815; x_wconf 80' lang='lat' dir='ltr'>negatur,</span> <span class='ocrx_word' id='word_1_204' title='bbox 1215 1757 1289 1819; x_wconf 90' lang='lat' dir='ltr'>qui</span> <span class='ocrx_word' id='word_1_205' title='bbox 1324 1759 1482 1817; x_wconf 86' lang='lat' dir='ltr'>juratis</span> 
     </span>
     <span class='ocr_line' id='line_1_23' title="bbox 102 1824 1482 1885; baseline 0.003 -15"><span class='ocrx_word' id='word_1_206' title='bbox 102 1824 399 1871; x_wconf 85' lang='lat' dir='ltr'>innocentium</span> <span class='ocrx_word' id='word_1_207' title='bbox 419 1824 582 1870; x_wconf 84' lang='lat' dir='ltr'>animas</span> <span class='ocrx_word' id='word_1_208' title='bbox 599 1841 685 1870; x_wconf 86' lang='lat' dir='ltr'>esse</span> <span class='ocrx_word' id='word_1_209' title='bbox 702 1825 784 1870; x_wconf 84' lang='lat' dir='ltr'>sub</span> <span class='ocrx_word' id='word_1_210' title='bbox 803 1825 981 1870; x_wconf 88' lang='lat' dir='ltr'>diabolo</span> <span class='ocrx_word' id='word_1_211' title='bbox 996 1861 1007 1880; x_wconf 87' lang='lat'><strong>‚</strong></span> <span class='ocrx_word' id='word_1_212' title='bbox 1032 1835 1074 1870; x_wconf 84' lang='lat' dir='ltr'>et</span> <span class='ocrx_word' id='word_1_213' title='bbox 1087 1842 1229 1871; x_wconf 78' lang='lat' dir='ltr'>exosas</span> <span class='ocrx_word' id='word_1_214' title='bbox 1254 1827 1364 1885; x_wconf 85' lang='lat' dir='ltr'>De03</span> <span class='ocrx_word' id='word_1_215' title='bbox 1380 1838 1482 1874; x_wconf 86' lang='lat' dir='ltr'>cum</span> 
     </span>
     <span class='ocr_line' id='line_1_24' title="bbox 103 1894 1484 1958; baseline 0.003 -18"><span class='ocrx_word' id='word_1_216' title='bbox 103 1895 218 1941; x_wconf 87' lang='lat' dir='ltr'>nihil</span> <span class='ocrx_word' id='word_1_217' title='bbox 258 1894 453 1940; x_wconf 83' lang='lat' dir='ltr'>habeant</span> <span class='ocrx_word' id='word_1_218' title='bbox 490 1894 609 1940; x_wconf 85' lang='lat' dir='ltr'>aliud</span> <span class='ocrx_word' id='word_1_219' title='bbox 628 1931 640 1951; x_wconf 87' lang='lat'>‚</span> <span class='ocrx_word' id='word_1_220' title='bbox 680 1911 812 1958; x_wconf 89' lang='lat' dir='ltr'>quam</span> <span class='ocrx_word' id='word_1_221' title='bbox 849 1894 971 1958; x_wconf 90' lang='lat' dir='ltr'>quod</span> <span class='ocrx_word' id='word_1_222' title='bbox 1010 1895 1068 1941; x_wconf 84' lang='lat' dir='ltr'>ab</span> <span class='ocrx_word' id='word_1_223' title='bbox 1107 1905 1281 1941; x_wconf 88' lang='lat' dir='ltr'>auctore</span> <span class='ocrx_word' id='word_1_224' title='bbox 1319 1899 1484 1944; x_wconf 85' lang='lat' dir='ltr'>sortitae</span> 
     </span>
     <span class='ocr_line' id='line_1_25' title="bbox 105 1975 269 2011; baseline 0.006 -1"><span class='ocrx_word' id='word_1_225' title='bbox 105 1975 221 2011; x_wconf 84' lang='lat' dir='ltr'>sunt.</span> <span class='ocrx_word' id='word_1_226' title='bbox 248 1984 269 2006; x_wconf 74' lang='lat'>²&gt;</span> 
     </span>
    </p>

    <p class='ocr_par' dir='ltr' id='par_1_5' title="bbox 104 2035 1492 2593">
     <span class='ocr_line' id='line_1_26' title="bbox 172 2035 1483 2094; baseline 0.002 -14"><span class='ocrx_word' id='word_1_227' title='bbox 172 2037 285 2081; x_wconf 70' lang='lat' dir='ltr'>Am.</span> <span class='ocrx_word' id='word_1_228' title='bbox 328 2035 443 2094; x_wconf 85' lang='lat' dir='ltr'>Ergo</span> <span class='ocrx_word' id='word_1_229' title='bbox 465 2035 706 2081; x_wconf 83' lang='lat' dir='ltr'>secundum</span> <span class='ocrx_word' id='word_1_230' title='bbox 730 2046 769 2081; x_wconf 86' lang='lat' dir='ltr'>te</span> <span class='ocrx_word' id='word_1_231' title='bbox 784 2072 795 2091; x_wconf 84' lang='lat'>‚</span> <span class='ocrx_word' id='word_1_232' title='bbox 823 2045 864 2081; x_wconf 90' lang='lat' dir='ltr'>et</span> <span class='ocrx_word' id='word_1_233' title='bbox 885 2035 1129 2080; x_wconf 68' lang='lat' dir='ltr'>fatuitatem</span> <span class='ocrx_word' id='word_1_234' title='bbox 1150 2053 1173 2080; x_wconf 88' lang='lat' dir='ltr'>a</span> <span class='ocrx_word' id='word_1_235' title='bbox 1197 2036 1284 2081; x_wconf 86' lang='lat' dir='ltr'>Deo</span> <span class='ocrx_word' id='word_1_236' title='bbox 1308 2047 1483 2083; x_wconf 86' lang='lat' dir='ltr'>auctore</span> 
     </span>
     <span class='ocr_line' id='line_1_27' title="bbox 104 2106 1484 2171; baseline 0.001 -19"><span class='ocrx_word' id='word_1_237' title='bbox 104 2106 362 2160; x_wconf 85' lang='lat' dir='ltr'>sortiuntur,</span> <span class='ocrx_word' id='word_1_238' title='bbox 379 2107 648 2170; x_wconf 88' lang='lat' dir='ltr'>quicumque</span> <span class='ocrx_word' id='word_1_239' title='bbox 664 2107 773 2152; x_wconf 85' lang='lat' dir='ltr'>fatui</span> <span class='ocrx_word' id='word_1_240' title='bbox 793 2116 1048 2161; x_wconf 76' lang='lat' dir='ltr'>nascuntur,</span> <span class='ocrx_word' id='word_1_241' title='bbox 1071 2115 1182 2169; x_wconf 87' lang='lat' dir='ltr'>quos</span> <span class='ocrx_word' id='word_1_242' title='bbox 1202 2108 1335 2166; x_wconf 78' lang='lat' dir='ltr'>magis</span> <span class='ocrx_word' id='word_1_243' title='bbox 1352 2124 1484 2171; x_wconf 86' lang='lat' dir='ltr'>quam</span> 
     </span>
     <span class='ocr_line' id='line_1_28' title="bbox 106 2176 1487 2241; baseline 0.001 -18"><span class='ocrx_word' id='word_1_244' title='bbox 106 2188 301 2224; x_wconf 85' lang='lat' dir='ltr'>mortuos</span> <span class='ocrx_word' id='word_1_245' title='bbox 324 2176 432 2222; x_wconf 82' lang='lat' dir='ltr'>dicit</span> <span class='ocrx_word' id='word_1_246' title='bbox 456 2194 577 2223; x_wconf 83' lang='lat' dir='ltr'>sacra</span> <span class='ocrx_word' id='word_1_247' title='bbox 603 2177 832 2241; x_wconf 84' lang='lat' dir='ltr'>Scriptura</span> <span class='ocrx_word' id='word_1_248' title='bbox 855 2193 942 2222; x_wconf 87' lang='lat' dir='ltr'>esse</span> <span class='ocrx_word' id='word_1_249' title='bbox 971 2176 1230 2236; x_wconf 43' lang='lat' dir='ltr'>lugendos&amp;</span> <span class='ocrx_word' id='word_1_250' title='bbox 1267 2177 1351 2223; x_wconf 85' lang='lat' dir='ltr'>Sed</span> <span class='ocrx_word' id='word_1_251' title='bbox 1377 2180 1487 2224; x_wconf 87' lang='lat' dir='ltr'>isto-</span> 
     </span>
     <span class='ocr_line' id='line_1_29' title="bbox 105 2245 1483 2309; baseline 0.002 -18"><span class='ocrx_word' id='word_1_252' title='bbox 105 2263 202 2292; x_wconf 86' lang='lat' dir='ltr'>rum</span> <span class='ocrx_word' id='word_1_253' title='bbox 221 2262 398 2309; x_wconf 85' lang='lat' dir='ltr'>quoque</span> <span class='ocrx_word' id='word_1_254' title='bbox 413 2247 578 2292; x_wconf 84' lang='lat' dir='ltr'>animas</span> <span class='ocrx_word' id='word_1_255' title='bbox 601 2247 843 2292; x_wconf 89' lang='lat' dir='ltr'>secundum</span> <span class='ocrx_word' id='word_1_256' title='bbox 864 2245 1095 2309; x_wconf 85' lang='lat' dir='ltr'>quemdam</span> <span class='ocrx_word' id='word_1_257' title='bbox 1117 2246 1319 2303; x_wconf 77' lang='lat' dir='ltr'>modum,</span> <span class='ocrx_word' id='word_1_258' title='bbox 1338 2248 1381 2293; x_wconf 84' lang='lat' dir='ltr'>id</span> <span class='ocrx_word' id='word_1_259' title='bbox 1404 2259 1483 2305; x_wconf 79' lang='lat' dir='ltr'>est,</span> 
     </span>
     <span class='ocr_line' id='line_1_30' title="bbox 107 2316 1489 2380; baseline 0.003 -19"><span class='ocrx_word' id='word_1_260' title='bbox 107 2327 156 2362; x_wconf 86' lang='lat' dir='ltr'>ut</span> <span class='ocrx_word' id='word_1_261' title='bbox 188 2316 302 2372; x_wconf 89' lang='lat' dir='ltr'>sint,</span> <span class='ocrx_word' id='word_1_262' title='bbox 341 2326 390 2361; x_wconf 85' lang='lat' dir='ltr'>ut</span> <span class='ocrx_word' id='word_1_263' title='bbox 425 2318 599 2374; x_wconf 80' lang='lat' dir='ltr'>vivant,</span> <span class='ocrx_word' id='word_1_264' title='bbox 641 2328 689 2363; x_wconf 87' lang='lat' dir='ltr'>ut</span> <span class='ocrx_word' id='word_1_265' title='bbox 724 2318 932 2373; x_wconf 82' lang='lat' dir='ltr'>sentiant,</span> <span class='ocrx_word' id='word_1_266' title='bbox 974 2328 1022 2361; x_wconf 82' lang='lat' dir='ltr'>ut</span> <span class='ocrx_word' id='word_1_267' title='bbox 1060 2318 1261 2380; x_wconf 87' lang='lat' dir='ltr'>quamvis</span> <span class='ocrx_word' id='word_1_268' title='bbox 1301 2319 1489 2365; x_wconf 83' lang='lat' dir='ltr'>obtunsa</span> 
     </span>
     <span class='ocr_line' id='line_1_31' title="bbox 105 2386 1492 2453; baseline 0.001 -20"><span class='ocrx_word' id='word_1_269' title='bbox 105 2387 259 2433; x_wconf 89' lang='lat' dir='ltr'>mentis</span> <span class='ocrx_word' id='word_1_270' title='bbox 284 2386 402 2438; x_wconf 81' lang='lat' dir='ltr'>acie,</span> <span class='ocrx_word' id='word_1_271' title='bbox 436 2397 581 2433; x_wconf 83' lang='lat' dir='ltr'>tamen</span> <span class='ocrx_word' id='word_1_272' title='bbox 603 2389 840 2451; x_wconf 80' lang='lat' dir='ltr'>pecoribus</span> <span class='ocrx_word' id='word_1_273' title='bbox 876 2386 1162 2444; x_wconf 82' lang='lat' dir='ltr'>antecellant,</span> <span class='ocrx_word' id='word_1_274' title='bbox 1202 2399 1317 2433; x_wconf 85' lang='lat' dir='ltr'>amat</span> <span class='ocrx_word' id='word_1_275' title='bbox 1342 2391 1492 2453; x_wconf 87' lang='lat' dir='ltr'>utique</span> 
     </span>
     <span class='ocr_line' id='line_1_32' title="bbox 107 2457 1489 2522; baseline 0.003 -19"><span class='ocrx_word' id='word_1_276' title='bbox 107 2459 238 2505; x_wconf 89' lang='lat' dir='ltr'>Deus.</span> <span class='ocrx_word' id='word_1_277' title='bbox 271 2457 366 2504; x_wconf 84' lang='lat' dir='ltr'>Alia</span> <span class='ocrx_word' id='word_1_278' title='bbox 391 2468 538 2503; x_wconf 86' lang='lat' dir='ltr'>autem</span> <span class='ocrx_word' id='word_1_279' title='bbox 565 2469 629 2504; x_wconf 83' lang='lat' dir='ltr'>est</span> <span class='ocrx_word' id='word_1_280' title='bbox 646 2459 719 2504; x_wconf 87' lang='lat' dir='ltr'>illa</span> <span class='ocrx_word' id='word_1_281' title='bbox 736 2459 913 2505; x_wconf 86' lang='lat' dir='ltr'>dilectio</span> <span class='ocrx_word' id='word_1_282' title='bbox 931 2497 943 2516; x_wconf 81' lang='lat'><strong>,</strong></span> <span class='ocrx_word' id='word_1_283' title='bbox 975 2458 1029 2503; x_wconf 91' lang='lat' dir='ltr'>de</span> <span class='ocrx_word' id='word_1_284' title='bbox 1047 2475 1134 2521; x_wconf 86' lang='lat' dir='ltr'>qua</span> <span class='ocrx_word' id='word_1_285' title='bbox 1160 2459 1374 2522; x_wconf 85' lang='lat' dir='ltr'>scriptum</span> <span class='ocrx_word' id='word_1_286' title='bbox 1395 2472 1456 2506; x_wconf 86' lang='lat' dir='ltr'>est</span> <span class='ocrx_word' id='word_1_287' title='bbox 1478 2479 1489 2507; x_wconf 89' lang='lat'>:</span> 
     </span>
     <span class='ocr_line' id='line_1_33' title="bbox 108 2527 1491 2593; baseline 0.004 -21"><span class='ocrx_word' id='word_1_288' title='bbox 108 2550 130 2572; x_wconf 88' lang='lat'>«</span> <span class='ocrx_word' id='word_1_289' title='bbox 156 2529 382 2575; x_wconf 89' lang='lat' dir='ltr'>Neminem</span> <span class='ocrx_word' id='word_1_290' title='bbox 406 2527 550 2588; x_wconf 83' lang='lat' dir='ltr'>diligit</span> <span class='ocrx_word' id='word_1_291' title='bbox 570 2530 687 2575; x_wconf 84' lang='lat' dir='ltr'>Deus</span> <span class='ocrx_word' id='word_1_292' title='bbox 706 2566 718 2585; x_wconf 86' lang='lat'>,</span> <span class='ocrx_word' id='word_1_293' title='bbox 738 2530 819 2575; x_wconf 88' lang='lat' dir='ltr'>nisi</span> <span class='ocrx_word' id='word_1_294' title='bbox 833 2546 932 2575; x_wconf 89' lang='lat' dir='ltr'>eum</span> <span class='ocrx_word' id='word_1_295' title='bbox 954 2528 1147 2593; x_wconf 86' lang='lat' dir='ltr'>quicum</span> <span class='ocrx_word' id='word_1_296' title='bbox 1172 2531 1382 2593; x_wconf 73' lang='lat' dir='ltr'>sapientia</span> <span class='ocrx_word' id='word_1_297' title='bbox 1407 2531 1491 2578; x_wconf 76' lang='lat' dir='ltr'>ha-</span> 
     </span>
    </p>
   </div>
   <div class='ocr_carea' id='block_1_3' title="bbox 155 2627 1438 2673">
    <p class='ocr_par' dir='ltr' id='par_1_6' title="bbox 155 2627 1438 2673">
     <span class='ocr_line' id='line_1_34' title="bbox 155 2627 1438 2673; baseline 0.003 -11"><span class='ocrx_word' id='word_1_298' title='bbox 155 2630 166 2653; x_wconf 80' lang='lat'>1</span> <span class='ocrx_word' id='word_1_299' title='bbox 190 2628 310 2673; x_wconf 70' lang='lat' dir='ltr'>Ephes.</span> <span class='ocrx_word' id='word_1_300' title='bbox 335 2639 374 2668; x_wconf 85' lang='lat'>11,</span> <span class='ocrx_word' id='word_1_301' title='bbox 391 2630 424 2663; x_wconf 81' lang='grc'>3.</span> <span class='ocrx_word' id='word_1_302' title='bbox 444 2646 491 2652; x_wconf 88' lang='grc'><strong>-</strong></span> <span class='ocrx_word' id='word_1_303' title='bbox 514 2627 530 2651; x_wconf 86' lang='lat'><strong>2</strong></span> <span class='ocrx_word' id='word_1_304' title='bbox 545 2632 618 2672; x_wconf 83' lang='lat' dir='ltr'>Sap.</span> <span class='ocrx_word' id='word_1_305' title='bbox 635 2640 681 2669; x_wconf 73' lang='lat' dir='ltr'>xi,</span> <span class='ocrx_word' id='word_1_306' title='bbox 700 2631 753 2663; x_wconf 85' lang='lat'>25.</span> <span class='ocrx_word' id='word_1_307' title='bbox 770 2648 812 2654; x_wconf 87' lang='lat'><strong>—</strong></span> <span class='ocrx_word' id='word_1_308' title='bbox 832 2627 847 2652; x_wconf 82' lang='lat'>3</span> <span class='ocrx_word' id='word_1_309' title='bbox 864 2630 949 2662; x_wconf 80' lang='lat' dir='ltr'>Psal.</span> <span class='ocrx_word' id='word_1_310' title='bbox 973 2640 1048 2668; x_wconf 86' lang='lat' dir='ltr'><strong>v,7.</strong></span> <span class='ocrx_word' id='word_1_311' title='bbox 1069 2646 1112 2652; x_wconf 89' lang='lat'>—</span> <span class='ocrx_word' id='word_1_312' title='bbox 1131 2627 1144 2651; x_wconf 68' lang='lat'>⁴</span> <span class='ocrx_word' id='word_1_313' title='bbox 1162 2630 1261 2664; x_wconf 85' lang='lat' dir='ltr'>Eccli.</span> <span class='ocrx_word' id='word_1_314' title='bbox 1283 2642 1363 2671; x_wconf 72' lang='lat' dir='ltr'>xxii,</span> <span class='ocrx_word' id='word_1_315' title='bbox 1388 2645 1438 2666; x_wconf 84' lang='grc' dir='ltr'>ιο.</span> 
     </span>
    </p>
   </div>
  </div>
 </body>
</html>
