1863 3262
302 220 394 266 26ss
717 236 752 265 ε.
796 235 1041 266 AUGUSTINI
1075 234 1278 267 Episcopi

300 300 512 355 diximus,
545 310 588 345 et
625 311 817 345 vestrum
840 318 1030 346 errorem
1055 318 1152 348 vere
1175 311 1517 364 consequuntur,
1552 311 1594 348 et
1629 302 1687 348 ab

303 369 506 414 omnibus
531 370 787 415 hominibus
814 381 1020 434 tanquam
1041 388 1194 417 vesana
1219 382 1345 435 atque
1362 372 1522 418 furiosa
1541 371 1608 419 vel
1631 373 1687 424 ri-

307 441 485 494 dentur,
516 441 583 486 vel
602 442 904 498 exhorrentur,
931 442 1133 489 illideret.

368 512 501 558 CXV.
543 512 648 558 JUL.
682 534 702 553 α
730 513 880 576 Neque
901 514 1014 559 euim
1041 514 1201 574 injure
1224 518 1485 578 cujusquam
1517 525 1579 561 est
1605 514 1686 561 de·-

302 581 423 626 ssnita
458 582 700 645 suscipere,
738 593 780 627 et
814 600 914 645 quae
955 595 1281 647 consequuntur
1320 584 1561 635 excludere.
1598 584 1687 646 Qui

301 668 402 711 ergo
422 651 530 697 dicit
552 663 737 716 propter
758 652 845 698 hoc
866 653 1072 716 parvulos
1093 654 1143 699 ad
1161 658 1234 713 jus
1259 654 1425 700 diaboli
1449 654 1682 718 pertinere,

302 723 508 784 quoniam
533 723 587 768 de
626 739 745 768 sexus
783 723 1088 768 commixtione
1106 734 1394 782 generantum
1422 725 1512 778 sine
1548 723 1687 771 dubio

303 792 443 854 ipsam
481 793 860 848 commixtionem,
900 793 944 838 in
978 809 1066 856 qua
1101 804 1269 839 naturae
1301 811 1412 857 opus
1457 805 1549 850 est,
1584 811 1685 842 cum

302 874 470 909 naturae
489 864 625 927 ipsius
644 864 915 909 institutione
941 863 1219 918 condemnat.
1247 886 1267 906 »

370 935 483 981 Ano.
517 934 619 979 Tibi
647 935 823 998 quidem
843 934 930 980 hoc
950 934 1156 980 videtur:
1189 935 1262 981 sed
1287 952 1436 982 verum
1459 952 1548 982 non
1570 953 1680 991 esse,

302 1004 450 1066 <quod
472 1015 518 1049 tu
537 1021 625 1049 non
647 1004 766 1050 vides
784 1041 795 1059 ‚
820 1005 835 1065 )
856 1004 966 1049 vidit
994 1005 1250 1055 Ambrosius
1264 1005 1302 1061 1,
1322 1006 1399 1068 qui
1418 1006 1524 1054 dixit
1541 1023 1687 1069 exper-

303 1084 364 1118 tes
391 1091 474 1119 11011
499 1092 584 1120 esse
608 1074 754 1121 delicti
779 1092 824 1138 ex
853 1075 946 1121 viro
972 1085 1012 1120 et
1047 1075 1249 1131 muliere,
1276 1077 1321 1121 id
1356 1087 1443 1131 est,
1465 1094 1543 1140 per
1566 1076 1686 1122 illam

303 1145 653 1191 commixtionem
681 1162 916 1208 corporum
944 1156 1069 1191 natos
1092 1164 1102 1191 ε
1131 1163 1210 1192 nec
1235 1157 1378 1192 tamen
1398 1147 1537 1210 ipsam
1560 1163 1687 1199 com-

303 1214 526 1260 mitionem
565 1233 668 1262 cum
709 1216 846 1279 ipsius
884 1226 1052 1262 naturae
1090 1216 1362 1263 institutione
1401 1216 1680 1264 condemnat.

303 1283 565 1331 Commixtio
588 1286 754 1351 quippe
782 1290 1018 1345 conjugum
1049 1287 1311 1350 procreandi
1338 1305 1489 1343 causa,
1519 1287 1687 1337 honum

300 1365 363 1399 est
386 1356 642 1418 nuptiarum
668 1375 678 1401 :
716 1356 789 1403 sed
813 1357 871 1402 ita
897 1358 1010 1404 fiunt
1039 1357 1249 1403 nonnulla
1287 1375 1420 1421 opera
1451 1358 1570 1404 hona
1598 1374 1687 1405 non

302 1425 391 1471 sine
427 1427 540 1472 malo
574 1428 811 1484 vitiorum,
847 1429 959 1474 sicut
998 1446 1128 1491 opera
1160 1429 1274 1474 mala
1310 1446 1400 1474 non
1437 1430 1527 1474 sine
1566 1429 1686 1474 bono

302 1497 617 1544 membrorum.
655 1498 981 1555 (31111111151111012
1017 1509 1160 1544 autem
1196 1500 1309 1544 vitiis
1349 1509 1550 1563 turpetur
1567 1516 1688 1563 quae-

301 1582 489 1630 cumque
521 1579 702 1620 natura„
741 1569 954 1614 institutio
990 1572 1081 1628 ejus
1117 1586 1285 1632 semper
1322 1580 1384 1615 est
1410 1570 1542 1616 bona.
1573 1570 1685 1615 Nam

299 1637 412 1683 sicut
432 1640 645 1686 institutio
672 1641 866 1703 corporis
884 1641 1001 1686 bona
1025 1651 1087 1686 est
1103 1677 1115 1696 ‚
1137 1641 1264 1686 etiam
1283 1641 1462 1705 quando
1494 1642 1688 1687 nascitur

298 1709 555 1765 morbidus3
593 1723 633 1757 et
664 1712 882 1757 institutio
909 1712 1043 1757 animi
1077 1713 1191 1757 bona
1229 1723 1316 1765 est,
1353 1714 1482 1758 etiam
1506 1712 1686 1776 quando

299 1780 491 1826 nascitur
521 1782 664 1828 fatuus
689 1800 699 1826 ε
725 1783 784 1828 sic
811 1782 1026 1827 institutio
1064 1782 1255 1827 hominis
1285 1783 1420 1845 ipsius
1449 1783 1566 1830 bona
1593 1792 1682 1838 est,

299 1851 476 1912 quando
498 1854 691 1898 nascitur
714 1853 964 1913 contagioni
982 1854 1149 1916 peccati
1173 1853 1393 1913 originalis
1420 1854 1647 1899 obnoxius.

365 1922 525 1968 cxvi.
568 1923 667 1969 JL'L.
696 1945 716 1965 ‹<
735 1924 867 1979 Quod
891 1934 966 1968 aut
981 1934 1216 1987 utrumque
1241 1924 1371 1969 simul
1391 1935 1589 1984 negatur,
1612 1933 1687 1970 aut

299 1991 427 2037 simul
452 2003 688 2057 utrumque
709 1995 963 2057 suscipitur3
977 2005 1018 2040 et
1038 2012 1139 2040 cum
1165 1995 1217 2040 sit
1237 1995 1281 2040 in
1300 2005 1510 2058 potestate
1529 1995 1687 2040 utrius-

299 2079 383 2125 que
402 2064 575 2122 rejectio
596 2101 606 2118 ‚
635 2081 723 2109 non
748 2075 809 2109 est
833 2076 977 2110 tamen
1002 2066 1047 2110 in
1075 2066 1257 2111 arbitrio
1299 2065 1472 2110 alterius
1501 2065 1682 2119 electi03

299 2132 379 2177 nisi
395 2133 514 2195 quod
533 2132 704 2178 facilius
726 2145 867 2197 potest
888 2135 1037 2180 illicita
1058 2135 1366 2180 commixtione
1389 2136 1561 2195 gravari
1578 2135 1684 2187 vitio

298 2202 553 2257 voluntatis,
575 2204 786 2250 seminum
813 2216 953 2250 tamen
972 2205 1308 2251 fructificatione
1328 2205 1500 2256 defensa
1518 2243 1529 2261 ,
1551 2222 1685 2268 quam

295 2272 514 2319 fructibus
551 2278 643 2334 ejus
679 2276 920 2331 accusatis,
966 2294 1141 2327 sexuum
1183 2277 1406 2335 negotium
1446 2276 1678 2323 vindicari.

299 2346 397 2389 Non
425 2362 523 2404 ergo
544 2346 776 2392 fluctuatio
801 2358 899 2402 tua,
925 2364 1057 2410 quam
1078 2348 1189 2393 iuter
1221 2347 1494 2393 formidinem
1523 2347 1684 2410 impie-

297 2425 519 2478 tatemque
551 2417 811 2478 perpeteris,
855 2434 988 2464 novas
1012 2417 1269 2481 disputandi
1306 2418 1474 2477 regulas
1498 2416 1684 2466 condere

292 2484 478 2539 valebit,
511 2497 557 2530 ut
581 2486 635 2531 de
659 2486 832 2533 duobus
854 2488 1055 2534 connexis
1079 2505 1215 2534 unum
1236 2489 1470 2551 suscipias,
1498 2498 1539 2533 et
1563 2486 1682 2550 quod

297 2554 334 2599 ei
372 2553 566 2600 adhaeret
605 2555 821 2604 excludas,
868 2558 979 2603 Ante
1017 2557 1128 2603 leves
1167 2568 1403 2621 pascentur
1441 2558 1486 2603 in
1521 2557 1682 2612 aethere

347 2637 356 2657 ¹
378 2636 526 2668 Ambros.
545 2636 576 2667 in
600 2639 673 2670 Isa'i.
695 2655 740 2661 -—
760 2637 774 2659 2
792 2642 928 2682 Prosper
945 2645 1027 2672 seut.
1054 2641 1127 2671 305.
