1824 3236
355 241 448 287 338
778 254 812 283 ε.
857 253 1101 287 Aueusrmr
1135 254 1339 286 131>1scom

352 322 461 367 bas?
484 324 755 383 Factumque
778 331 864 377 est,
890 332 938 366 ut
959 322 1079 386 quod
1109 332 1158 368 tu
1191 321 1298 367 dieis
1328 321 1624 379 diabolicum,
1655 338 1732 367 nos

353 392 405 438 ad
422 391 703 437 refellendum
727 402 766 437 te
778 393 1068 455 probaremus
1083 393 1336 439 naturaliter
1353 393 1618 440 institutum.
1644 393 1733 439 Ista

351 475 413 509 est
431 465 596 526 quippe
614 462 803 522 legitima
818 474 858 509 et
876 464 1043 509 erudita
1059 465 1280 528 responsio
1296 502 1306 519 ,
1328 474 1374 509 ut
1393 463 1509 528 quod
1527 465 1572 510 in
1592 464 1733 527 specie

353 544 599 589 accusatur,
621 533 878 579 defendatur
895 534 939 579 in
966 535 1188 597 specie30t
1206 534 1326 597 quod
1347 535 1392 580 in
1417 552 1567 594 genere
1589 534 1733 594 argui-

349 617 437 660 tur,
465 604 711 650 vindicetur
729 605 773 650 in
800 622 964 665 genere.
995 605 1129 663 Quod
1159 605 1286 651 etiam
1310 606 1583 652 Manichaeus
1607 604 1733 651 intel-

346 677 446 722 lexit
462 715 471 733 ‚
492 693 622 740 quem
649 686 692 722 tu
716 694 863 740 aequas
886 677 1096 732 crimine,
1128 675 1201 721 sed
1224 693 1312 721 non
1339 694 1486 740 aequas
1520 677 1691 737 ingenio
1713 693 1724 721 :

347 749 444 793 ideo
480 748 551 794 ille
577 765 748 794 omnem
774 748 1061 794 substantiam
1091 764 1328 810 corporum
1363 749 1614 794 transcribit
1637 748 1730 793 dia-

342 818 446 863 bolo
466 839 476 873 ;
505 830 551 864 tu
575 830 719 864 autem
743 836 829 864 non
850 818 1093 863 universam
1111 855 1121 874 ,
1145 817 1218 862 sed
1237 819 1350 863 sicut
1372 818 1417 863 in
1442 819 1589 882 priore
1613 818 1729 863 libro

342 891 528 936 diximus
544 928 554 947 ,
579 891 815 937 meliorem.
844 889 1159 953 'l'riumphavit
1182 907 1282 949 ergo
1316 890 1472 936 veritas
1496 890 1627 936 sacris
1659 890 1732 935 sti-

342 973 446 1026 pata
488 961 727 1024 praesidiis,
762 978 864 1024 quae
905 978 984 1024 per
1018 961 1277 1024 Apostolum
1312 962 1507 1024 probans
1535 960 1734 1007 naturale

343 1037 581 1093 conjugum
613 1033 834 1092 negotium
850 1069 860 1087 ‚
884 1046 926 1077 et
950 1049 1029 1095 per
1048 1033 1135 1078 hoc
1161 1032 1214 1077 ad
1247 1033 1386 1078 Deum
1409 1033 1627 1096 pertinere
1655 1032 1732 1096 qui

341 1115 446 1150 esset
476 1115 630 1149 auctor
667 1115 865 1159 naturae,
902 1114 1043 1149 vestra
1081 1104 1286 1163 figmenta
1319 1103 1535 1167 disrupit,
1576 1105 1652 1167 qui
1687 1101 1735 1148 id

341 1176 748 1241 praevaricatorium
765 1213 775 1230 ,
804 1192 891 1220 non
910 1174 1294 1235 naturalejuratis.
1320 1196 1340 1216 >2

408 1248 521 1293 Are.
542 1250 635 1291 Jam
657 1246 785 1291 etiam
808 1263 939 1309 supra
954 1246 1052 1291 satis
1070 1245 1254 1291 diximus
1271 1263 1402 1310 quem
1415 1245 1570 1292 dixerit
1592 1246 1736 1309 Apos-

348 1317 460 1362 tolus
488 1334 612 1362 usum
637 1316 817 1362 soemine
836 1317 1095 1369 naturalem,
1124 1327 1165 1361 et
1189 1334 1268 1362 cur
1295 1317 1584 1380 appellaverit
1603 1327 1729 1362 natu-

344 1388 499 1442 ralem,
520 1387 565 1432 id
585 1398 672 1442 est,
694 1405 793 1433 cum
824 1388 869 1432 fit
893 1387 952 1432 eis
976 1387 1183 1432 membris
1204 1387 1432 1450 utriusque
1458 1405 1579 1433 sexus
1595 1425 1605 1443 ,
1636 1404 1737 1450 quae

375 1458 766 1522 adpropagandam
790 1469 890 1503 sunt
909 1458 1112 1502 instituta
1131 1457 1388 1513 naturam13
1410 1458 1497 1504 sive
1521 1458 1616 1503 talis
1636 1473 1737 1503 usus

342 1541 461 1585 esset,
483 1530 622 1594 qualis
642 1531 686 1575 in
706 1529 909 1593 paradiso
930 1546 1019 1574 esse
1033 1528 1264 1591 potuisset,
1289 1528 1414 1587 nqllo
1433 1529 1596 1575 scilicet
1613 1539 1738 1574 utens

344 1602 483 1657 malo,
506 1601 573 1648 vel
592 1601 711 1647 nulla
740 1601 965 1657 existente,
992 1600 1061 1645 vel
1088 1615 1174 1645 non
1204 1600 1286 1645 nisi
1318 1611 1476 1646 nutum
1499 1600 1739 1647 voluntatis

346 1675 635 1737 subsequente
654 1673 850 1730 libidine3
864 1673 950 1718 sive
961 1671 1099 1736 qualis
1113 1688 1231 1717 nunc
1247 1682 1306 1717 est
1317 1689 1363 1718 ex
1377 1689 1465 1736 quo
1482 1689 1568 1718 esse
1578 1671 1736 1734 coepit,

349 1746 415 1792 vel
436 1746 580 1791 licitus
603 1745 714 1791 sicut
740 1744 784 1789 in
813 1745 1017 1804 conjugio
1034 1780 1044 1799 ‚
1072 1743 1184 1788 bene
1203 1753 1327 1788 utens
1347 1754 1388 1788 et
1406 1743 1604 1806 corporis
1619 1742 1741 1787 bono

351 1827 394 1862 et
421 1816 615 1862 libidinis
650 1815 792 1872 malo3
826 1815 895 1861 vel
920 1814 1096 1860 illicitus
1121 1814 1235 1858 sicut
1270 1813 1314 1858 in
1342 1813 1557 1860 adulterio
1580 1851 1591 1869 ,
1628 1811 1740 1857 male

353 1899 476 1934 utens
500 1898 541 1933 et
561 1887 636 1932 illo
654 1887 772 1932 bono
792 1897 833 1932 et
851 1886 926 1932 illo
940 1885 1082 1938 malo;
1105 1900 1184 1930 nec
1209 1895 1353 1930 tamen
1377 1886 1506 1930 etiam
1528 1885 1621 1948 ipse
1647 1882 1742 1928 dis-

354 1959 510 2005 cedens
532 1959 585 2004 ab
605 1958 663 2004 eis
692 1958 898 2003 membris
913 1995 924 2013 ,
947 1973 1048 2020 quae
1079 1967 1247 2001 naturae
1282 1956 1409 2002 etiam
1435 1956 1610 2002 nomine
1633 1971 1742 2018 pro-

354 2031 448 2095 prie
472 2040 801 2092 nuncupantur.
836 2028 957 2074 Nihil
979 2038 1041 2073 est
1064 2027 1212 2090 itaque
1234 2043 1312 2072 cur
1336 2044 1480 2090 presse
1495 2064 1506 2084 ,
1533 2037 1582 2072 ut
1602 2025 1711 2070 dicis
1727 2060 1737 2079 ,

359 2119 408 2146 ac
426 2101 617 2145 breviter
646 2101 880 2158 interroges
905 2136 914 2153 ‚
943 2109 1091 2143 utrum
1125 2097 1361 2160 Apostolus
1389 2097 1434 2142 in
1460 2114 1510 2142 eo
1542 2094 1662 2160 quod
1684 2094 1743 2139 ait

357 2171 599 2217 naturalem
629 2187 754 2215 usum
775 2207 785 2225 ,
812 2187 909 2215 eum
936 2168 1121 2214 voluerit
1143 2166 1353 2227 intelligi,
1377 2169 1454 2231 qui
1482 2168 1573 2213 fieri
1595 2177 1638 2211 et
1656 2182 1742 2228 po-

358 2252 471 2287 terat
500 2252 542 2286 et
563 2241 751 2294 debeat3
780 2258 833 2286 an
855 2239 932 2303 qui
968 2239 1061 2284 fieri
1083 2248 1248 2301 poterat
1264 2274 1274 2293 ,
1304 2238 1376 2283 sed
1399 2256 1487 2284 non
1509 2237 1699 2283 debebat
1727 2253 1738 2281 ε

360 2331 448 2359 non
490 2313 604 2358 enim
643 2323 692 2357 ut
729 2312 816 2357 hoc
856 2311 1019 2357 diceret
1038 2347 1048 2365 ,
1090 2308 1255 2372 aliquid
1292 2309 1451 2355 horum
1487 2308 1744 2355 intuebatur

363 2382 598 2447 Apostolus
614 2420 624 2438 ,
649 2383 720 2429 sed
748 2382 942 2428 membra
968 2379 1274 2426 tantummodo
1298 2381 1523 2443 utriusque
1543 2396 1662 2426 sexus
1675 2393 1744 2438 ge-

362 2454 552 2499 nitaliter
576 2453 811 2509 naturalia,
837 2453 924 2498 hoc
941 2462 1031 2507 est,
1067 2449 1122 2495 ad
1145 2450 1433 2510 generandam
1450 2461 1592 2496 creata
1610 2459 1744 2494 natu-

361 2541 469 2570 ram.
499 2525 608 2569 ssam
634 2525 732 2588 quis
764 2524 936 2584 ignorat
958 2560 969 2580 ,
999 2521 1118 2585 quod
1149 2521 1295 2567 licitus
1319 2538 1419 2568 usus
1435 2521 1631 2567 foeminae
1651 2518 1744 2566 fieri

410 2609 420 2630 ¹
440 2611 535 2640 Rom.
560 2620 587 2645 1,
606 2620 662 2648 27.
