1824 3236
168 274 323 304 omnus
361 257 621 304 IMPERFE'GTI
659 273 833 301 comum
871 275 1114 318 summum,
1159 279 1241 309 rin,
1287 281 1325 311 v.
1402 264 1493 330 337

120 355 222 385 cum
246 339 319 384 fiet
336 376 348 396 ,
375 349 558 393 natura,
590 337 703 383 sicut
730 339 1001 386 iijaniclzaeus
1019 343 1175 389 insanit
1194 382 1204 401 ,
1231 364 1251 390 a
1277 347 1402 393 nobis
1424 366 1492 393 se-

119 409 349 472 parabitur
379 409 538 463 aliena,
577 408 652 453 sed
685 409 908 454 sanabitur
938 424 1096 461 nostra.
1137 418 1248 471 Quae
1286 435 1430 474 nunc,
1460 420 1494 465 si

119 479 488 543 quemadmodum
517 480 838 539 regeneratione
864 492 905 526 et
935 484 1181 531 remissione
1212 501 1493 550 peccatorum

118 561 294 596 sanatur
313 569 334 596 a
354 560 472 596 reatu
493 587 503 606 ,
529 551 590 596 sic
611 550 668 594 ab
695 551 812 596 omni
844 563 949 597 esset
974 553 1222 602 infirmitate
1246 563 1336 617 jam
1365 579 1491 618 sana3

117 638 206 667 non
221 632 372 668 contra
391 638 564 667 carnem
584 621 762 684 spiritus
783 625 1110 687 concupisceret
1129 664 1138 682 ‚
1167 640 1214 674 ut
1234 647 1318 675 non
1343 649 1494 694 opera-

117 708 263 738 remur
285 692 364 738 nisi
384 691 584 745 licitum3
615 691 689 737 sed
724 693 782 737 ita
811 709 913 738 caro
938 694 1107 757 spiritui
1134 702 1418 758 consentiret,
1445 714 1493 748 ut

116 762 228 808 nihil
249 774 400 809 contra
424 762 548 808 illum
574 764 956 826 concupisceretur
977 765 1192 815 illicitum.

177 834 277 880 XX.
324 835 421 881 JUL.
462 855 480 876 «
511 835 655 897 thue
698 852 841 896 presse
875 835 1186 897 interrogen‘ius
1222 851 1263 885 et
1302 842 1491 890 breviter

116 904 360 966 apostolum
386 905 600 960 Paulum,
625 921 724 950 cum
744 905 984 952 naturalem
1011 924 1134 953 usum
1160 909 1355 957 foeminae
1374 931 1493 959 nun—

115 987 320 1037 cuparet,
338 977 672 1040 possibilitatem
698 977 757 1021 rei
778 987 818 1021 et
841 976 1109 1024 honestatem
1126 1018 1135 1036 ,
1162 999 1213 1025 an
1236 982 1368 1028 solam
1390 1002 1494 1047 pos-

115 1045 363 1092 sibilitatem
405 1047 617 1093 indicasse
657 1047 904 1093 arbitraris?
948 1049 992 1093 id
1032 1061 1092 1095 est
1109 1088 1119 1106 ,
1163 1051 1249 1098 hoc
1286 1058 1489 1111 nomine,

115 1134 134 1155 ε(
160 1116 389 1174 Naturali,
418 1139 438 1160 »
464 1117 702 1177 intelligere
722 1134 800 1163 nos
826 1118 964 1164 voluit
988 1136 1111 1166 usum
1143 1124 1218 1185 qui
1243 1125 1334 1171 fieri
1365 1139 1492 1190 pote-

113 1197 181 1232 rat
197 1198 238 1232 et
253 1187 465 1243 debebat3
484 1207 538 1235 an
550 1189 627 1252 qui
650 1198 843 1251 poterat,
878 1190 1052 1236 sednon
1072 1192 1287 1241 debebat?
1311 1196 1356 1242 Si
1373 1198 1492 1245 dixe-

113 1257 199 1314 ris,
228 1260 304 1322 qui
333 1270 533 1323 poterat,
567 1261 669 1306 licet
695 1277 783 1305 non
815 1260 1019 1318 deberet,
1046 1263 1187 1326 qualis
1218 1266 1262 1311 in
1287 1267 1494 1316 adulteris

112 1329 255 1388 agitur
277 1347 287 1375 :
311 1343 474 1391 ergoet
496 1332 608 1377 illud
633 1330 751 1376 aliud
778 1331 989 1390 flagitium
1013 1350 1100 1378 non
1129 1335 1207 1380 erit
1232 1349 1382 1384 contra
1410 1358 1493 1387 na—

111 1408 254 1446 turam
272 1438 283 1458 ,
305 1402 410 1465 quia
428 1401 636 1447 membris
655 1401 795 1461 agitur
814 1401 1100 1451 naturalibus.
1133 1406 1179 1450 Si
1204 1418 1344 1454 autem
1370 1428 1496 1474 expa-

111 1485 283 1519 vescens
299 1473 494 1520 retuleris
508 1511 519 1529 ,
537 1472 658 1537 quod
677 1482 719 1517 et
735 1473 892 1518 veritas
915 1473 1068 1530 habet,
1092 1477 1348 1539 Apostolum
1370 1499 1493 1528 usum

109 1557 282 1590 vocasse
301 1544 571 1600 naturalem,
597 1543 682 1606 „qui
709 1542 894 1589 foetibus
915 1543 1154 1591 destinatus
1188 1548 1368 1596 honeste
1397 1554 1490 1612 agi,

109 1614 276 1678 quippe
295 1615 566 1671 naturaliter,
595 1625 644 1659 ut
664 1624 834 1677 poterat
853 1625 894 1659 et
915 1615 1104 1662 debebat
1120 1655 1129 1670 ‚
1153 1618 1197 1664 id
1218 1631 1278 1666 est
1292 1658 1303 1677 ,
1329 1622 1372 1667 in
1399 1640 1492 1668 cor-

108 1684 293 1745 poribus
309 1686 375 1733 vel
398 1685 666 1746 singularum
689 1684 754 1731 ve]
775 1684 970 1747 plurium
989 1685 1270 1736 foeminarum
1291 1729 1301 1747 ‚
1323 1702 1493 1756 tempo-

109 1770 206 1799 rum
224 1765 367 1803 tamen
394 1756 562 1802 ratione
579 1755 789 1802 concessis
817 1773 826 1799 :
854 1755 1055 1802 fidelioris
1080 1757 1169 1804 sine
1187 1760 1325 1807 dnbio
1345 1763 1491 1828 inepte

109 1835 459 1885 argumentatum
484 1827 634 1883 fuisse3
666 1826 932 1889 beatumque
958 1829 1142 1874 Paulum
1164 1833 1338 1878 nomine
1364 1846 1491 1882 natu-

108 1896 208 1942 ralis
231 1914 354 1955 usus,
378 1916 467 1944 non
486 1897 842 1953 fornicationem,
868 1898 979 1944 sicut
1004 1910 1049 1944 tu
1071 1911 1301 1962 putaveras
1318 1941 1327 1959 ‚
1353 1906 1425 1951 sed
1450 1918 1492 1952 et

108 1967 341 2014 honestum
376 1980 416 2015 et
447 1968 714 2028 legitimum,
753 1969 831 2029 qui
865 1968 1147 2016 fsecnnditati
1183 1984 1362 2035 paratus
1394 1988 1484 2033 est,

111 2056 346 2104 corporum
370 2039 582 2086 indicasse
609 2039 906 2086 commixtum.

160 2132 188 2153 ,»
207 2110 296 2155 Nos
318 2127 418 2170 ergo
436 2110 589 2155 merito
616 2110 867 2170 generaliter
883 2110 1155 2158 defendimus
1170 2151 1180 2169 ‚
1201 2115 1321 2178 quod
1343 2118 1490 2164 Mani-

107 2180 256 2227 ehaeus
272 2181 527 2242 generaliter
544 2181 766 2240 arguebat.
789 2182 857 2225 Tu
876 2181 990 2226 enim
1009 2181 1117 2228 dicis
1136 2187 1485 2236 commixtionem

107 2249 225 2297 hanc
257 2268 430 2298 sexuum
457 2267 559 2297 cum
578 2250 829 2314 voluptate,
858 2268 935 2314 per
965 2251 1192 2299 diabolum
1213 2256 1480 2317 institutam,

107 2338 280 2368 causam
306 2322 525 2381 originalis
555 2338 641 2366 esse
667 2323 834 2384 peccati
857 2358 867 2379 ,
892 2334 934 2367 et
966 2325 1258 2371 necessitatem
1287 2330 1484 2377 omnium

106 2392 367 2447 criminum3
399 2409 448 2439 ac
477 2409 557 2455 per
590 2392 678 2437 hoc
711 2393 850 2455 ipsam
875 2393 1116 2439 criminaris
1147 2407 1347 2444 naturam
1372 2417 1382 2445 :
1407 2419 1484 2449 nos

106 2467 214 2530 quid
246 2463 575 2528 consequentius
597 2462 736 2510 facere
766 2465 1010 2527 potuimus,
1031 2483 1171 2529 quam-
1187 2479 1234 2513 ut
1264 2480 1366 2517 teste
1388 2491 1481 2519 ma-

107 2538 238 2598 gistro
265 2537 482 2598 gentium,
505 2546 672 2581 naturae
702 2536 978 2595 generalitate
998 2537 1325 2587 defenderemus
1345 2554 1386 2589 et
1412 2563 1482 2591 as-

108 2609 373 2655 criberemus
399 2606 519 2668 operi
547 2607 650 2664 Dei,
673 2606 792 2670 quod
819 2617 864 2653 tu
891 2608 1147 2654 naturaliter
1169 2610 1329 2657 malum
1353 2631 1481 2661 voca-

271 2695 414 2724 cxmx‘.
1295 2700 1349 2728 22
