1824 3236
299 247 394 304 458
702 262 738 291 3.
784 260 1025 291 AUGUsTtNl
1064 261 1282 292 EPISCOPI.

297 325 424 380 dere;
449 323 616 388 excipio
636 324 804 388 quippe
830 343 983 386 magno
1006 326 1164 389 plausu
1194 325 1502 389 professionem
1525 336 1646 372 tuam
1670 364 1680 383 ‚

298 407 426 460 teque
442 407 491 441 ut
513 399 606 455 ejus
626 396 870 441 memineris
891 396 1118 443 admoneo.
1145 397 1366 456 Dignitate
1389 397 1501 442 enim
1528 407 1685 442 aucto-

298 467 357 512 ris
374 503 384 522 ,
402 466 447 512 id
467 477 554 521 est,
574 466 652 511 Dei
670 503 681 522 ‚
699 466 776 530 qui
791 466 952 512 malum
980 485 1064 512 non
1084 466 1188 512 facit
1202 504 1211 521 ,
1241 467 1533 530 pronuntiasti
1554 484 1684 530 opera

299 541 390 598 ejus
409 538 525 583 bona
550 537 708 582 debere
731 537 871 584 asseri.
898 538 1060 583 Omnes
1084 555 1183 597 crgo
1204 538 1402 583 homines
1423 537 1685 583 deinstituta

299 625 322 654 a
349 609 438 653 Deo
459 625 633 653 sexuum
655 608 962 654 commixtione
984 618 1227 667 gener-um,
1260 626 1281 653 a
1311 608 1399 653 Deo
1418 646 1428 663 ‚
1462 625 1516 653 an
1542 626 1563 653 a
1589 607 1687 653 dia-

300 678 405 724 bolo
432 679 525 724 fieri
550 682 706 742 putas?
735 679 780 724 Si
801 697 824 724 a
848 679 962 734 De03
996 678 1071 740 qui
1096 695 1167 722 eos
1195 677 1325 722 audes
1349 695 1442 724 reos
1464 678 1687 741 malosque

301 750 586 814 pronuntiare
600 787 611 806 ‚
628 744 730 796 cuni
751 749 929 795 unicum
951 747 1105 793 dixeris
1124 765 1210 793 esse
1228 748 1518 794 testimonium
1549 748 1685 794 Adam

299 820 395 867 fieri
421 820 548 866 malae
571 838 658 868 non
677 820 867 884 potuisse
888 829 1083 874 naturae,
1108 819 1211 882 quia
1234 819 1440 864 conditus
1458 837 1480 864 a
1503 821 1591 865 Deo
1610 820 1688 883 qui

302 903 365 939 est
391 893 613 956 optimus,
644 891 894 938 indicetur?
923 891 969 937 Si
996 908 1097 951 ergo
1130 901 1433 951 argumentum
1456 890 1571 937 forte
1594 902 1683 947 est,

301 981 381 1027 per
404 963 524 1027 quod
548 962 752 1008 credatur
774 962 1020 1025 primorum
1047 961 1279 1007 hominum
1297 978 1367 1006 rea
1383 978 1470 1007 non
1488 961 1688 1007 instituta

304 1034 572 1090 substantia,
610 1034 697 1079 hoc
735 1033 878 1097 ipsum
909 1034 1013 1096 quia
1039 1033 1154 1078 Deus
1188 1049 1282 1078 eam
1318 1032 1519 1078 condidit
1556 1049 1686 1096 quem

304 1104 473 1150 bonum
500 1104 712 1158 fatemur3
737 1115 930 1149 remanet
956 1103 1063 1149 illud
1087 1103 1130 1148 in
1155 1103 1369 1149 excidium
1393 1103 1612 1158 traducis,
1641 1113 1689 1148 ut

303 1185 346 1219 et
382 1192 530 1220 omnes
562 1174 615 1220 de
639 1175 843 1235 conjugio
868 1174 1033 1234 genitos
1057 1174 1230 1238 iniquos
1258 1173 1390 1220 condi
1416 1191 1502 1219 non
1537 1190 1684 1238 posse,

302 1245 452 1291 eodem
474 1246 720 1291 testimonio
744 1246 1076 1308 comprobetur,
1099 1245 1202 1308 quia
1235 1246 1348 1290 Deus
1372 1261 1443 1290 eos
1463 1243 1686 1299 condidit,

304 1333 435 1380 quem
453 1316 620 1362 honum
636 1316 836 1362 fatemur.
869 1317 946 1362 Sin
963 1327 1104 1361 autem
1125 1327 1167 1360 et
1187 1326 1284 1378 post
1309 1316 1397 1361 hoc
1416 1315 1587 1361 rabiens
1601 1316 1689 1360 im-

305 1386 519 1450 pudentia
541 1391 690 1447 jurare
729 1387 993 1451 perstiterit,
1030 1398 1072 1432 et
1097 1405 1119 1432 a
1150 1388 1237 1432 Deo
1264 1386 1355 1432 fieri
1383 1386 1619 1448 parvulOS‚
1649 1396 1690 1431 et

306 1467 451 1502 tamen
489 1457 625 1502 malos
660 1475 746 1503 6336
781 1475 850 1502 603
887 1458 1178 1502 naturaliter:
1214 1456 1448 1502 Catholico
1485 1455 1686 1519 quidem,

306 1528 419 1574 sicut
444 1538 487 1574 et
517 1529 604 1574 Deo
624 1539 794 1582 nostro,
821 1528 932 1573 nihil
959 1528 1026 1573 his
1049 1526 1283 1573 mendaciis
1301 1526 1548 1589 praejudicii
1572 1543 1689 1571 com-

301 1609 509 1663 paratur:
531 1599 826 1645 Manichaeum
851 1610 995 1644 tamen
1009 1608 1179 1644 constat
1198 1615 1221 1642 a
1238 1597 1364 1642 vobis
1384 1608 1689 1661 oppugnatum

304 1687 393 1716 non
406 1687 492 1716 esse
509 1707 519 1725 ‚
538 1670 614 1733 qui
632 1670 818 1715 libenter
831 1670 949 1733 quod
967 1671 1101 1714 Deum
1126 1668 1368 1714 criminaris
1389 1667 1688 1731 amplectitur3

304 1740 415 1786 illud
439 1741 521 1786 tihi
543 1741 702 1804 perisse
726 1752 957 1786 contentus
973 1777 982 1795 ‚
1012 1757 1090 1803 per
1112 1738 1231 1803 quod
1257 1739 1396 1785 Adam
1427 1738 1692 1784 conditionis

304 1810 435 1857 bonae
459 1811 599 1857 fueras
622 1812 870 1875 approbare
895 1811 1087 1857 molitus.
1117 1831 1137 1851 >³

374 1884 486 1930 Aac.
531 1883 645 1928 Cum
678 1882 787 1928 mihi
819 1882 1023 1928 adversus
1049 1880 1349 1927 Manichaeum
1373 1890 1591 1926 certamen
1617 1879 1683 1925 in-

305 1953 501 2000 eundum
521 1991 532 2011 ,
556 1954 725 2018 tibique
742 1953 1030 2018 spectandum
1053 1952 1212 1999 diserta
1235 1952 1434 1997 caecitate
1451 1950 1663 2015 proponis
1679 1987 1689 2006 ‚

307 2035 452 2088 partes
477 2035 572 2070 tuas
591 2024 866 2088 improvidus
890 2024 1090 2076 subruis3
1119 2033 1160 2068 et
1177 2021 1401 2085 quomodo
1418 2021 1540 2067 illam
1563 2032 1694 2066 teter-

308 2096 463 2141 rimam
499 2095 639 2147 luem,
680 2112 812 2158 quam
841 2095 1092 2141 Manichaeo
1130 2094 1325 2139 funestus
1360 2109 1480 2138 error
1502 2091 1688 2146 invexit,

309 2177 517 2230 tanquam
554 2166 757 2229 pestifero
786 2166 964 2225 adjuves
991 2165 1206 2225 dogmatis
1228 2163 1291 2209 tui
1321 2163 1451 2218 flatu,
1474 2162 1602 2208 etiam
1625 2162 1693 2207 his

305 2237 564 2284 hominibus
582 2273 593 2293 ,
615 2238 691 2301 qui
712 2254 788 2283 suo
814 2236 1045 2282 tardantur
1074 2235 1247 2295 ingenio
1267 2271 1276 2290 ‚
1312 2244 1360 2279 ut
1383 2232 1552 2297 possint
1570 2231 1694 2278 intel-

307 2308 438 2369 ligere
454 2345 465 2365 ,
493 2309 748 2371 praestitisti.
777 2310 886 2354 Nam
910 2325 1010 2354 cum
1031 2307 1104 2353 illa
1120 2323 1220 2370 quae
1235 2305 1289 2352 de
1302 2305 1406 2351 vitae
1425 2304 1559 2364 hujus
1578 2320 1694 2349 mor·

308 2379 406 2425 talis
432 2379 821 2443 corruptibilisque
851 2379 1032 2424 miseriis
1050 2378 1224 2442 copiose
1247 2387 1289 2422 et
1310 2374 1497 2423 facunde
1521 2374 1689 2430 dixisti,

308 2450 494 2497 audierit
518 2451 702 2514 quisque
739 2450 806 2496 vel
827 2449 1007 2509 legerit,
1036 2466 1136 2496 vera
1164 2458 1204 2493 te
1230 2447 1356 2493 fuisse
1385 2455 1689 2510 prosecutum,

307 2538 397 2567 non
425 2520 564 2567 solum
587 2521 632 2566 in
665 2532 741 2567 tuo
772 2537 994 2575 sermone,
1022 2536 1173 2566 verum
1198 2519 1244 2565 in
1274 2517 1380 2581 ipsis
1403 2533 1578 2581 quoque
1601 2515 1693 2561 hu-

310 2591 451 2639 manis
479 2592 610 2639 rebus
633 2602 849 2653 agnoscet.
877 2591 1129 2638 Manichaeo
1157 2589 1350 2654 quippe,
1374 2588 1448 2635 cui
1471 2586 1591 2634 velut
1610 2585 1691 2633 ad-
