1824 3236
148 308 305 340 omnus
341 304 605 338 1i1PEaFEc'r1
643 302 825 335 CONTRA
859 301 1108 348 summunt,
1148 305 1237 339 mn.
1277 308 1319 339 v.
1392 292 1485 340 335

110 372 218 421 nudi
252 383 400 430 erant,
433 383 475 418 et
511 381 599 417 'non
622 369 821 434 pudebat
855 386 939 416 eOS.
985 369 1293 419 Verumtamen
1322 374 1490 421 etiarnsi

113 443 348 508 Apostolus
367 442 552 509 dice-ret,
579 439 699 504 quod
733 439 824 503 ipse
851 438 1019 496 dixisti,
1056 442 1147 487 «In
1178 459 1258 488 usu
1292 442 1488 491 foeminae

111 514 300 561 naturali
323 513 493 560 cunctis
521 511 796 576 temporibus
819 510 1004 570 viguisse
1026 510 1279 571 libidinem3
1301 534 1321 555 »
1344 515 1388 561 in
1422 515 1491 561 his

111 601 287 649 quoque
306 585 449 631 verbis
471 582 681 630 haberem
707 581 827 646 quod
853 592 968 628 recte
990 581 1271 643 intelligerem
1289 622 1299 637 ,
1325 603 1379 632 ne
1398 603 1487 650 pu-

111 655 298 701 dendam
322 664 569 718 susceptam
592 664 712 699 tuam
734 652 780 698 in
796 651 910 698 illius
926 652 1068 697 beatae
1085 653 1188 699 vitae
1207 657 1485 718 corporibus,

111 743 211 790 quae
235 724 432 772 nondum
458 724 631 771 fuerant
656 740 842 787 corpora
860 722 1011 768 mortis
1032 722 1190 783 hujus,
1216 725 1328 772 sicut
1350 737 1398 773 tu
1420 727 1490 773 fa-

113 797 174 843 cis
191 834 202 854 ,
230 807 372 843 mente
396 796 645 843 stultissima
665 832 677 852 ,
703 794 851 855 lingua
873 793 1179 857 loquacissima
1195 831 1205 851 ‚
1232 795 1376 843 fronte
1402 797 1493 843 im-

113 867 430 931 pudentissima
468 866 741 913 collocarem.
780 865 962 911 Cunctis
996 864 1163 929 quippe
1194 867 1492 931 temporibus,

114 955 162 984 ex
197 954 285 1001 quo
310 937 536 1001 utriusque
566 954 684 983 sexus
724 937 817 982 fieri
851 934 1112 982 concubitus
1140 937 1308 1000 coepit,
1340 938 1499 1001 procul

112 1007 251 1054 dubio
273 1024 373 1054 usus
395 1006 591 1053 soeminae
618 1005 827 1052 naturalis
859 1006 948 1052 sine
971 1006 1058 1052 hac
1079 1006 1290 1069 pudenda
1315 1007 1500 1054 libidine

111 1095 199 1124 esse
217 1094 306 1124 non
329 1078 474 1142 potuit
494 1095 505 1123 :
527 1081 620 1138 jam
637 1077 752 1124 enim
766 1093 855 1122 non
872 1076 974 1123 vitae
987 1076 1127 1136 illius,
1147 1077 1221 1124 sed
1239 1079 1390 1124 mortis
1408 1078 1500 1124 hu-

105 1153 178 1211 jUs
195 1149 426 1196 habebant
447 1166 609 1213 corpus
625 1186 636 1206 ,
655 1148 834 1213 quando
852 1158 958 1212 post
980 1159 1210 1212 peccatum
1232 1149 1286 1196 de
1296 1149 1501 1214 paradiso

112 1221 292 1281 egressi,
314 1220 534 1267 masculus
553 1230 595 1266 et
617 1219 801 1267 foemina
819 1229 1055 1283 utrumque
1079 1237 1224 1266 sexum
1242 1221 1500 1267 naturaliter

113 1290 320 1355 primitus
338 1290 622 1338 miscuerunt.
652 1290 786 1348 Quod
808 1292 842 1336 si
867 1300 965 1335 ante
981 1289 1144 1336 faceret
1161 1327 1172 1346 ,
1189 1291 1253 1336 ibi
1275 1290 1416 1337 libido
1433 1290 1503 1338 vel

115 1361 236 1408 nulla
258 1371 386 1418 esset,
403 1361 470 1408 vel
486 1360 695 1425 pudenda
716 1377 804 1406 non
828 1370 934 1406 esset
962 1377 973 1405 ε
1000 1377 1090 1406 non
1116 1361 1231 1407 enim
1253 1361 1504 1408 sollicitaret

113 1432 326 1489 invitum,
356 1442 397 1478 et
422 1448 665 1496 repugnare
692 1430 777 1477 sibi
798 1440 968 1491 cogeret
991 1440 1192 1486 castum3
1218 1431 1293 1478 sed
1311 1443 1386 1478 aut
1409 1432 1499 1479 sine

117 1502 190 1548 illa
210 1502 404 1548 officium
424 1518 550 1548 suum
573 1501 775 1562 genitalia
789 1538 800 1558 ,
820 1501 1005 1560 jubente
1028 1511 1170 1547 mente
1186 1538 1198 1559 ,
1219 1513 1500 1565 peragerent3

120 1583 195 1619 aut
221 1572 296 1619 illa
318 1573 353 1618 si
366 1583 474 1618 esset
491 1609 502 1629 ,
527 1588 626 1618 cum
645 1589 756 1636 opus
777 1582 884 1617 esset
903 1607 915 1627 ,
943 1581 1208 1631 assurgeret,
1232 1572 1504 1637 tranquillis-

121 1644 279 1690 simum
304 1653 462 1690 nutum
480 1643 747 1706 subsequens
765 1642 1002 1689 voluntatis
1018 1678 1029 1696 ‚
1056 1659 1137 1689 nec
1152 1642 1407 1707 opprimens
1428 1660 1509 1690 co-

122 1715 374 1776 gitationem
399 1714 658 1760 turbulento
677 1715 846 1778 impetu
861 1713 1115 1777 voluptatis.
1144 1714 1296 1760 Talem
1318 1731 1359 1760 se
1374 1714 1507 1761 modo

122 1803 212 1832 non
241 1802 352 1841 esse,
385 1784 535 1831 multis
558 1785 645 1831 suis
671 1784 936 1849 importunis
958 1794 1001 1829 et
1033 1784 1288 1831 coercendis
1315 1785 1510 1831 motibus

124 1857 356 1902 confitetur
384 1873 395 1901 :
423 1873 523 1916 ergo
559 1866 632 1902 aut
664 1856 824 1905 vitium
859 1872 974 1911 esse,
1013 1865 1087 1900 aut
1113 1855 1311 1902 vitiatam
1345 1872 1387 1902 se
1424 1872 1511 1902 esse

129 1937 323 1973 testatur.
363 1927 476 1972 Ecce
506 1926 622 1972 unde
650 1925 826 1972 dicebat
857 1925 1119 1989 Apostolus:
1139 1946 1159 1967 ι(
1178 1926 1278 1972 Scio
1301 1927 1404 1991 quia
1425 1943 1515 1972 non

128 2019 149 2040 ))
172 1997 348 2043 habitat
374 1996 419 2042 in
455 2013 523 2042 me
541 2033 552 2053 ,
576 1995 623 2042 id
658 2007 747 2053 est,
777 1996 823 2042 in
847 2013 975 2042 carne
999 2014 1093 2042 mea
1118 1996 1332 2043 bonum1.
1357 2018 1378 2039 >2
1400 1996 1515 2042 Ecce

128 2067 244 2115 unde
278 2068 472 2114 trahitur
512 2085 533 2113 a
566 2068 847 2114 nascentibus
883 2067 1090 2128 originale
1131 2077 1378 2131 peccatum.
1416 2067 1515 2113 Hoc

130 2139 244 2185 malo
266 2139 376 2185 bene
404 2139 543 2185 utitur
575 2138 790 2203 pudicitia
815 2138 1057 2199 conjugalis
1081 2156 1091 2184 ε
1115 2139 1205 2185 hoc
1229 2138 1343 2185 malo
1367 2137 1519 2185 melius

131 2227 220 2255 non
252 2210 392 2256 utitur
415 2209 610 2270 religiosa
635 2209 903 2256 continentia
925 2208 1114 2256 vidualis
1131 2246 1143 2267 ,
1170 2209 1240 2257 vel
1263 2226 1382 2256 sacra
1401 2209 1517 2255 inte-

133 2280 267 2340 gritas
287 2279 522 2339 virginalis.

199 2350 365 2398 XVIII.
398 2353 495 2397 Jur..
526 2370 546 2392 «
571 2350 670 2396 Hoc
695 2367 774 2397 nos
800 2349 1115 2407 intelleximus,
1149 2367 1338 2415 cumque
1363 2350 1416 2396 de
1439 2368 1522 2396 na-

137 2432 248 2468 turae
269 2421 540 2467 institutione
563 2420 863 2485 loqueremur,
887 2421 933 2468 id
954 2421 1216 2485 protulimus
1235 2422 1355 2486 quod
1381 2425 1526 2486 Apos-

138 2493 279 2539 tolum
310 2492 484 2538 sensisse
516 2492 760 2540 constabat.
793 2494 863 2539 Tu
882 2493 1016 2554 igitur
1037 2492 1146 2558 quid
1177 2493 1454 2557 promovisti,
1480 2503 1530 2539 ut

136 2563 312 2610 referres
337 2580 425 2609 non
446 2562 502 2610 ab
525 2580 575 2610 eo
596 2580 721 2611 usum
746 2563 1018 2624 conjugalem
1037 2600 1049 2621 ,
1078 2563 1153 2612 sed
1179 2564 1423 2613 naturalem
1443 2581 1526 2613 vo-

187 2646 197 2669 ¹
218 2648 314 2680 Rom.
334 2658 391 2688 vu,
417 2647 470 2681 18,
