1863 3262
324 282 411 336 154
739 296 775 325 s.
818 294 1061 325 Aucusrim
1098 295 1301 328 EPISCOPI

315 371 428 406 tram
451 360 618 421 arguit:
648 360 719 407 sed
757 360 966 406 oblivioni
996 361 1164 407 veniam
1200 362 1302 408 dare
1340 364 1543 424 dignatur
1563 403 1573 422 ‚
1605 383 1689 429 qua

314 431 478 476 factum
505 443 595 477 erat
612 470 623 489 ,
654 443 702 478 ut
725 450 801 491 ego
825 432 1012 477 dicerem
1036 434 1210 479 nomine
1228 435 1338 480 Vitae
1371 455 1391 481 a
1418 438 1507 481 Deo
1533 436 1690 486 mulie·-

315 516 405 545 rem
429 511 731 565 nuncupatam
761 519 771 546 :
806 502 864 547 ita
885 519 963 565 per
985 502 1253 549 occasionem
1277 505 1451 551 brevem
1471 543 1481 562 ,
1516 518 1558 551 et
1596 523 1691 552 eru-

317 570 434 616 ditus
460 589 670 636 apparere
691 571 879 628 studuit,
907 584 948 617 et
970 573 1197 637 benignus.
1235 574 1317 620 Sed
1345 586 1395 621 ut
1417 593 1503 621 non
1523 586 1585 622 est
1610 575 1691 621 ad-

315 640 516 688 miranda
548 643 771 704 diligentia
789 680 800 700 ,
830 643 1147 689 nominatorem
1172 644 1364 690 foeminae
1399 646 1656 711 comperisse
1678 666 1690 699 3

313 711 373 756 ita
390 712 665 776 impudentia
687 732 773 760 non
799 713 974 759 ferenda
991 725 1070 769 est,
1098 714 1206 760 velle
1226 715 1442 774 ignoscere
1463 716 1582 779 quod
1604 716 1694 762 cul-

314 799 419 844 pare
436 801 524 829 non
550 784 700 848 possis.
725 786 824 830 Non
848 785 961 830 enim
986 785 1045 830 ita
1064 785 1109 830 in
1128 802 1221 830 meo
1247 786 1695 848 opelelegitu1,sicut

314 853 359 898 in
379 856 635 901 commentis
658 856 792 916 hujus
816 867 1000 901 tenetur.
1030 856 1123 915 Ego
1144 855 1311 920 quippe
1329 857 1472 920 posito
1487 824 1589 917 legis
1610 867 1695 902 tes—

316 923 527 980 timonio,
558 943 646 989 quo
674 926 828 972 dixisse
855 944 1001 972 rerum
1028 926 1209 973 Creator
1240 927 1509 983 ostenditur,
1547 949 1566 969 t<
1596 921 1697 974 Non

316 1015 336 1035 »
363 1006 424 1040 est
457 963 625 1042 boiium
649 997 789 1043 solum
814 1015 899 1042 esse
928 997 1182 1054 hominem,
1209 997 1419 1044 faciamus
1448 1015 1487 1044 el
1518 998 1696 1058 adjuto-

315 1084 336 1105 »
357 1065 470 1110 rium
495 1065 632 1111 simile
661 1067 793 1112 sui1.
828 1067 948 1123 Quid
973 1078 1035 1112 est
1056 1067 1169 1122 hoc,
1196 1068 1378 1131 inquio,
1409 1070 1507 1115 Non
1526 1079 1588 1114 est
1609 1069 1695 1114 bo-

317 1155 336 1175 »
356 1151 461 1180 num
482 1152 569 1181 esse
593 1137 733 1183 solum
755 1137 1016 1183 hominem?
1043 1139 1272 1202 Numquid
1304 1141 1418 1185 Deus
1445 1138 1609 1203 aliquid
1631 1139 1697 1185 fe-

317 1228 336 1246 »
357 1217 502 1262 cerat,
534 1207 654 1270 quod
680 1226 769 1254 non
801 1209 1083 1268 bonumjure
1101 1208 1188 1255 dici
1208 1219 1381 1272 posset3
1408 1210 1589 1259 maxime
1621 1209 1698 1274 qui

317 1298 337 1316 »
358 1277 503 1322 onmia
527 1295 614 1324 non
636 1279 776 1325 solum
804 1279 920 1324 bona
938 1316 948 1335 ‚
976 1279 1049 1324 scd
1074 1280 1203 1325 etiam
1228 1280 1345 1325 bona
1368 1279 1493 1328 valde
1508 1278 1696 1326 fecerat?

318 1366 338 1387 >³
367 1347 603 1402 Quomodo
631 1366 730 1409 ergo
755 1349 841 1405 ait,
872 1350 969 1394 Non
998 1359 1059 1394 est
1087 1349 1254 1395 bonum
1282 1350 1419 1399 solum
1445 1366 1531 1395 esse
1549 1349 1699 1395 homi-

316 1438 336 1458 »
357 1420 485 1462 nem?
507 1435 593 1480 quo
618 1435 812 1464 sermone
837 1437 922 1464 non
948 1419 1281 1482 reprehenditur
1300 1430 1512 1465 creaturae
1532 1430 1666 1467 status
1684 1457 1695 1475 ‚

316 1510 336 1530 ι)
357 1487 428 1532 sed
451 1488 693 1534 ostenditur
710 1489 904 1535 humano
925 1490 1067 1549 generi
1082 1490 1369 1553 perniciosam
1392 1490 1595 1537 unionem
1613 1507 1699 1536 esse

316 1580 336 1601 »
357 1559 572 1622 potuisse,
610 1560 691 1605 nisi
715 1561 952 1606 ministerio
981 1560 1140 1607 diversi
1162 1577 1281 1606 sexus
1308 1561 1520 1606 successio
1542 1561 1698 1620 germi-

317 1653 336 1671 »
356 1641 508 1676 nasset.
534 1632 643 1676 Nam
660 1631 693 1676 si
717 1636 845 1677 etiam
860 1631 998 1682 Adam
1015 1642 1209 1694 speretur
1232 1632 1423 1696 potuisse
1443 1632 1700 1682 immortalis

318 1724 337 1742 n
358 1700 449 1745 fieri
469 1740 478 1757 ,
507 1701 589 1747 nisi
610 1701 861 1765 deliquisset
885 1720 895 1747 :
937 1713 1081 1747 tamen
1105 1699 1378 1750 manifestum
1409 1714 1470 1747 est
1488 1741 1498 1759 ,
1530 1713 1698 1767 patrem

315 1793 336 1813 >³
359 1789 456 1817 eum
497 1790 723 1835 nunquam
749 1773 841 1818 fieri
869 1774 1061 1836 potuisse
1086 1811 1096 1824 ,
1125 1773 1207 1822 nisi
1234 1774 1457 1837 reperisset
1488 1790 1658 1818 uxorem
1682 1810 1694 1830 ,

314 1862 335 1882 ›>
354 1858 453 1905 quae
466 1841 518 1887 de
537 1842 565 1887 l
558 1854 668 1888 ttere
680 1843 935 1889 dormientis
949 1853 1186 1911 assumpta
1206 1843 1349 1913 prima
1364 1843 1699 1912 compellatione

316 1934 336 1954 >³
357 1913 428 1957 cui
461 1914 581 1976 operi
616 1927 768 1977 parata
809 1925 916 1959 esset
950 1915 1148 1960 audixit:
1182 1915 1288 1960 Haec
1309 1914 1542 1963 vocabitur
1567 1914 1694 1970 Vita,

315 2004 336 2025 »
356 1985 562 2046 quoniam
590 1995 727 2030 mater
750 1996 812 2031 est
836 1985 1033 2031 omnium
1060 1987 1132 2032 viv
1136 1986 1333 2031 entium‘2
1341 1986 1480 2042 ,Ouo
1504 2002 1699 2031 sermone

315 2075 335 2095 »
353 2065 641 2100 monstratum
667 2066 751 2111 est,
778 2057 998 2101 neminem
1023 2056 1228 2120 deinceps
1261 2056 1492 2103 hominum
1518 2055 1587 2105 vel
1612 2073 1698 2101 esse

316 2145 336 2165 ³>
358 2141 498 2186 posse,
527 2125 595 2177 vel
618 2126 760 2172 vivere
776 2163 787 2181 ‚
815 2125 891 2189 qui
912 2143 1000 2172 non
1026 2123 1264 2192 conceptus
1281 2126 1495 2172 beneficio
1529 2126 1698 2171 substi-

315 2194 485 2241 »tisset.
511 2217 531 2236 ›)
567 2196 680 2241 Cum
712 2213 813 2255 ergo
846 2195 1032 2251 clareat,
1067 2197 1112 2248 in
1150 2214 1194 2244 re
1228 2196 1406 2261 quidem
1437 2213 1524 2241 non
1551 2196 1699 2255 magni

315 2264 539 2328 ponderis,
563 2276 706 2318 tamen
733 2266 846 2312 nihil
877 2285 898 2312 a
928 2284 996 2312 me
1014 2267 1073 2313 ita
1090 2267 1220 2313 fuisse
1237 2267 1484 2331 prolatum,
1510 2277 1559 2312 ut
1586 2265 1697 2312 illud

314 2335 805 2400 praeterimpudentiam
827 2336 1087 2397 singularem
1108 2338 1340 2402 quisquam
1351 2337 1486 2402 possit
1505 2353 1698 2397 arguere,

313 2406 456 2453 inusta
493 2418 554 2453 est
591 2418 694 2453 nota
730 2407 924 2471 publicae
948 2407 1146 2454 falsitatis
1171 2405 1441 2469 egentissimo
1465 2408 1660 2459 omnium
1679 2444 1691 2463 ,

313 2478 513 2543 quicum
538 2478 634 2524 vult
664 2478 824 2524 donare
857 2478 977 2542 quod
1009 2497 1097 2526 non
1124 2490 1269 2537 tenet,
1293 2497 1381 2526 uno
1408 2489 1696 2546 temporepa-

312 2550 416 2596 riter
444 2548 689 2612 delinquit,
725 2559 767 2595 et
796 2549 980 2613 penuria
999 2551 1111 2610 juris
1128 2586 1140 2609 ,
1164 2561 1206 2597 et
1229 2551 1399 2598 ambitu
1416 2548 1640 2609 largitatis.
1672 2568 1694 2589 »

362 2637 373 2660 ¹
399 2641 544 2677 Gen.11,
570 2637 625 2680 18,
650 2648 703 2678 19,
726 2656 769 2665 ψ
786 2632 802 2658 2
820 2634 867 2666 ld.
885 2646 932 2673 ιιι,
953 2646 1006 2667 20.
