1863 3262
159 260 316 292 omarus
353 259 612 292 nirfinrssc‘n
652 261 826 292 con'rnA
856 261 1100 304 strumen,
1139 264 1226 294 L1B.
1269 265 1328 296 lv.
1388 249 1478 297 253

105 327 357 384 Ambrosio,
384 327 728 383 sicutdicebam,
746 326 818 372 sed
843 326 905 371 illi
929 326 1001 373 dic
1028 328 1103 391 qui
1123 329 1295 393 scripsit
1314 331 1368 377 ad
1394 332 1480 379 He-

103 399 247 445 braeos
265 436 275 449 ,
295 410 423 462 atque
440 399 514 454 ait,
536 398 645 445 «Et.
671 397 782 443 sicut
797 396 1123 460 oportetdicere
1144 412 1321 463 propter
1336 403 1475 449 Abra-

106 489 127 512 »
149 469 255 515 ham
280 479 322 516 et
352 469 455 515 Levi
481 468 695 531 accipiens
713 467 926 513 decimam
951 467 1188 515 decimatus
1209 482 1293 528 est3
1332 472 1481 520 adhuc

105 560 127 582 >2
154 539 268 585 enim
291 539 336 584 in
361 537 524 584 lumbis
559 539 696 601 patris
722 538 785 583 sui
809 537 915 593 fuit,
944 554 1043 583 cum
1070 539 1107 584 ei
1140 542 1332 586 occurrit
1370 544 1478 590 Mel-

105 630 127 652 »
153 609 387 656 chisedech
411 608 445 655 1.
483 630 503 650 n
531 609 646 654 Huic
684 608 949 654 calumniare
988 625 1104 654 caeca
1131 609 1414 674 loquacitate,
1441 625 1483 660 et

104 678 176 726 dic
206 679 239 725 si
275 679 423 737 audes,
470 680 582 725 Cum
609 689 733 743 pater
754 678 980 724 Abraham
1003 677 1226 725 voluntate
1250 698 1325 727 sua
1351 682 1482 730 fuerit

105 749 360 807 decimatus,
391 749 611 814 quomodo
647 750 791 814 potuit
811 767 890 813 per
918 749 1034 795 illius
1062 749 1329 798 voluntatem
1360 753 1484 800 deci-

104 823 231 879 mari,
269 822 356 868 hoc
379 833 439 869 est
467 822 656 868 decimas
680 822 782 868 dare
814 821 942 877 Levi,
986 824 1111 882 cujus
1137 822 1336 869 voluntas
1362 825 1482 872 nulla

105 903 213 948 erat,
242 893 345 957 quia
368 891 648 955 omninoipse
672 891 869 937 nondum
890 893 1012 936 erat?
1036 892 1095 936 Ea
1111 892 1276 938 ratione
1296 894 1479 958 quippe,

104 963 173 1010 vel
192 965 339 1028 potius
363 963 450 1010 hoc
489 981 630 1010 errore
650 963 757 1009 dicis
783 973 824 1008 et
844 961 993 1008 nohis:
1018 962 1131 1008 Cum
1151 962 1320 1026 primus
1351 965 1484 1012 homo

104 1035 328 1081 voluntate
345 1035 606 1098 peccaverit,
629 1034 852 1099 quomodo
868 1044 1196 1097 potueruntper
1214 1037 1304 1094 ejus
1329 1036 1483 1083 volun-

106 1117 237 1153 tatem
252 1107 383 1154 simul
397 1106 443 1153 in
464 1106 540 1153 illo
563 1123 760 1170 peccare,
782 1106 857 1169 qui
881 1122 1003 1151 suam
1021 1105 1219 1151 nondum
1234 1106 1478 1166 habebant,

105 1178 208 1243 quia
240 1196 319 1242 per
333 1178 620 1225 substantiam
638 1194 757 1223 suam
788 1176 898 1222 nulli
922 1175 1069 1222 adhuc
1090 1186 1211 1223 erant
1233 1179 1251 1222 ἓ
1291 1177 1385 1224 Imo
1402 1178 1483 1226 de-

105 1249 195 1295 sine
215 1266 326 1295 vana
358 1249 535 1309 ganire,
574 1258 615 1294 et
643 1264 790 1294 omnes
813 1247 889 1310 qui
927 1246 1125 1292 nondum
1147 1246 1239 1292 nati
1269 1248 1382 1294 nihil
1404 1267 1485 1313 per

105 1320 307 1383 proprias
329 1320 573 1367 voluntates
588 1336 713 1380 agere
733 1327 934 1382 poterant
967 1317 1075 1363 boni
1095 1317 1162 1363 vel
1179 1317 1339 1375 mali,
1327 1336 1373 1364 1n
1399 1336 1486 1367 uno

106 1390 300 1454 potuisse
340 1407 547 1454 peccare,
591 1390 637 1435 in
661 1406 749 1453 quo
785 1405 863 1452 per
891 1387 1101 1434 rationem
1136 1388 1309 1434 seminis
1333 1402 1483 1450 erant,

108 1460 286 1526 quando
307 1461 377 1508 ille
392 1461 573 1526 propria
592 1460 815 1508 voluntate
825 1470 1056 1524 peccatum
1073 1459 1182 1505 illud
1202 1459 1364 1520 grande
1380 1480 1490 1526 pec-

109 1533 240 1590 cavit,
262 1543 551 1596 naturamque
565 1532 610 1578 in
629 1549 670 1578 se
694 1531 881 1588 vitiavit,
901 1530 1104 1586 mutavit,
1127 1530 1379 1579 obnoxiavit
1396 1531 1488 1580 hu-

108 1621 307 1660 manam3
329 1614 505 1667 excepto
524 1620 611 1649 uno
634 1602 813 1648 homine
840 1601 917 1665 qui
940 1619 987 1648 ex
1009 1600 1104 1665 ipso
1129 1600 1307 1665 quidem
1328 1603 1488 1649 semine

110 1692 199 1721 non
221 1674 569 1721 tamenseminali
591 1673 756 1720 ratione
772 1683 1026 1737 procreatus
1043 1682 1121 1730 est,
1142 1671 1176 1717 si
1189 1681 1332 1735 potes,
1354 1671 1489 1719 intel-

109 1743 193 1806 lige
207 1765 219 1800 ;
235 1746 270 1792 si
289 1763 376 1792 non
398 1756 539 1810 potes,
556 1745 696 1792 crede.

176 1816 267 1863 CV.
291 1820 313 1862 J
319 1833 387 1863 UL.
407 1838 427 1859 «
446 1817 549 1862 Post
562 1816 679 1862 hanc
695 1831 797 1863 vero
813 1813 1137 1879 responsionem
1156 1812 1274 1860 aliud
1287 1814 1364 1861 ubi
1384 1833 1406 1862 a
1424 1833 1490 1863 me

111 1887 310 1952 pulsatus
335 1886 477 1933 fuerat
505 1887 670 1933 diluere
692 1896 890 1933 conatur.
929 1885 1020 1944 Ego
1060 1883 1228 1947 quippe
1253 1895 1489 1949 postquam

113 1957 168 2004 de
205 1957 490 2021 parvulorum
529 1957 752 2003 voluntate
783 1953 1108 2019 requisiveram,
1153 1964 1326 2000 secutus
1358 1972 1452 2002 sum
1479 1973 1490 2001 z

115 2026 202 2074 Sed
228 2044 356 2088 negas
378 2027 485 2084 hoc,
511 2026 557 2073 id
597 2037 676 2081 est,
721 2025 993 2074 voluntatem
1024 2023 1315 2087 peccatricem
1358 2024 1493 2072 inesse

114 2099 409 2157 nascentibus,
434 2109 476 2145 et
499 2098 608 2145 dicis
622 2110 769 2145 tamen
790 2114 876 2144 esse
894 2096 977 2143 sub
998 2094 1176 2141 diabolo
1195 2094 1402 2159 parvulos
1415 2113 1496 2142 nec

115 2168 358 2216 dissimulas
379 2187 459 2235 per
477 2169 585 2234 quid
618 2186 688 2216 eos
711 2167 862 2230 degere
897 2166 979 2213 sub
1006 2176 1220 2229 potestate
1241 2165 1357 2212 illius
1377 2167 1495 2213 arbi-

115 2239 239 2286 treris
262 2257 272 2284 :
294 2239 353 2286 ais
371 2240 556 2305 quippe,
582 2239 698 2297 Quia
729 2239 783 2285 de
802 2254 920 2284 sexus
941 2235 1166 2299 utriusque
1191 2235 1496 2282 commixtione

115 2321 373 2366 nascuntur,
410 2312 491 2357 sub
524 2310 765 2358 adversaria
786 2319 886 2355 sunt
909 2317 1132 2372 potestate.
1158 2306 1388 2353 Dictorum
1407 2309 1497 2366 ejus

116 2381 264 2446 itaque
279 2381 522 2428 testimonio
550 2382 709 2445 patuit,
742 2381 800 2427 ob
825 2380 911 2426 hoc
929 2378 1053 2427 illum
1074 2376 1281 2441 parvulos
1306 2376 1498 2422 daemoni

116 2452 357 2511 vindicare,
382 2453 486 2517 quia
514 2451 567 2498 de
584 2461 710 2498 'sexus
733 2451 959 2513 utriusque
992 2448 1165 2494 fuerant
1193 2447 1500 2494 commixtione

117 2525 349 2590 prognati3
377 2542 456 2589 per
472 2520 591 2589 quod
612 2521 764 2582 docui,
795 2521 922 2570 illum
940 2519 1119 2586 nuptias
1142 2536 1242 2584 quae
1262 2537 1284 2565 a
1306 2519 1397 2568 Deo
1413 2517 1500 2565 ins-

166 2607 177 2658 }
197 2607 300 2644 Hebr.
321 2619 433 2651 v11,9.
