1863 3262
207 264 367 295 OPERIS
404 261 668 294 IMPERFECTI
705 260 883 292 CONTRA
919 260 1164 300 JULIANUM,
1209 261 1298 292 LIB.
1345 261 1407 291 lv.
1463 261 1549 309 197

158 329 448 393 cupiditatem
475 344 565 373 non
585 327 789 372 habuisse
821 326 1049 371 vitiorum.
1078 325 1207 371 Aliud
1232 336 1293 371 est
1312 325 1425 371 enim
1461 342 1553 371 non

164 400 370 446 habuisse
389 398 678 462 cupiditatem
702 396 880 452 malam,
907 395 1030 440 aliud
1045 412 1232 441 noneam
1258 397 1447 459 potuisse
1467 413 1558 441 scn-

161 471 241 516 tire
263 488 274 515 :
303 469 497 516 sensisset
519 468 632 514 enim
645 468 678 513 si
698 467 941 521 habuisset3
963 483 1049 511 non
1073 466 1185 511 enim
1206 484 1350 512 sensus
1367 468 1401 512 ci
1419 467 1558 512 defuit

158 558 248 604 quo
270 557 361 586 eam
385 540 575 594 sentiret,
609 537 682 583 sed
707 538 907 583 voluntas
944 536 1086 582 adfuit
1107 554 1191 599 qua
1233 555 1320 582 non
1346 538 1541 584 haberet.

161 612 250 656 Nec
263 610 428 655 mireris
448 609 694 664 Christum,
715 607 915 671 quamvis
949 607 1174 652 homiuem
1202 624 1369 662 verum,
1400 618 1545 653 tamen

159 698 238 743 per
260 680 405 725 omnia
426 680 612 733 bonum,
643 679 826 725 noluisse
849 678 1011 723 habere
1042 677 1329 740 cupiditatem
1364 677 1536 723 malam.

162 752 273 797 Nam
297 751 394 813 quis
414 761 573 814 praeter
594 767 668 796 vos
695 749 984 812 cupiditatem
1010 760 1136 808 negat
1157 766 1242 794 esse
1265 748 1441 803 malam,
1461 764 1549 810 qua

161 822 405 885 cupiuntur
426 820 575 866 mala?
612 820 740 878 Quis,
768 821 968 884 inquam,
995 830 1156 882 praeter
1183 836 1258 864 vos
1294 817 1551 881 persuadere

161 902 347 938 conatur
366 908 454 936 non
467 907 552 937 esse
565 891 739 946 vitium,
754 907 886 954 quam
904 889 1193 952 cupiditatem
1213 890 1449 934 confitetur
1464 904 1551 933 esse

160 962 364 1008 vitiorum
382 981 393 1015 3
414 972 455 1006 et
472 978 559 1006 non
571 978 656 1006 esse
672 960 854 1015 malum,
879 960 950 1005 cui
971 959 1171 1005 suadenti
1193 959 1225 1004 si
1244 958 1544 1004 consentiatur

163 1033 212 1078 fit
235 1048 346 1095 opus
371 1032 567 1077 malum?
608 1032 738 1077 Hauc
761 1030 1050 1094 cupiditatem
1092 1030 1295 1076 Christus
1325 1039 1366 1074 et
1391 1028 1546 1073 sentire

161 1113 322 1166 posset,
349 1102 382 1147 si
407 1101 617 1155 haberet;
640 1113 681 1147 et
700 1101 878 1157 habere,
901 1101 935 1146 si
960 1100 1087 1146 vellet
1110 1118 1120 1145 :
1150 1099 1225 1145 sed
1256 1099 1368 1144 absit
1391 1108 1439 1143 ut
1458 1096 1547 1143 vel-

161 1173 234 1219 let.
259 1172 568 1217 Verumtamen
603 1172 637 1217 si
665 1171 847 1216 haberet
872 1170 1159 1234 cupiditatem
1201 1169 1377 1224 malam,
1417 1178 1545 1231 atque

163 1253 212 1289 ut
237 1253 314 1288 tuo
337 1243 472 1288 verbo
500 1253 600 1288 utar
625 1260 635 1287 ε
668 1265 685 1282 «
706 1242 1010 1305 Cupiditatem
1036 1241 1266 1294 vitiorum,
1287 1263 1305 1281 »
1332 1240 1386 1284 ab
1413 1240 1550 1301 ipsius

160 1312 383 1360 voluntate
400 1313 444 1356 in
460 1312 534 1357 illo
559 1329 646 1357 esse
662 1312 892 1374 coepisset3
927 1311 1032 1374 quia
1054 1328 1142 1356 non
1161 1327 1264 1356 cum
1289 1309 1363 1355 illa
1383 1320 1445 1354 est
1464 1326 1544 1353 na-

164 1394 250 1438 tus,
271 1392 320 1428 ut
343 1399 436 1429 nos.
470 1383 535 1427 Ac
553 1399 631 1445 per
652 1382 757 1437 hoc,
784 1381 902 1427 illius
925 1382 1063 1427 virtus
1084 1382 1182 1427 haec
1206 1391 1314 1436 erat,
1345 1397 1439 1425 eam
1463 1395 1552 1425 non

162 1453 326 1499 habere
347 1462 520 1498 :nostra
536 1453 672 1499 virtus
694 1463 774 1509 est,
798 1452 836 1497 ei
857 1469 945 1497 nou
975 1452 1241 1506 consentire3
1270 1461 1311 1497 et
1326 1451 1370 1496 in
1386 1450 1473 1495 hoc
1491 1448 1550 1495 il-

162 1523 256 1570 lum
276 1523 455 1580 imitari,
480 1534 529 1569 ut
549 1522 924 1588 quemadmodum
940 1523 1034 1586 ipse
1057 1533 1288 1586 peccatum
1313 1538 1401 1567 non
1424 1520 1545 1577 fecit,

163 1611 258 1640 eam
283 1611 370 1639 non
390 1594 614 1650 habendo,
642 1593 702 1639 ita
726 1611 805 1640 nec
825 1611 902 1639 nos
920 1593 1150 1648 faciamus,
1176 1610 1266 1638 non
1291 1592 1329 1638 ei
1362 1608 1550 1637 consen-

164 1664 340 1718 tiend03
369 1674 410 1709 et
435 1663 810 1728 quemadmodum
831 1665 922 1727 ipse
947 1681 1042 1708 eam
1066 1663 1206 1709 voluit
1233 1674 1274 1709 et
1295 1662 1440 1726 potuit
1462 1679 1552 1707 non

163 1735 343 1791 habere,
366 1735 427 1780 sic
454 1751 503 1780 ea
526 1752 605 1780 nos
626 1735 829 1789 velimus,
849 1735 954 1797 quia
972 1735 1231 1798 poterimus,
1257 1750 1415 1779 carere.
1448 1734 1554 1792 Ejus

164 1806 331 1868 quippe
350 1805 486 1866 gratia
503 1822 580 1850 nos
600 1805 806 1852 liberabit
834 1805 888 1851 de
912 1822 1095 1868 corpore
1118 1804 1270 1850 mortis
1288 1804 1440 1863 hujus,
1462 1803 1550 1849 hoc

165 1886 245 1931 est,
273 1875 326 1921 de
347 1892 476 1921 carne
498 1876 670 1938 peccati
685 1913 696 1931 ‚
718 1876 794 1938 qui
827 1876 945 1922 venit
981 1875 1036 1920 ad
1056 1892 1133 1920 nos
1156 1875 1200 1920 in
1224 1873 1555 1920 similitudinem

166 1946 308 1991 carnis
320 1947 508 2008 peccati,
533 1963 622 1991 non
645 1946 690 1991 in
711 1963 840 1991 carne
854 1945 1038 2009 peccati.

230 2016 391 2062 XLlX.
418 2019 513 2061 JUL.
540 2037 560 2055 «
583 2016 692 2060 Tam
712 2017 849 2076 gravi,
872 2027 920 2061 ut
943 2033 1006 2061 res
1027 2015 1210 2072 indicat,
1238 2015 1284 2062 in
1310 2015 1443 2062 fidem
1473 2032 1552 2061 ca-

168 2086 433 2132 tholicorum
456 2085 726 2142 adulatione,
751 2105 839 2132 non
865 2087 1004 2132 solum
1033 2086 1148 2133 nihil
1188 2087 1443 2142 necessaria,
1476 2104 1555 2132 ve-

165 2157 394 2203 rumetiam
419 2156 617 2220 profana.
648 2162 761 2203 Cum
782 2159 897 2203 enim
913 2157 1008 2204 vult
1025 2158 1252 2205 ostendere
1270 2158 1368 2222 plus
1387 2157 1552 2221 aliquid

166 2227 295 2273 fuisse
316 2227 363 2273 in
390 2227 554 2273 Christi
575 2245 778 2292 corpore,
818 2246 871 2274 ne
901 2230 1045 2276 carnis
1068 2240 1227 2276 nostrae
1251 2229 1558 2275 communione

167 2297 407 2353 vilesceret,
423 2299 691 2344 naturalium
709 2317 808 2346 cum.
831 2316 1032 2347 sensuum
1053 2301 1300 2360 integritate
1310 2298 1557 2353 fraudavit3

169 2385 255 2414 non
272 2368 423 2414 videns
440 2369 486 2414 in
505 2381 722 2433 quantum
743 2371 825 2418 iret
844 2373 1017 2418 exitium
1037 2371 1248 2418 damnum
1270 2371 1463 2417 veritatis
1486 2371 1555 2418 vel

170 2437 418 2484 adulatione
452 2450 690 2505 corruptae.
729 2443 962 2509 Infremuit
984 2443 1149 2507 quippe
1174 2460 1197 2487 a
1225 2441 1452 2488 catholicis
1479 2460 1552 2488 ex-

170 2509 304 2555 citata
321 2511 623 2577 praescriptio3
638 2514 742 2578 quia
754 2514 874 2578 apud
898 2514 1024 2560 talem
1044 2513 1174 2560 fidem
1191 2517 1330 2573 majus
1345 2512 1558 2559 damnum

168 2579 372 2642 mysteria.
382 2580 566 2641 Christi,
586 2601 717 2648 quam
741 2586 934 2632 membra
953 2584 1208 2648 perferrent.
1231 2585 1277 2630 Si
1296 2585 1408 2631 enirn
1424 2601 1558 2647 prop-
