1824 3236
306 268 400 330 498
718 283 751 310 s.
795 280 1041 312 Aucusrim
1075 279 1283 311 Eprscom

306 366 397 395 suae
422 347 695 394 deformitate
719 347 941 412 prolatum
965 365 976 392 ε
1006 363 1171 411 perque
1194 345 1282 391 boc
1299 344 1443 408 ipsum
1462 343 1583 391 nulla
1606 344 1687 392 erit

308 419 461 465 tradux
478 457 488 476 ,
510 436 591 465 nec
617 418 854 482 depravata
879 418 1096 482 operantis
1111 416 1293 463 arbitrio
1310 454 1321 474 ,
1344 415 1415 462 sed
1439 416 1551 463 male
1568 416 1688 464 insti-

307 502 402 537 tuta
428 491 482 537 ab
504 490 677 536 exordio
702 501 857 535 natura
883 488 1246 554 reprehendetur,
1270 488 1629 552 confiteberisque
1647 499 1687 535 te

308 579 395 608 esse
414 563 730 608 Manichaeum.
756 564 843 607 Aut
858 562 891 607 si
912 562 1162 625 resipiscens
1179 561 1390 620 injustum
1409 577 1494 606 esse
1513 559 1684 618 dixeris,

309 645 357 679 ut
378 633 517 680 Adam
546 644 761 679 teneretur
787 651 880 679 reus
900 651 978 697 pro
998 644 1165 678 naturas
1179 649 1267 677 suae
1292 631 1459 695 culpis3
1483 631 1689 678 irrefuta-

306 704 452 750 biliter
476 705 773 769 consequitur,
798 704 1143 750 scelestissimum
1164 720 1273 758 esse,
1297 702 1330 747 si
1355 702 1489 759 Abel,
1511 703 1686 760 Enoch,

307 777 403 822 Noe
421 813 431 832 ,
454 786 496 821 et
524 793 651 821 omne
673 776 905 821 hominum
935 792 1066 835 genus
1093 774 1332 820 obnoxium
1358 774 1532 820 crimini
1555 775 1692 834 origi-

305 847 394 892 nali
418 857 654 894 censeatur.
699 846 829 904 Quod
865 846 1034 892 facinus
1070 845 1228 906 judicii
1264 845 1298 890 si
1332 844 1562 892 admoveas
1600 846 1690 891 Deo

304 928 381 964 tuo
400 956 410 975 ,
436 917 551 963 solus
574 936 656 981 pro
693 919 898 964 omnibus
924 918 1168 963 remanebit
1192 934 1317 970 reus;
1347 917 1688 981 apparebitque,

300 989 421 1053 quod
441 1006 626 1052 semper,
655 1006 742 1034 non
771 989 916 1052 ipsum
954 1006 1040 1035 esse
1056 1027 1066 1046 ,
1090 1006 1221 1052 quem
1245 987 1467 1034 Catholici
1491 988 1692 1051 requissi-

303 1077 425 1105 mnm
452 1060 498 1105 in
523 1059 738 1105 Trinitate
761 1076 1033 1107 veneramur.
1061 1059 1193 1116 Quod
1212 1059 1244 1105 si
1272 1077 1293 1104 a
1318 1058 1399 1104 Dei
1417 1058 1693 1104 accusatione

305 1130 519 1176 destiteris
536 1168 547 1188 ,
573 1131 834 1177 lilaniehzeae
874 1131 1066 1177 traducis
1082 1169 1092 1188 ,
1122 1148 1209 1195 qua
1231 1131 1442 1176 hactenus
1468 1128 1693 1177 confossus

304 1219 346 1248 es
362 1240 373 1259 ,
401 1202 467 1250 ve]
493 1202 714 1249 redivivus
741 1203 899 1263 dogma
921 1203 1166 1250 damnabis.

379 1275 488 1320 Aue.
515 1274 632 1320 Hinc
648 1273 843 1338 estquod
861 1273 1156 1332 vehementer,
1180 1273 1347 1331 erratis,
1362 1273 1470 1320 hinc
1489 1274 1587 1320 estis
1601 1274 1693 1320 hae-

296 1345 435 1402 retici,
464 1345 571 1391 hinc
593 1345 797 1392 adversus
815 1346 1082 1391 catholicam
1111 1345 1261 1402 fidem,
1287 1361 1387 1409 quae
1405 1346 1570 1393 evitans
1595 1345 1691 1391 hae-

303 1418 475 1470 reticos,
500 1417 674 1481 eloquia
694 1417 843 1463 divina
871 1428 1078 1474 sectatur,
1109 1418 1253 1482 eisque
1271 1419 1486 1476 munitur,
1508 1416 1694 1465 novitias

304 1489 531 1535 machinas
557 1488 763 1536 humanis
789 1499 831 1535 et
857 1491 978 1537 vanis
1014 1489 1468 1550 argumentationibus
1507 1505 1695 1553 compo-

304 1577 404 1607 nere
439 1559 626 1617 audetis;
666 1561 875 1624 quoniam
901 1561 1093 1618 nescitis,
1126 1572 1167 1608 et
1201 1561 1322 1626 quod
1345 1561 1583 1623 intelligere
1605 1577 1695 1607 non

303 1631 497 1696 potestis,
519 1630 692 1677 credere
708 1631 933 1688 recusatis,
960 1632 1069 1696 quid
1091 1632 1262 1679 valeant
1276 1633 1322 1679 in
1346 1633 1497 1680 seriem
1521 1649 1695 1694 genera-

306 1703 435 1749 tionis
453 1701 666 1748 seminum
703 1719 851 1759 nexus,
874 1703 981 1749 etin
1005 1704 1214 1750 creaturis
1242 1721 1349 1767 quas
1373 1705 1490 1751 Deus
1517 1703 1620 1749 alias
1647 1720 1694 1749 ex

310 1774 401 1820 aliis
424 1773 664 1819 secundum
690 1790 822 1833 genus
852 1791 980 1820 suum
1025 1776 1146 1821 nasci
1165 1775 1322 1832 voluit,
1348 1786 1513 1839 quanta
1532 1775 1617 1820 sint
1653 1784 1696 1820 et

309 1862 442 1909 quam
462 1844 547 1890 sint
581 1844 834 1902 ineffabilia,
862 1862 1081 1910 quamque
1100 1847 1229 1892 etiam
1252 1846 1374 1892 nullo
1413 1855 1696 1910 penetrentur

309 1934 452 1973 sensu,
470 1915 597 1962 nulla
622 1916 882 1976 cogitatione
909 1917 1343 1981 comprehendantur
1362 1917 1578 1964 naturalia
1595 1919 1697 1977 jura

309 1988 586 2053 propaginis;
618 1988 733 2034 unde
751 1989 829 2034 iste
847 1989 901 2035 sit
928 1989 1081 2035 insitus
1104 1990 1300 2036 humano
1323 1990 1467 2050 generi
1497 1990 1693 2046 affectus,

314 2071 537 2115 utomnes,
560 2070 772 2121 quantum
793 2060 847 2105 ad
862 2061 978 2124 ipsos
994 2061 1163 2117 attinet,
1187 2072 1325 2107 certos
1343 2060 1454 2106 filios
1470 2060 1605 2107 velint
1621 2059 1699 2105 ha·

311 2132 437 2177 bere:
459 2130 529 2176 cui
544 2130 600 2175 rei
614 2132 791 2193 proficit
805 2132 849 2176 in
863 2132 1054 2178 foeminis
1070 2133 1195 2178 castis
1215 2132 1392 2178 foederis
1416 2131 1523 2178 fides
1541 2135 1638 2190 conj
1648 2146 1697 2175 u-

314 2201 442 2263 galis;
478 2212 658 2265 propter
688 2202 808 2265 quod
842 2202 1140 2266 philosophus
1157 2202 1282 2249 Plato
1314 2207 1412 2264 Jure
1449 2201 1693 2264 displicuit,

313 2274 415 2338 quia
436 2273 604 2318 censuit
628 2273 838 2336 permixte
860 2273 1073 2320 utendum
1108 2274 1301 2321 foeminis
1321 2312 1332 2331 ,
1356 2275 1403 2319 in
1432 2291 1481 2319 ea
1501 2273 1694 2329 civitate,

309 2362 443 2410 quam
469 2344 738 2408 disputando
757 2345 877 2392 velut
896 2346 1107 2409 optimam
1125 2346 1303 2403 format,
1327 2345 1457 2392 etiam
1473 2344 1565 2409 ipse
1590 2343 1698 2408 quid

308 2416 468 2471 volem,
499 2416 581 2462 nisi
600 2427 647 2462 ut
671 2417 877 2463 omnibus
896 2418 1138 2464 minoribus
1156 2422 1340 2479 majores
1360 2435 1454 2463 eam
1468 2415 1699 2463 redderent

307 2487 583 2545 charitatem,
612 2505 744 2551 quam
770 2488 950 2535 videbat
976 2490 1076 2536 filiis
1115 2491 1257 2554 ipsam
1294 2488 1452 2536 debere
1478 2498 1697 2544 naturam,

304 2577 404 2606 cum
426 2558 611 2623 quisque
636 2559 847 2620 cogitaret
865 2578 951 2607 esse
975 2579 1101 2625 posse
1124 2562 1265 2608 filium
1283 2579 1428 2618 suum,
1457 2564 1583 2619 cujus
1603 2574 1698 2604 eam

296 2630 461 2679 videret
482 2640 649 2677 aetatem
677 2668 687 2687 ‚
711 2641 760 2677 ut
784 2648 831 2678 ex
861 2649 1142 2697 quacumque
1161 2632 1345 2680 foemina
1369 2632 1608 2695 ignotaqua
1626 2628 1700 2676 in-
