1824 3236
156 268 312 300 ominis
350 268 611 301 inumeri
650 265 825 298 CONTRA
861 266 1107 309 JUJANUM,
1149 269 1234 300 Lm.
1279 267 1336 298 iv.
1391 265 1483 312 299

106 345 252 382 catum
269 333 303 380 1.
335 336 444 381 Nam
465 350 554 398 quo
573 332 656 379 alio
677 332 827 377 merito
848 332 1234 379 interirenteorum
1256 332 1414 379 animae
1435 329 1489 376 de

105 405 274 470 populo
290 423 384 461 suo,
410 405 490 451 nisi
507 404 576 450 die
596 413 751 449 octavo
768 403 1214 459 circumciderentur-3
1240 404 1285 450 id
1303 413 1381 457 est,
1409 401 1490 447 nisi

107 475 161 522 ad
186 475 352 522 Christi
373 475 551 535 gratiam
570 473 863 537 pervenirent,
892 489 1022 535 quem
1045 474 1114 519 die
1139 484 1308 528 octavo,
1337 472 1381 518 id
1406 481 1484 527 est,

105 557 204 611 post
226 547 457 610 septimum
478 545 668 599 sabbati,
698 554 1039 589 resurrecturum
1073 543 1487 608 propterjustifica-

105 618 263 664 tionem
285 627 494 670 nostram,
523 616 663 661 carnis
682 615 754 660 illa
779 614 1054 661 circumcisio
1085 616 1332 675 figurabat?
1353 615 1490 659 Erant

105 704 204 748 ergo
226 687 290 732 illi
324 697 367 732 et
398 696 556 731 natura
593 685 670 731 filii
697 686 774 730 irae
802 685 856 730 ab
881 684 1013 730 uteris
1044 696 1232 730 matrum
1253 706 1264 738 ;
1287 695 1329 729 et
1355 683 1491 743 gratia

105 757 185 804 filii
200 756 510 803 misericordias
531 757 587 803 ab
608 757 738 802 uteris
762 767 977 810 matrum;
1010 756 1113 819 quia
1137 772 1216 800 nec
1234 754 1306 800 illa
1329 755 1387 799 eis
1412 753 1492 800 ad-

107 827 198 874 huc
215 829 353 874 inerat
371 828 590 873 sanctitas,
623 844 722 890 quae
746 826 971 872 vinculum
995 825 1178 871 solveret
1213 824 1493 871 successionis

107 899 305 945 obnoxiae
330 899 450 962 quod
476 915 553 943 suo
574 909 771 961 tempore
789 897 896 942 solvi
917 897 1168 960 oportebat,
1201 907 1243 941 et
1269 896 1408 941 inerat
1425 905 1494 940 ta·-

106 986 206 1015 men
248 985 348 1033 quae
384 985 635 1032 praeconem
675 967 843 1013 christi
872 985 894 1012 a
925 968 1129 1012 maternis
1150 966 1388 1012 visceribus
1414 965 1494 1010 de-

110 1040 324 1100 signabat.
356 1039 438 1086 Sed
477 1056 615 1085 novus
643 1039 899 1094 haereticus‚
927 1038 1148 1097 religiosus
1177 1037 1386 1101 physicus
1430 1035 1495 1081 vis

108 1111 275 1175 putari,
304 1128 403 1157 cum
425 1110 534 1156 dicis
555 1128 565 1155 ε
590 1131 609 1150 «
633 1109 885 1155 Naturalem
905 1109 1114 1154 malitiam
1133 1119 1173 1154 et
1198 1124 1341 1153 semen
1358 1105 1495 1152 male-

107 1181 275 1227 dictum
297 1182 387 1227 sine
413 1180 678 1245 praejudicio
695 1190 864 1225 naturae
889 1179 996 1234 dici,
1028 1181 1171 1239 cujus„
1201 1177 1367 1241 inquis,
1408 1176 1497 1222 im-

107 1252 428 1315 perturbabilis
458 1252 569 1297 ratio
596 1251 816 1314 quidquid
847 1250 1000 1303 habet,
1045 1267 1067 1294 a
1090 1253 1182 1294 Deo
1217 1265 1294 1293 suo
1321 1257 1498 1292 auctore

109 1322 303 1369 sortitur.
335 1343 355 1364 »
377 1323 530 1367 Nonne
560 1332 599 1366 te
624 1321 859 1366 admonent
878 1331 926 1365 ut
950 1337 1025 1365 cor
1046 1320 1226 1370 habeas,
1248 1317 1398 1362 saltem
1422 1315 1499 1380 qui

107 1391 218 1438 fatui
232 1395 498 1438 nascuntur?
531 1392 618 1437 Nec
648 1403 789 1437 tamen
815 1390 882 1436 vel
920 1391 1002 1454 ipsi
1039 1390 1149 1435 fatui
1175 1391 1317 1434 Deum
1357 1387 1500 1433 dicere

110 1462 272 1508 audent
298 1462 510 1508 fatuitatis
539 1473 777 1507 auctorem.
809 1461 899 1506 Nec
937 1460 1104 1524 utique,
1133 1470 1182 1505 ut
1221 1457 1499 1503 Manichaeus

113 1532 271 1597 desipit
287 1533 363 1578 'vel
387 1533 564 1587 insanit,
589 1532 738 1577 alienae
756 1541 922 1576 naturae
950 1530 1217 1581 commixtio,
1237 1527 1309 1573 sed
1338 1537 1500 1572 nostrae

111 1603 366 1666 depravatio
384 1603 545 1649 invexit.
563 1602 649 1647 hoc
669 1602 837 1647 vitium.
864 1601 1008 1659 Hujus
1032 1617 1132 1660 ergo
1150 1599 1243 1645 vitii
1265 1598 1468 1643 meritum
1487 1633 1497 1651 ,

111 1685 152 1719 et
164 1673 347 1719 aliorum
358 1672 621 1718 naturalium
634 1688 912 1735 quorumque
927 1671 1133 1718 vitiorum
1150 1686 1237 1715 non
1256 1668 1502 1722 inveniunt,

111 1744 190 1807 qui
212 1744 305 1789 sani
329 1753 430 1789 sunt
450 1744 496 1789 in
515 1742 618 1797 fide,
641 1743 721 1788 nisi
742 1741 954 1802 originale
976 1751 1224 1804 peccatum.

178 1815 398 1862 CXXXV.
423 1815 522 1861 Jun.
548 1834 569 1855 ε(
589 1814 714 1859 Sicut
744 1824 887 1858 autem
909 1813 985 1858 hic
1026 1829 1168 1858 semen
1200 1808 1501 1863 maledictum,

113 1884 174 1930 sic
199 1884 306 1930 alibi
326 1884 547 1948 equidem,
576 1885 653 1929 ubi
679 1887 816 1943 major
840 1894 903 1928 est
937 1882 1135 1928 lectionis
1159 1881 1413 1933 auctoritas,
1439 1896 1507 1924 se-

114 1970 213 1998 men
231 1953 395 1999 dicitur
408 1954 703 1999 benedictum.
726 1955 929 2016 Loquens
947 1953 1060 1997 enim
1077 1952 1131 1997 de
1146 1950 1355 1996 Israelitis
1377 1951 1507 1994 Isa'ias

113 2024 353 2087 propheta,
372 2024 721 2080 «AEdiflcabunt‚
738 2024 901 2087 inquit,
925 2023 1101 2078 domus,
1126 2033 1168 2067 et
1187 2021 1271 2085 ipsi
1286 2020 1510 2066 inhabita-

115 2114 137 2136 »
155 2094 295 2148 bunt3
318 2095 606 2158 pastinabunt
627 2095 789 2149 vineas,
819 2104 860 2139 et
879 2094 965 2157 ipsi
985 2092 1319 2138 manducabunt
1336 2091 1507 2137 fructus

114 2187 138 2207 n
160 2181 306 2211 earum
327 2183 338 2211 :
357 2183 446 2212 non
460 2165 764 2220 aedificabunt,
785 2175 828 2210 et
841 2165 912 2210 alii
932 2164 1203 2210 habitabunt
1220 2183 1231 2216 3
1251 2173 1390 2211 etnon
1404 2179 1510 2225 pas-

116 2257 138 2279 »
162 2237 386 2292 tinabunt‚
414 2248 456 2283 et
491 2237 562 2282 alii
585 2236 932 2282 manducabunt.
979 2235 1232 2281 Secundum
1269 2234 1382 2279 enim
1421 2232 1512 2278 dies

119 2329 140 2349 ι)
165 2307 271 2366 ligni
295 2307 416 2362 vitae,
439 2318 568 2353 erunt
587 2307 677 2353 dies
703 2307 861 2371 populi
885 2307 967 2353 mei
995 2324 1005 2350 :
1035 2323 1167 2368 opera
1191 2305 1411 2350 labiorum
1437 2320 1506 2348 eo-

119 2399 140 2421 »
165 2394 262 2424 rum
282 2389 555 2441 perseverant
571 2398 582 2431 3
599 2378 723 2424 electi
743 2379 824 2424 mei
847 2396 935 2424 non
949 2377 1219 2422 laborabunt
1237 2376 1281 2421 in
1300 2390 1507 2427 vacuum,

119 2469 141 2491 »2
163 2465 243 2494 nec
261 2447 372 2493 filios
399 2448 698 2511 procreabunt
715 2449 759 2494 in
789 2448 1041 2504 maledicto,
1064 2447 1167 2511 quia
1205 2462 1349 2492 semen
1374 2444 1512 2490 bene-

121 2541 144 2561 »
172 2518 342 2565 dictum
360 2536 384 2564 a
405 2523 498 2565 Deo
524 2529 587 2564 est
602 2519 637 2566 2.
661 2541 680 2561 »

173 2600 184 2622 ¹
203 2603 288 2633 Gen.
308 2611 390 2643 xvn,
415 2608 592 2638 12·14.-
606 2601 622 2624 ²
637 2603 710 2635 lsai.
731 2613 806 2639 mxv,
822 2612 876 2633 21.
