1863 3262
190 255 346 286 OPERIS
382 253 645 286 IMPERFECTI
680 251 856 285 CONTRA
891 255 1136 299 JULIANUM,
1176 259 1265 291 LlB.
1310 261 1368 293 IV.
1426 249 1512 311 15⁹7

139 337 238 367 rum
255 359 265 378 ,
293 321 374 368 nisi
397 321 498 385 quia
521 336 607 365 non
640 330 824 382 possunt
856 337 942 367 esse
977 321 1022 366 in
1048 322 1267 371 laudanda
1301 329 1515 374 commix-

142 391 258 438 tione
280 392 369 438 sine
390 389 598 455 pudenda
630 389 844 436 libidine?
883 392 947 437 De
970 390 1055 437 hac
1088 395 1358 443 erubuerunt
1386 399 1515 445 etiam

141 461 217 525 qui
240 462 374 525 primi
396 458 604 524 pudenda
632 469 830 505 texerunt
853 478 864 505 ε
892 476 992 523 quae
1030 461 1153 523 prius
1185 465 1391 526 pudenda
1429 486 1517 514 non

140 531 317 579 fuerunt
335 568 347 589 ‚
375 531 449 577 sed
471 540 678 593 tanquam
707 531 785 576 Dei
814 547 944 594 opera
967 531 1250 594 praedicanda
1270 547 1398 600 atque
1420 538 1517 598 glo-

142 601 308 648 rianda,
347 623 368 643 «
391 600 470 660 Egi
493 599 671 664 quidem
688 637 699 656 ,
724 600 969 646 beatissime
992 612 1116 664 pater
1138 603 1262 649 Flore
1279 642 1290 661 ,
1316 606 1361 651 in
1387 609 1519 670 primi

142 671 284 735 operis
305 681 494 734 quatuor
519 669 678 715 libellis
704 687 878 716 eausam
897 671 1170 734 nuptiarum,
1195 690 1366 720 causam
1393 694 1518 722 com-

140 740 362 787 mixtionis
381 778 393 797 ,
417 757 592 787 causam
615 757 853 804 corporum
871 777 882 797 ,
916 757 1088 787 causam
1117 760 1290 789 sexuum
1306 781 1316 801 ,
1345 762 1519 792 causam

142 812 284 874 operis
321 811 429 867 Dei,
474 828 648 857 causam
687 822 910 875 postremo
939 812 1237 860 aestimationis
1274 816 1353 861 Dei
1375 854 1386 873 ,
1420 835 1519 881 quae

141 881 378 928 necessario
400 918 413 938 ,
439 892 488 928 ut
510 898 694 944 operum
726 898 902 928 suorum
940 883 1160 945 probitate
1192 884 1423 944 laudatur,
1461 888 1521 934 ita

143 968 294 998 eorum
324 951 546 998 sauciatur
561 951 766 998 infamia:
792 969 842 998 ac
855 969 936 1016 per
949 961 1089 999 totum
1112 954 1372 1018 scriptorum
1391 974 1518 1021 opus,

142 1037 223 1068 nec
246 1020 499 1068 formationi
522 1022 718 1084 corporis
742 1022 909 1085 aliquid
946 1022 1175 1069 diabolum
1206 1025 1422 1073 addidisse
1444 1045 1522 1073 nec

143 1093 314 1150 sensui,
339 1092 713 1139 inobumbrabilis
743 1094 922 1139 omnino
954 1095 1111 1140 veritas
1146 1097 1440 1159 approbavit:
1482 1109 1524 1144 et

143 1161 242 1209 ideo
257 1163 510 1226 opinionem
535 1162 728 1209 traducis
751 1163 804 1209 de
824 1164 1065 1211 Manichaei
1085 1165 1176 1211 luto
1190 1166 1392 1213 haustam
1417 1186 1520 1227 esse,

143 1232 404 1296 perdoctum
427 1242 503 1279 est.
527 1253 548 1274 >³

212 1304 328 1350 Aua.
362 1302 598 1359 Quomodo
633 1303 769 1363 egeris
802 1303 847 1348 in
875 1303 958 1349 illis
981 1315 1172 1367 quatuor
1198 1305 1320 1352 libris
1346 1308 1453 1364 tuis,
1485 1319 1526 1354 et

143 1373 368 1438 quomodo
390 1383 540 1419 nostra
561 1374 840 1437 responsione
861 1373 994 1421 fueris
1018 1375 1269 1423 confutatus
1286 1415 1296 1434 ,
1320 1389 1369 1424 ut
1397 1389 1437 1425 te
1454 1381 1526 1426 ni-

145 1443 213 1490 hil
234 1443 366 1504 egisse
383 1442 582 1500 clareret,
611 1443 687 1506 qui
711 1453 753 1489 et
781 1460 896 1490 meos
920 1454 961 1490 et
982 1455 1079 1491 tuos
1097 1445 1262 1506 legunt,
1292 1466 1381 1494 non
1406 1449 1525 1495 diffi-

147 1513 287 1560 culter
325 1512 589 1573 intelligunt.
621 1514 886 1577 Quanquam
912 1525 954 1560 et
977 1532 1075 1560 cum
1096 1517 1160 1561 tui
1177 1534 1264 1563 non
1292 1518 1523 1578 leguntur,

147 1583 221 1629 sed
241 1583 547 1629 tantummodo
570 1583 672 1639 mei,
700 1594 886 1647 apparet
907 1585 953 1630 in
980 1585 1038 1631 eis
1058 1596 1250 1632 vestrum
1267 1588 1526 1636 haereticum

149 1653 311 1714 dogma
331 1653 615 1701 destructum.
651 1653 739 1699 Sed
759 1671 860 1700 cum
887 1672 982 1701 meo
1004 1655 1098 1712 uni,
1119 1667 1310 1719 quatuor
1329 1658 1413 1704 illis
1442 1660 1527 1705 tuis

149 1723 211 1770 sic
239 1723 512 1788 responderis
533 1761 544 1780 ,
580 1734 628 1770 ut
651 1728 744 1784 eJ'us
776 1725 844 1771 vix
870 1737 1042 1789 partem
1071 1727 1300 1787 attingeres
1327 1730 1494 1775 tertiam
1512 1767 1523 1784 ‚

148 1793 404 1857 nullamque
425 1793 667 1848 refelleres;
702 1805 873 1840 tantum
909 1795 962 1841 de
990 1795 1074 1841 illis
1108 1800 1451 1863 praesumpsisti,
1479 1811 1528 1846 ut

151 1875 304 1910 contra
326 1880 465 1910 unum
488 1864 671 1910 alterum
694 1881 840 1911 meum
865 1865 910 1911 in
943 1865 1092 1911 eadem
1117 1883 1247 1913 causa
1262 1906 1273 1925 ,
1303 1871 1407 1916 istos
1430 1882 1528 1916 tuos

151 1944 250 1980 octo
274 1934 597 1997 conscripseris,
622 1936 747 1998 quasi
770 1952 839 1980 me
860 1952 949 1980 non
972 1935 1234 1982 vincendum
1254 1940 1527 1986 firmamento

153 2002 528 2066 disputationum,
566 2003 640 2049 sed
673 2020 856 2049 numero
890 2004 1164 2050 voluminum
1197 2010 1418 2069 putaveris
1443 2027 1529 2055 esse

152 2072 435 2118 terrendum:
468 2089 604 2136 usque
636 2072 742 2118 adeo
764 2073 932 2136 quippe
963 2073 1212 2137 quadrupla
1243 2077 1317 2122 illa
1343 2096 1527 2142 respon-

154 2142 270 2188 sione
289 2142 400 2188 nihil
419 2153 458 2188 te
474 2142 704 2206 profecisse
727 2145 915 2199 sensisti,
946 2155 992 2189 ut
1017 2145 1113 2191 haec
1144 2146 1227 2191 tibi
1250 2150 1428 2212 octupla
1450 2168 1529 2196 ne-

154 2213 335 2259 cessaria
353 2212 587 2260 videretur.
619 2213 666 2258 Si
685 2231 784 2273 ergo
814 2214 970 2259 talibus
992 2214 1267 2263 incrementis
1289 2218 1530 2283 loquacitas

155 2291 231 2327 tua
253 2292 553 2345 promovetur,
578 2300 708 2346 quem
735 2301 822 2329 non
843 2295 1016 2340 terreat,
1040 2302 1129 2330 non
1148 2288 1302 2333 veritas
1317 2326 1328 2345 ,
1352 2290 1421 2335 sed
1442 2308 1530 2336 nu-

156 2352 374 2398 merositas
391 2352 606 2398 librorum
637 2363 832 2409 tuorum,
856 2371 990 2418 quam
1015 2367 1272 2418 computare
1295 2376 1362 2405 me
1380 2361 1530 2423 piget?

156 2421 301 2468 Homo
326 2423 441 2468 enim
470 2423 685 2486 stupenda
715 2425 914 2470 ubertate
934 2424 1149 2471 facundus
1169 2463 1180 2479 ‚
1210 2429 1288 2492 qui
1310 2432 1432 2492 prius
1456 2431 1530 2476 uni

156 2509 252 2538 meo
286 2503 383 2540 tuos
414 2503 604 2557 quatuor
620 2531 632 2551 ,
673 2505 715 2540 et
748 2495 871 2541 alteri
893 2512 988 2541 meo
1013 2506 1111 2542 tuos
1134 2510 1232 2545 octo
1259 2502 1422 2563 putasti
1445 2518 1531 2548 esse

157 2562 401 2612 reddendos
420 2583 433 2619 ;
462 2563 561 2627 quis
579 2581 668 2614 non
697 2565 845 2613 timeat
863 2582 916 2613 ne
932 2565 1043 2613 forte
1067 2583 1135 2614 sex
1158 2568 1281 2616 libris
1300 2571 1404 2618 meis
1435 2589 1531 2618 am-
