1863 3262
209 235 368 266 OPERIS
405 229 670 265 IMPERFECTI
707 227 883 257 CONTRA
917 228 1163 272 JL‘LIANUM,
1204 231 1291 262 LlB.
1334 232 1393 264 1v.
1448 220 1534 267 261

162 300 226 346 cie
241 309 380 345 terrae.
404 299 552 360 Neque
562 293 676 340 enim
691 291 754 337 illi
769 302 832 338 tot
845 309 895 338 ac
911 294 1018 339 tanti
1035 305 1077 340 et
1093 305 1180 341 tam
1195 297 1332 343 sancti
1350 297 1543 363 clarique

169 370 381 416 antistites
405 367 510 423 Dei,
549 364 755 411 Ecclesiae
777 363 1011 410 catholicae
1034 365 1112 412 filii
1138 366 1345 414 discendo
1363 406 1373 424 ‚
1399 380 1542 433 patres

164 439 389 496 docendo,
413 437 467 484 de
501 445 683 499 peccato
710 433 841 497 primi
862 433 1052 479 hominis
1073 436 1197 499 eique
1222 438 1409 486 obnoxia
1435 457 1540 487 suc-

157 512 346 558 cessione
364 507 615 555 mortalium
632 505 693 551 ita
711 504 849 551 locuti
871 516 972 551 sunt
991 543 1002 561 ‚
1021 516 1070 551 ut
1093 507 1165 554 alii
1184 509 1239 554 ab
1267 509 1361 556 aliis
1375 511 1541 558 discre-

158 592 340 646 parent,
359 589 434 626 aut
446 594 597 625 eorum
622 576 805 640 quisque
834 576 1125 640 asemetipso;
1156 578 1229 624 sed
1245 579 1306 625 ita
1324 598 1506 644 prorsus
1525 620 1537 639 ,

157 662 206 698 ut
225 667 375 698 eorum
394 647 673 695 consensione
695 657 825 710 atque
850 647 1114 705 constantia;
1139 665 1219 694 nec
1243 649 1365 697 aliter
1383 669 1469 698 esse
1488 653 1542 699 de

155 723 243 769 hac
262 739 306 768 re
330 731 525 768 sanctam
542 719 818 782 Scripturam
837 717 1163 778 intelligendam
1179 756 1191 775 ,
1215 737 1295 767 nec
1315 722 1442 768 aliam
1457 741 1541 787 pu-

156 793 334 840 tandam
364 790 629 837 catholicam
670 788 802 835 fidem
818 826 829 846 ‚
869 789 1066 853 quisquis
1097 806 1167 836 eos
1202 807 1291 838 non
1330 792 1541 840 haeretico

156 866 300 912 animo
322 862 451 922 legit,
474 860 676 907 dubitare
704 877 791 905 non
818 859 969 924 possit.
1002 860 1203 917 Quorum
1234 861 1429 926 pondere
1445 867 1540 923 jam

155 935 248 998 ipse
273 934 334 980 sic
358 931 566 991 frangeris
583 968 595 987 ‚
636 941 683 977 ut
714 948 865 977 eorum
900 930 1018 977 dicta
1044 932 1207 996 quibus
1239 934 1504 981 contradicis
1522 972 1534 992 ‚

155 1025 177 1047 α
204 1004 334 1050 Clara
348 1003 621 1066 benignaque
637 1001 805 1048 ratione
834 1001 1106 1048 defendenda
1126 1024 1146 1044 »
1164 1005 1415 1068 susceperis.
1444 1007 1540 1052 Au·-

158 1074 329 1122 diamus
347 1091 447 1133 ergo
469 1073 632 1119 claram
654 1072 975 1137 benignamque
992 1073 1202 1120 rationem
1224 1093 1236 1120 :
1256 1093 1344 1140 qua
1369 1087 1443 1122 tua
1462 1093 1538 1122 ra-

158 1146 273 1192 tione
291 1145 325 1191 si
348 1143 646 1190 defenduntur
663 1160 710 1189 ea
729 1143 847 1190 dicta
864 1181 874 1201 ,
899 1160 980 1189 cur
1004 1144 1116 1190 mihi
1134 1162 1181 1191 ex
1204 1146 1262 1192 eis
1280 1147 1541 1207 ingeruntur

154 1216 530 1264 tuafmaledicta?
557 1215 670 1260 Nam
703 1216 880 1261 omnino
898 1252 910 1272 ,
951 1232 1052 1279 quae
1087 1216 1134 1262 in
1154 1234 1222 1263 me
1247 1217 1468 1265 detestaris
1496 1229 1539 1264 et

155 1288 322 1349 arguis,
345 1287 440 1350 ipsa
463 1296 593 1341 sunt,
618 1302 719 1348 quae
739 1286 784 1330 in
807 1286 984 1331 illorum
1008 1286 1303 1351 disputatione
1321 1288 1531 1337 defendis.

156 1359 203 1405 Si
227 1367 368 1404 autem
383 1373 469 1402 non
481 1354 793 1412 defenduntur,
814 1355 886 1401 sed
905 1356 989 1402 sub
1006 1357 1183 1403 nomine
1199 1357 1458 1405 defensionis
1476 1376 1540 1405 as-

154 1429 291 1476 tutius
310 1437 577 1488 arguuntur3
603 1426 717 1472 absit
738 1436 786 1472 ut
811 1426 891 1472 ista
909 1426 1025 1473 clara
1049 1438 1091 1473 et
1110 1428 1299 1489 benigna
1327 1430 1382 1475 sit
1399 1429 1536 1487 ratio;

154 1500 227 1547 sed
252 1498 441 1546 irrisoria
460 1496 608 1561 potius
629 1496 848 1554 adulatio,
879 1515 978 1562 quae
1004 1498 1102 1544 ideo
1126 1498 1316 1545 defensio
1333 1511 1534 1558 vocatur,

153 1589 207 1618 ne
227 1569 496 1636 populorum
527 1567 848 1614 catholicorum
866 1605 877 1624 ‚
909 1586 933 1614 a
957 1569 1121 1633 quibus
1150 1569 1283 1617 iidem
1301 1572 1384 1619 viri
1405 1589 1539 1620 vene-

153 1652 323 1696 rantur,
352 1639 526 1686 tolerari
548 1655 636 1685 non
658 1639 792 1702 possit
807 1639 1001 1688 offensio.

220 1711 385 1757 CXIII.
424 1709 449 1754 J
456 1726 522 1755 UL.
551 1730 572 1750 ει
599 1709 714 1766 Quia
747 1709 951 1756 videlicet
975 1721 1016 1757 et
1042 1711 1285 1776 simplicius
1315 1714 1538 1778 quaepiam

153 1781 337 1828 dixerint
352 1818 363 1837 ‚
385 1790 426 1826 et
442 1779 755 1844 quodcumque
783 1780 901 1826 aliud
929 1782 1224 1845 speculantes,
1252 1802 1342 1830 non
1363 1785 1539 1832 habue-

153 1854 241 1900 rint
263 1851 559 1898 necessitatem
594 1869 616 1896 a
641 1850 773 1898 latere
808 1853 1086 1912 surgentibus
1109 1856 1427 1918 quaestionibus
1451 1857 1535 1902 ob-

152 1923 315 1971 viandi.
347 1922 463 1967 Cum
490 1921 603 1967 enim
629 1923 784 1967 crebro
804 1922 1081 1969 laudaverint
1108 1927 1310 1987 conjugia
1327 1963 1339 1983 ,
1368 1938 1410 1972 et
1433 1927 1539 1973 nul-

156 1995 243 2041 lam
257 1995 302 2040 in
316 1992 577 2056 corporibus
592 1993 861 2039 affectionem
875 2011 897 2039 a
914 1994 1092 2040 diabolo
1103 1995 1304 2043 insertam
1322 1999 1537 2061 putarint,

157 2083 237 2112 nec
253 2081 383 2125 regno
406 2062 573 2109 diaboli
592 2062 741 2110 divina
776 2081 909 2128 opera
924 2101 935 2120 ‚
971 2064 1018 2110 id
1038 2076 1125 2122 est,
1153 2077 1320 2113 naturae
1342 2069 1540 2115 membra

157 2135 450 2197 subjecerint,
482 2133 552 2180 sed
576 2145 618 2179 et
642 2152 664 2179 a
701 2136 790 2181 Deo
814 2135 1013 2182 instituta
1038 2139 1240 2198 conJ'ugia
1259 2156 1308 2185 ac
1327 2139 1542 2186 benedic-

159 2209 274 2255 tione
291 2207 452 2254 donata
470 2243 482 2262 ,
503 2205 781 2271 liberumque
802 2207 1032 2254 arbitrium
1047 2246 1059 2267 ,
1078 2221 1213 2273 prout
1236 2212 1543 2276 opportunitas

161 2278 322 2335 attulit,
348 2276 627 2342 explicarint3
651 2278 898 2326 humanum
923 2290 1008 2338 est,
1031 2291 1184 2327 utnon
1209 2293 1319 2328 stare
1337 2283 1383 2328 in
1403 2283 1544 2329 socie-

162 2361 247 2397 tate
266 2348 395 2396 vestri
420 2347 587 2394 sceleris
598 2348 872 2409 judicentur,
900 2351 935 2396 si
950 2351 996 2397 in
1019 2351 1248 2415 scripturis
1268 2352 1444 2399 illorum
1470 2364 1545 2400 aut

164 2419 366 2480 ambigue
381 2456 392 2475 ‚
419 2428 494 2464 aut
509 2418 772 2480 negligenter
794 2422 1015 2486 quaepiam
1033 2422 1175 2468 locata
1194 2423 1536 2487 deprehenditis.

164 2489 399 2550 Quomodo
422 2489 536 2536 enim
550 2507 638 2537 non
660 2493 923 2555 praeJ'udicat
950 2494 1188 2558 Scripturis
1206 2495 1366 2543 sanctis
1383 2531 1398 2554 ,
1425 2496 1545 2560 quod

214 2574 225 2597 Ι
246 2572 329 2608 Psal.
351 2585 379 2612 1,
403 2579 435 2610 [0.
