1824 3236
178 289 334 320 OPERIS
371 289 628 320 inin-:areeri
669 288 843 318 comm
880 287 1126 328 animumn
1170 292 1253 323 mn.
1298 293 1360 323 vi.
1409 278 1501 338 445)

131 355 344 402 culturam
366 355 557 420 paradisi
571 353 899 416 custodiamque
917 355 1145 401 transsatus
1160 358 1370 420 accepisse
1386 375 1503 421 prec-

132 437 307 489 ceptum
335 444 357 472 a
385 429 492 481 -Deo,
521 434 570 469 ut
594 424 802 469 universis
828 424 1045 469 fructibus
1076 439 1335 481 vesceretur,
1377 427 1449 473 sed
1482 446 1504 473 a

129 495 247 556 ligno
271 497 461 541 scientiae
484 493 589 539 boni
630 504 671 538 ct
709 493 809 538 mali
829 530 839 549 ,
877 493 994 538 dicto
1034 495 1209 541 audiens
1249 497 1494 544 abstineret.

131 569 243 613 Ante
262 584 394 631 quam
412 583 511 626 ergo
536 566 589 610 de
612 565 744 611 latere
761 569 851 624 ejus
868 582 1027 628 corpus
1047 566 1308 613 formaretur
1332 570 1472 614 uxoris
1489 607 1500 626 ‚

131 637 334 683 obediens
360 637 515 682 mansit
532 636 733 699 imperio,
766 636 927 680 amoeni
954 636 1063 681 ruris
1083 637 1226 682 cultor
1254 639 1469 685 innocuus
1491 658 1502 685 ς

129 719 228 771 post
251 708 338 754 hoc
358 724 476 762 vero,
503 707 765 767 adjutorium
787 706 936 752 similis
958 707 1040 752 sibi
1071 710 1280 754 consortis
1303 712 1499 758 emeruit.

130 778 376 825 Inculcavit
395 795 555 841 nempe
578 777 658 823 has
675 777 972 823 distinctiones
994 788 1241 841 temporum
1265 780 1507 844 Scripturae

129 850 249 898 fides.
284 854 521 913 Postquam
546 866 646 894 vero
665 853 757 908 jam
783 850 867 895 sibi
899 848 1122 895 mulierem
1150 851 1260 896 vidit
1282 864 1500 915 paratam,

127 921 363 967 intantum
388 930 610 984 praecepto
647 920 726 965 Dei
759 919 906 965 sedulo
939 920 1236 968 famulabatur
1257 924 1399 971 officio
1419 962 1429 978 ‚
1459 935 1506 971 ut

128 992 257 1037 etiam
275 990 472 1036 foeminae
495 989 629 1049 legem
655 1027 665 1046 ,
688 1007 817 1053 quam
846 1002 1096 1054 acceperat,
1124 992 1359 1042 intimaret.
1407 997 1507 1042 Non

128 1061 267 1109 solum
291 1062 425 1121 igitur
443 1071 586 1106 custos
608 1061 763 1116 divini,
782 1061 855 1107 sed
875 1063 1002 1108 etiam
1022 1063 1476 1131 praedicatorjmperii
1492 1105 1505 1126 ‚

128 1131 428 1180 condocefecit
451 1132 588 1177 Evam
607 1142 648 1177 et
672 1132 952 1178 reverentiam
977 1134 1290 1197 praecipientis,
1312 1149 1354 1183 et
1375 1152 1507 1198 genus

127 1203 362 1259 servitutis,
394 1212 436 1247 et
462 1219 636 1248 causam
658 1202 836 1249 timoris,
859 1202 967 1248 Inde
981 1214 1042 1249 est
1059 1205 1227 1268 quippe
1244 1208 1362 1271 quod
1379 1210 1508 1256 etiam

127 1274 286 1320 mulier
312 1272 613 1333 congredienti
628 1272 807 1317 diabolo
832 1273 1056 1320 obluctata
1079 1275 1278 1333 sollicite,
1307 1279 1377 1325 cui
1397 1280 1510 1326 nihil

128 1345 245 1390 Deus
265 1344 556 1407 imperaverat
576 1341 613 1398 1,
643 1342 798 1388 refellit
825 1345 1033 1406 serpentis
1059 1346 1202 1407 prima
1218 1347 1361 1395 fronte
1384 1368 1509 1397 men-

127 1413 254 1460 dacia
270 1451 281 1471 ‚
306 1423 349 1459 et
371 1413 480 1459 dicit
496 1430 584 1459 non
607 1413 911 1458 abstinentiam
927 1415 1124 1461 omnium
1138 1416 1374 1477 lignorum,
1398 1422 1511 1468 sicut

112 1487 198 1534 -ille
229 1487 521 1543 confinxerat,
564 1485 638 1531 sed
669 1503 768 1531 cum
798 1486 1010 1548 permissu
1035 1487 1269 1537 fertilitatis
1300 1494 1511 1542 universae

127 1559 256 1605 unius
277 1569 444 1604 tantum
473 1556 722 1602 mandatam
748 1557 995 1603 arbusculae
1020 1559 1263 1606 cautionem
1280 1600 1290 1618 ‚
1319 1575 1512 1612 metum-

126 1646 211 1692 que
232 1628 384 1675 mortis
409 1627 633 1687 objectum
654 1663 665 1682 ,
695 1626 772 1689 qui
786 1626 802 1654 2
826 1628 1184 1689 praevaricatores
1199 1634 1298 1690 jure
1318 1651 1511 1699 sequere-

127 1710 211 1746 tur.
246 1701 344 1744 Non
379 1714 478 1757 ergo
503 1697 627 1743 brevi
656 1707 852 1759 tempore
887 1710 1072 1760 apparet
1100 1700 1240 1746 Adam
1277 1706 1512 1753 custodisse

125 1769 409 1823 mandatum;
439 1767 512 1813 sed
533 1767 661 1812 etiam
688 1768 826 1812 Evam
847 1784 996 1812 curam
1022 1768 1264 1817 devotionis
1284 1773 1508 1833 habuisse,

126 1857 227 1905 quae
252 1839 444 1886 scientiae
464 1848 507 1883 et
541 1837 780 1882 divinitatis
801 1854 945 1882 amore
969 1838 1159 1902 collapsa
1193 1853 1267 1887 est.
1302 1844 1394 1890 Cur
1412 1863 1512 1907 ergo

127 1910 382 1971 illajustitia
402 1946 412 1964 ‚
432 1908 504 1953 illa
529 1907 701 1952 devotio
720 1944 731 1963 ‚
755 1923 855 1970 quae
878 1908 924 1952 in
950 1908 1088 1954 Adam
1111 1910 1188 1956 diu
1206 1948 1216 1966 ‚
1241 1913 1286 1958 in
1313 1915 1402 1961 Eva
1428 1917 1513 1963 ali-

126 1981 327 2046 quandiu
348 1979 486 2040 viguit
507 2016 518 2030 ,
543 1995 632 2024 non
650 1979 812 2041 eripuit
834 1978 1118 2042 delinquendi
1136 1983 1473 2044 possibilitatem
1494 2025 1505 2045 ‚

128 2063 176 2098 ut
196 2052 302 2098 boni
330 2050 556 2096 necessitas
595 2049 944 2111 impenetrabiles
979 2067 1049 2096 eos
1089 2053 1272 2099 suadelis
1312 2059 1510 2106 sontibus

127 2123 386 2169 exhiberet?
426 2123 620 2165 Fuerunt
645 2136 744 2178 ergo
765 2120 961 2183 qnandiu
985 2121 1217 2168 voluerunt
1239 2126 1505 2188 obedientes,

128 2211 207 2240 nec
227 2203 369 2240 tamen
386 2190 673 2254 perdiderunt
687 2192 839 2236 merito
858 2190 1102 2238 devotionis
1119 2193 1370 2243 facultatem
1397 2218 1509 2263 prae-

128 2263 354 2312 varicandi
379 2280 389 2308 z
417 2262 604 2323 denique
635 2260 746 2323 lapsi
780 2272 880 2306 sunt
916 2279 926 2306 :
961 2262 1093 2321 igitur
1123 2275 1165 2309 et
1201 2278 1350 2329 postea
1374 2288 1508 2334 quam

128 2343 438 2400 peccaverunt,
464 2332 738 2377 manifestum
758 2342 820 2378 est
837 2349 1109 2396 nequaquam
1130 2352 1200 2381 eos
1213 2343 1404 2399 potuisse
1417 2344 1508 2392 vim

130 2403 410 2452 correctionis
438 2402 645 2448 amittere.
680 2403 735 2447 Et
771 2402 869 2448 ideo
895 2414 941 2448 ut
963 2404 1010 2448 in
1035 2406 1240 2452 omnibus
1273 2409 1404 2470 locis,
1430 2415 1507 2462 hic

129 2492 304 2540 quoque
326 2484 467 2520 totum
498 2471 617 2535 quod
638 2473 901 2518 confinxeras
922 2473 1152 2536 perdidisti
1179 2494 1189 2521 τ
1220 2480 1323 2542 quia
1342 2500 1506 2546 pecca-

130 2558 226 2594 tum
239 2545 350 2592 illud
371 2543 616 2609 primorum
634 2542 866 2590 hominum
894 2562 974 2591 nec
1008 2545 1197 2594 ullorum
1218 2549 1322 2598 fecit
1353 2555 1506 2604 crimi-

151 2638 155 2642 ’
179 2628 190 2651 ¹
207 2630 289 2660 Gen.
307 2639 358 2665 ιιι,
375 2638 406 2659 2.
423 2644 465 2650 —
487 2624 503 2648 ²
519 2623 614 2657 Forte
629 2635 712 2667 quae,
1266 2660 1270 2664 .

294 2696 433 2727 CXLIV.
1320 2708 1377 2755 29
