1824 3236
294 271 385 317 528
704 281 738 312 s.
784 280 1030 313 mensum
1068 280 1273 313 EPISGOPI

297 352 332 395 T
337 359 572 396 autum-nc
600 358 638 393 te
654 346 785 393 libuit
804 348 1070 411 quietissimo
1094 348 1323 394 beatorum
1351 346 1468 405 loco,
1493 366 1582 396 non
1605 367 1677 397 so-

291 421 383 467 lum
403 419 594 466 tristitias
615 419 918 481 parturitionis
937 420 982 465 in
1007 418 1199 465 foeminis
1216 455 1226 475 ,
1251 419 1532 465 verumetiam
1549 420 1595 466 in
1607 421 1678 467 vi-

292 493 347 538 ris
380 491 583 538 sudorem
610 490 773 535 laboris
794 491 1024 537 immittere
1043 528 1053 547 ‚
1081 500 1130 535 ut
1151 491 1243 536 Deo
1265 489 1506 536 damnante
1528 528 1538 547 ‚
1566 491 1681 538 nihil

292 563 393 609 novi
417 562 622 608 damnato
647 560 810 607 diceres
848 561 1088 608 accidisse?
1131 561 1406 606 Tantum-ne
1442 561 1591 608 illudis
1625 579 1679 608 ac

291 633 477 697 despicis
502 631 769 679 severitatem
796 633 903 688 Dei,
936 643 986 678 ut
1019 630 1137 694 quod
1157 630 1364 691 irrogavit
1390 632 1462 678 ille
1481 633 1676 697 poenali-

291 716 372 760 ter,
400 714 448 750 tu
473 703 684 749 donatum
706 702 960 749 naturaliter
984 704 1224 748 asseveres?
1256 703 1303 747 Si
1330 702 1443 748 nihil
1464 704 1568 750 novi
1592 704 1682 750 ho-

292 774 395 821 mini
421 773 624 820 accidisse
644 771 775 830 dicis,
796 773 867 819 cui
883 774 998 818 Deus
1012 772 1146 829 dixit,
1171 772 1253 817 «In
1270 771 1426 818 sudore
1445 773 1571 820 faciei
1591 784 1682 821 tuae

291 867 312 889 x>
331 844 429 892 edes
437 862 592 909 panem
607 855 730 893 tuum
746 862 784 889 ε»
795 855 950 904 negato
961 844 1047 890 hoc
1060 845 1203 889 Deum
1214 842 1366 889 dixisse
1377 842 1673 893 damnantem.

291 916 359 962 An
384 915 582 962 dicturus
607 934 673 973 es,
696 915 775 961 Ille
798 914 978 978 quidem
996 914 1219 960 hominem
1241 913 1466 961 damnavit
1486 915 1555 962 his
1575 931 1680 963 ver·-

290 988 357 1033 bis
375 1022 387 1045 ,
404 986 477 1033 sed
497 986 612 1032 nihil
631 986 802 1032 homini
822 1003 869 1032 ex
886 986 974 1032 hoc
998 985 1160 1032 accidlt
1177 985 1312 1032 novi?
1332 983 1448 1046 Ergo
1465 986 1536 1033 ille
1557 986 1681 1034 dam-

290 1057 433 1115 navit,
458 1056 530 1104 sed
556 1074 647 1104 non
674 1068 735 1104 est
762 1057 840 1103 iste
864 1057 1121 1103 damnatus?
1145 1056 1390 1103 Frustratus
1405 1068 1468 1103 est
1484 1057 1675 1122 impetus

290 1127 496 1185 ultionis,
523 1139 733 1192 tanquam
759 1129 875 1174 Deus
900 1128 1034 1174 telum
1071 1128 1243 1188 eiecerit
1279 1138 1321 1174 et
1357 1145 1445 1174 non
1486 1129 1682 1192 potuerit

289 1199 413 1245 ferire
427 1216 557 1263 quem
578 1199 744 1247 voluit?
766 1200 885 1257 Imo,
907 1199 1051 1263 inquis
1069 1236 1079 1254 ‚
1102 1209 1143 1245 et
1162 1198 1392 1245 damnatus
1409 1209 1488 1256 est,
1512 1199 1683 1247 etnihil

289 1271 324 1318 ei
351 1270 511 1316 accidit
535 1270 652 1318 novi.
699 1270 783 1316 Hic
816 1270 952 1316 risum
992 1280 1135 1316 tenere
1162 1269 1340 1316 difficile
1366 1279 1442 1317 est.
1489 1269 1537 1316 Si
1562 1270 1680 1316 enim

289 1343 520 1389 damnatus
544 1352 631 1398 est,
657 1352 699 1387 et
723 1341 836 1387 nihil
856 1342 892 1389 ei
912 1341 1015 1389 novi
1040 1340 1226 1395 accidit3
1256 1340 1422 1387 solebat
1445 1358 1545 1401 ergo
1559 1340 1680 1387 dam-

288 1410 409 1467 nari,
445 1428 494 1457 ac
523 1429 602 1475 per
620 1411 710 1457 hoc
730 1411 897 1457 solebat
920 1421 961 1456 et
982 1427 1165 1474 peceare
1197 1427 1208 1456 ε
1235 1426 1323 1455 non
1350 1410 1466 1456 enim
1494 1410 1681 1456 damna-

289 1493 406 1528 retur
434 1483 605 1543 injuste.
640 1485 706 1529 An
732 1483 834 1546 quia
856 1499 953 1528 eum
980 1493 1087 1528 tunc
1105 1483 1300 1545 primum
1327 1499 1530 1545 peccasse
1549 1500 1676 1529 nemo

289 1553 501 1613 ambigit,
525 1555 683 1615 injuste
705 1554 873 1600 solebat
892 1565 989 1600 ante
1013 1553 1241 1599 damnari?
1271 1554 1369 1599 Non
1390 1553 1505 1599 enim
1522 1591 1533 1610 ,
1561 1553 1674 1600 sicut

289 1623 342 1669 de
360 1624 556 1687 pariente
572 1625 715 1671 dixisti
735 1662 745 1681 ‚
769 1625 855 1671 hoc
880 1625 1027 1671 saltem
1053 1625 1153 1671 novi
1178 1624 1384 1671 accidisse
1398 1624 1570 1671 homini
1589 1625 1678 1671 fas-

288 1711 358 1741 sus
378 1711 442 1749 es,
471 1695 592 1759 quod
619 1696 730 1742 sicut
757 1695 928 1742 mulieri
954 1696 1080 1742 dolor
1114 1695 1417 1759 parturitionis
1438 1733 1448 1753 ,
1488 1695 1547 1742 ita
1585 1696 1681 1743 viro

287 1764 419 1812 sudor
444 1765 605 1812 laboris
625 1777 686 1812 est
705 1766 904 1812 additus:
921 1767 1008 1813 hoc
1034 1765 1165 1812 modo
1184 1766 1297 1812 enim
1317 1804 1326 1821 ‚
1350 1765 1435 1811 hac
1454 1765 1680 1812 additione

287 1853 387 1900 quae
401 1846 525 1883 antea
542 1834 730 1884 non‘suit
749 1874 759 1894 ,
787 1838 888 1885 novi
904 1837 966 1884 illi
991 1836 1157 1900 aliquid
1177 1836 1380 1883 accidisse
1401 1837 1672 1885 concederes,

289 1907 373 1953 Sed
394 1924 495 1954 cum
520 1907 628 1954 dicis
663 1926 673 1955 ε
712 1908 869 1966 «Quid
898 1909 935 1954 ei
971 1908 1131 1956 accidit
1164 1908 1299 1955 novi?
1319 1929 1340 1950 »
1374 1924 1504 1971 quem
1532 1918 1678 1954 tamen

287 1979 506 2025 confiteris
534 1996 619 2026 esse
645 1979 925 2034 damnatum3
954 1979 1062 2044 quid
1091 1979 1211 2026 aliud
1237 1979 1439 2032 affirmas,
1460 1994 1595 2043 quam
1616 1979 1676 2026 sic

286 2065 384 2095 eum
407 2049 540 2096 solere
559 2050 794 2098 damnari?
816 2052 904 2097 Aut
927 2051 962 2097 si
986 2050 1119 2097 solere
1140 2050 1231 2096 fieri
1260 2067 1349 2096 non
1375 2049 1580 2108 dicimus,
1595 2050 1677 2095 nisi

287 2120 407 2185 quod
421 2120 588 2167 assidue
606 2121 771 2168 factum
790 2121 991 2168 novimus
1010 2141 1020 2175 ;
1052 2131 1167 2167 certe
1192 2121 1252 2167 sic
1266 2119 1335 2166 vel
1353 2119 1483 2165 semel
1507 2136 1675 2165 necesse

286 2203 347 2239 est
358 2202 455 2239 ante
470 2191 730 2239 damnatum
743 2210 829 2240 esse
841 2191 1071 2250 concedas,
1088 2192 1159 2238 cui
1184 2190 1297 2237 nihil
1322 2189 1425 2237 novi
1446 2189 1669 2247 accidisse,

284 2264 403 2329 quod
423 2263 483 2310 sic
509 2263 740 2310 damnatus
762 2274 847 2322 est,
869 2280 1093 2311 asseveras,
1123 2262 1212 2308 Ubi
1230 2261 1350 2308 vides
1366 2299 1377 2319 ,
1400 2261 1445 2307 in
1464 2261 1671 2324 quaefue-

284 2337 342 2382 ris
367 2335 555 2399 abrupta
576 2352 841 2398 progressus,
872 2333 985 2381 Redi
1014 2351 1113 2394 ergo
1133 2352 1154 2380 a
1173 2332 1423 2397 praecipitio
1442 2331 1672 2381 laboriosae

284 2407 592 2472 disputationis
616 2419 704 2453 tuae
722 2444 732 2464 ‚
763 2418 805 2453 et
829 2406 917 2452 noli
938 2406 1107 2451 labores
1123 2417 1165 2451 et
1185 2404 1355 2451 dolores
1376 2404 1421 2449 in
1446 2403 1565 2450 sedes
1582 2403 1670 2450 feli-

282 2478 398 2524 cium
415 2479 695 2539 gaudiorum,
709 2489 835 2542 atque
852 2477 1054 2523 inlocum
1066 2475 1297 2523 ineffabilis
1314 2474 1471 2539 quietis
1490 2475 1660 2522 inferre.

349 2550 468 2606 Quid
494 2551 611 2614 quod
634 2549 761 2595 ctiam
786 2548 983 2613 eorporis
1007 2559 1190 2594 mortem
1223 2546 1283 2592 sic
1308 2545 1510 2610 paradiso
1531 2564 1665 2592 cona-

282 2621 339 2667 ris
361 2621 621 2679 immittere,
650 2631 697 2667 ut
727 2638 821 2668 cam
846 2620 965 2668 dicas
993 2618 1317 2684 praevaricatori
1343 2634 1422 2681 pro
1449 2616 1663 2664 beneficio
