1863 3262
355 246 414 292 82
771 258 805 287 s,
849 255 1092 286 AUGUsTmi
1127 254 1332 285 Emscom

355 342 472 380 rum,
500 339 644 369 amara
669 322 798 367 etiam
828 320 1079 385 frequenter
1106 337 1206 384 quae
1236 338 1259 366 a
1290 318 1642 384 persecutoribus
1663 335 1735 364 ex-

356 396 548 441 citantur
580 403 793 438 tormenta
823 408 1058 455 poenarum
1087 408 1098 435 t
1142 390 1214 436 sed
1250 400 1291 435 et
1322 390 1396 435 illa
1431 406 1611 435 censura
1650 388 1735 434 ho-

356 464 529 511 nestatis
549 462 788 519 everberat,
807 473 848 507 ct
872 462 950 507 ista
966 461 1185 507 consumit
1210 461 1465 520 magnitudo
1489 458 1728 524 patientiae.

426 536 541 581 Aac„
564 533 682 579 Inter
698 532 792 579 illos
807 532 1041 588 declamas,
1057 532 1132 595 qui
1143 532 1372 577 confidunt
1386 532 1431 578 in
1440 533 1599 578 virtute
1613 529 1707 575 sua1
1725 548 1736 575 :

361 605 534 652 attende
552 604 634 650 tibi
653 643 664 662 ,
690 622 744 650 ne
768 605 879 650 inter
908 602 1004 649 illos
1032 602 1214 660 clames,
1242 603 1319 667 qui
1342 602 1666 667 torquebuntur
1689 599 1742 647 de

361 675 566 740 superbia
587 692 677 723 sua.

426 746 582 793 CXIV.
599 750 699 794 JUL.
724 768 743 788 α
764 746 1070 791 Verumtamen
1088 763 1165 791 nec
1187 745 1399 791 virtutum
1418 755 1480 789 est
1501 759 1745 790 aerumnosa

362 817 587 882 possessio,
604 834 705 881 quae
725 828 839 863 extra
863 833 1042 876 regnum
1067 816 1292 879 quoddam
1316 816 1451 860 bonae
1470 813 1746 860 conscientiae

362 888 575 953 promissa
599 898 773 934 aeternae
793 887 1078 933 beatitudinis
1096 887 1364 933 sublimitate
1382 886 1553 932 fruitur.
1577 884 1749 931 Adsunt

365 971 510 1005 tamen
537 958 754 1018 adjutoria
780 958 930 1019 gratiae
957 957 1036 1003 Dei
1057 996 1068 1015 ‚
1090 974 1190 1021 quae
1217 958 1263 1003 in
1289 968 1414 1020 parte
1437 956 1609 1003 virtutis
1633 972 1750 1000 nun-

366 1045 499 1092 quam
532 1028 776 1074 destituunt
812 1027 1084 1073 voluntatem
1116 1046 1126 1073 ε
1164 1032 1291 1087 eujus
1313 1028 1331 1055 ”2
1368 1027 1469 1072 licet
1511 1026 1752 1072 innumerae

367 1097 553 1162 species,
577 1099 654 1143 tali
678 1110 824 1143 tamen
849 1115 1019 1161 semper
1043 1098 1339 1143 moderatione
1368 1097 1668 1151 adhibentur,
1705 1104 1754 1140 ut

369 1185 593 1232 nunquam
619 1168 805 1214 liberum
834 1167 1066 1213 arbitrium
1095 1166 1192 1213 loco
1210 1167 1404 1231 pellant,
1437 1166 1510 1212 sed
1526 1166 1756 1230 praebeant

373 1238 640 1284 adminicula
657 1276 668 1295 ,
695 1237 893 1302 quandiu
907 1239 965 1284 eis
985 1238 1171 1284 voluerit
1194 1238 1346 1290 inniti;
1374 1254 1475 1282 cum
1502 1247 1644 1282 tamen
1669 1251 1757 1279 non

372 1310 628 1374 opprimant
652 1309 939 1355 reluctantem
963 1309 1172 1355 animum.
1202 1308 1310 1354 lnde
1335 1308 1500 1371 quippe
1523 1318 1607 1360 cst,
1635 1304 1758 1369 quod

374 1391 425 1426 ut
446 1380 519 1426 alii
534 1379 589 1425 ad
603 1381 782 1427 virtutes
801 1398 823 1426 a
842 1380 959 1427 vitiis
975 1379 1235 1437 ascendunt,
1254 1380 1314 1425 ita
1338 1380 1467 1424 etiam
1489 1378 1562 1423 alii
1580 1377 1636 1423 ad
1656 1376 1762 1423 vitia

377 1467 401 1496 a
426 1450 666 1497 virtutibus
687 1450 964 1497 relabuntur.
986 1471 1005 1490 υ

447 1521 564 1566 AUG.
592 1519 717 1565 Unde·
740 1519 834 1565 fieri
856 1530 1024 1583 potest,
1051 1530 1101 1565 ut
1129 1518 1347 1579 adjutoria
1372 1518 1523 1578 gratiae
1548 1517 1627 1563 Dei
1646 1517 1763 1562 libe-

380 1607 480 1640 rum
501 1590 730 1636 arbitrium
765 1589 862 1636 loco
886 1590 1053 1654 pellant
1077 1611 1088 1645 ;
1116 1590 1236 1653 quod
1269 1590 1415 1653 potius
1442 1588 1558 1636 vitiis
1586 1588 1764 1652 pulsum

383 1673 424 1709 et
442 1661 650 1725 nequitiae
673 1661 955 1722 subjugatum
973 1699 983 1718 ,
1008 1672 1056 1707 ut
1076 1660 1121 1706 in
1142 1661 1287 1706 locum
1310 1677 1434 1705 suum
1456 1659 1627 1715 redeat,
1650 1659 1765 1704 libe-

383 1736 515 1781 rant?
539 1732 624 1778 Sed
651 1750 752 1778 cum
775 1732 991 1796 quaeritur
1013 1751 1034 1778 a
1055 1733 1197 1787 vohis,
1226 1749 1326 1795 quae
1343 1733 1428 1776 sint
1449 1731 1528 1776 ista
1548 1730 1767 1790 adjutoria

388 1805 538 1866 gratiae
571 1804 671 1860 Dei,
695 1803 863 1849 edicitis
882 1821 983 1868 quae
1008 1821 1138 1867 supra
1163 1803 1518 1849 c‹1›mmemorasti
1545 1820 1556 1846 :
1588 1824 1607 1843 (ι
1631 1803 1770 1846 Deum

391 1875 596 1934 adjuvare
616 1873 934 1938 praecipiendo,
955 1872 1273 1928 benedicendQ
1289 1872 1623 1930 sanctificando,
1647 1877 1772 1918 co'er-

392 1945 531 1992 cendo
554 1982 564 1998 ‚
582 1945 876 2008 provocando
895 1983 905 2002 ‚
948 1944 1262 1991 illuminando:
1292 1966 1312 1985 ›>
1344 1961 1444 2006 quae
1473 1944 1620 1990 omnia
1643 1945 1774 1989 etiam

393 2033 472 2081 per
494 2016 692 2061 homines
716 2017 828 2062 fiunt
845 2054 855 2072 ‚
888 2016 1131 2061 secundum
1160 2016 1423 2078 Scripturas.
1456 2017 1566 2060 Nam
1591 2025 1632 2060 et
1654 2030 1773 2077 prae-

394 2087 567 2150 cipiunt
593 2087 791 2131 homines
811 2123 821 2141 ,
861 2097 903 2131 et
949 2085 1219 2131 benedicunt
1238 2121 1249 2138 ‚
1281 2095 1322 2130 et
1343 2102 1423 2147 per
1445 2085 1593 2131 divina
1630 2101 1778 2130 sacra-

394 2167 539 2204 menta
553 2156 843 2213 sanctificant,
863 2166 904 2201 et
919 2155 1197 2219 corripiendo
1208 2160 1431 2211 coercent,
1454 2166 1496 2200 et
1507 2155 1776 2201 exhortando

392 2236 654 2292 provocant,
676 2225 927 2272 etdocendo
942 2226 1193 2272 illuminant
1215 2243 1225 2270 ε
1246 2243 1334 2271 non
1356 2235 1498 2271 tamen
1520 2226 1597 2289 qui
1610 2226 1780 2289 plantat

394 2308 457 2344 est
488 2297 655 2360 aliquid
680 2335 691 2353 ,
721 2314 859 2361 neque
884 2296 963 2361 qui
988 2297 1101 2356 rigat
1125 2334 1134 2353 ,
1166 2295 1239 2342 sed
1258 2296 1337 2360 qui
1358 2296 1671 2361 incrementum
1704 2294 1781 2340 dat

395 2367 556 2415 Deusss.
588 2368 684 2413 Hoc
720 2378 782 2414 est
823 2377 966 2413 autem
1002 2367 1320 2413 incrementum
1340 2404 1352 2423 ,
1396 2378 1445 2412 ut
1483 2365 1782 2430 unusquisqne

396 2437 575 2485 obediat
608 2437 843 2501 praeceptis
874 2437 953 2482 Dei
977 2455 987 2482 :
1016 2437 1139 2501 quod
1162 2455 1251 2484 non
1276 2438 1352 2495 fit,
1379 2437 1555 2501 quando
1580 2454 1678 2483 vere
1703 2436 1778 2491 fit,

399 2509 481 2555 nisi
526 2508 741 2554 charitate
759 2508 793 2555 Δ.
837 2505 964 2552 Unde
1007 2507 1201 2554 Ecclesia
1236 2509 1555 2555 incrementum
1585 2506 1781 2570 corporis

446 2591 456 2614 ¹
476 2588 560 2624 Psal.
578 2601 694 2629 xnvm,
714 2604 743 2631 7.
761 2610 804 2616 —
821 2589 836 2612 ²
856 2587 998 2623 Subaud.
1019 2591 1076 2624 rei.
1093 2609 1137 2615 -—
1152 2588 1166 2614 3
1186 2603 1199 2622 1
1217 2594 1290 2626 Cor,
1309 2603 1362 2634 111,
1382 2604 1411 2632 7.
1428 2609 1471 2616 —
1492 2589 1506 2613 ⁴
1521 2590 1640 2634 Ephes.
1662 2600 1708 2629 xv,
1726 2589 1779 2622 16.
