<?xml version="1.0" encoding="UTF-8"?>
<!DOCTYPE html PUBLIC "-//W3C//DTD XHTML 1.0 Transitional//EN"
    "http://www.w3.org/TR/xhtml1/DTD/xhtml1-transitional.dtd">
<html xmlns="http://www.w3.org/1999/xhtml" xml:lang="en" lang="en">
 <head>
  <title>
</title>
<meta http-equiv="Content-Type" content="text/html;charset=utf-8" />
  <meta name='ocr-system' content='tesseract 3.04.00' />
  <meta name='ocr-capabilities' content='ocr_page ocr_carea ocr_par ocr_line ocrx_word'/>
</head>
<body>
  <div class='ocr_page' id='page_1' title='image "./operaomniaaccura37auguuoft/operaomniaaccura37auguuoft_0339.png"; bbox 0 0 1824 3236; ppageno 0'>
   <div class='ocr_carea' id='block_1_1' title="bbox 179 247 1493 310">
    <p class='ocr_par' dir='ltr' id='par_1_1' title="bbox 179 247 1493 310">
     <span class='ocr_line' id='line_1_1' title="bbox 179 247 1493 310; baseline 0.002 -19"><span class='ocrx_word' id='word_1_1' title='bbox 179 259 334 291; x_wconf 72' lang='lat' dir='ltr'>OPERIS</span> <span class='ocrx_word' id='word_1_2' title='bbox 370 259 630 290; x_wconf 72' lang='lat' dir='ltr'><strong>IMPERFECTI</strong></span> <span class='ocrx_word' id='word_1_3' title='bbox 667 258 841 289; x_wconf 80' lang='lat' dir='ltr'><strong>CONTRA</strong></span> <span class='ocrx_word' id='word_1_4' title='bbox 877 260 1123 302; x_wconf 77' lang='lat' dir='ltr'>JULIANUM,</span> <span class='ocrx_word' id='word_1_5' title='bbox 1164 262 1249 292; x_wconf 79' lang='lat' dir='ltr'>Ltss.</span> <span class='ocrx_word' id='word_1_6' title='bbox 1293 263 1333 292; x_wconf 89' lang='lat' dir='ltr'>V.</span> <span class='ocrx_word' id='word_1_7' title='bbox 1396 247 1493 310; x_wconf 64' lang='lat'>3⁴20</span> 
     </span>
    </p>
   </div>
   <div class='ocr_carea' id='block_1_2' title="bbox 79 324 1506 2651">
    <p class='ocr_par' dir='ltr' id='par_1_2' title="bbox 79 324 1506 2651">
     <span class='ocr_line' id='line_1_2' title="bbox 119 324 1501 381; baseline 0.003 -11"><span class='ocrx_word' id='word_1_8' title='bbox 119 326 223 371; x_wconf 83' lang='lat' dir='ltr'>meis</span> <span class='ocrx_word' id='word_1_9' title='bbox 242 363 251 381; x_wconf 88' lang='lat'>,</span> <span class='ocrx_word' id='word_1_10' title='bbox 278 326 322 371; x_wconf 90' lang='lat' dir='ltr'>in</span> <span class='ocrx_word' id='word_1_11' title='bbox 345 325 427 370; x_wconf 85' lang='lat' dir='ltr'>tuis</span> <span class='ocrx_word' id='word_1_12' title='bbox 462 324 615 370; x_wconf 86' lang='lat' dir='ltr'>litteris</span> <span class='ocrx_word' id='word_1_13' title='bbox 641 325 896 372; x_wconf 76' lang='lat' dir='ltr'>invenirent.</span> <span class='ocrx_word' id='word_1_14' title='bbox 934 327 1049 372; x_wconf 79' lang='lat' dir='ltr'>‚Hine</span> <span class='ocrx_word' id='word_1_15' title='bbox 1082 327 1195 373; x_wconf 90' lang='lat' dir='ltr'>enim</span> <span class='ocrx_word' id='word_1_16' title='bbox 1221 327 1384 374; x_wconf 70' lang='lat' dir='ltr'>iactum</span> <span class='ocrx_word' id='word_1_17' title='bbox 1414 345 1501 374; x_wconf 87' lang='lat' dir='ltr'>esse</span> 
     </span>
     <span class='ocr_line' id='line_1_3' title="bbox 118 397 1501 462; baseline 0.001 -18"><span class='ocrx_word' id='word_1_18' title='bbox 118 397 244 444; x_wconf 91' lang='lat' dir='ltr'>video</span> <span class='ocrx_word' id='word_1_19' title='bbox 266 435 276 454; x_wconf 86' lang='lat'>,</span> <span class='ocrx_word' id='word_1_20' title='bbox 309 409 357 444; x_wconf 88' lang='lat' dir='ltr'>ut</span> <span class='ocrx_word' id='word_1_21' title='bbox 376 399 479 462; x_wconf 88' lang='lat' dir='ltr'>quia</span> <span class='ocrx_word' id='word_1_22' title='bbox 505 414 581 457; x_wconf 85' lang='lat' dir='ltr'>ego</span> <span class='ocrx_word' id='word_1_23' title='bbox 618 397 807 443; x_wconf 80' lang='lat' dir='ltr'>dixeram</span> <span class='ocrx_word' id='word_1_24' title='bbox 827 436 838 454; x_wconf 90' lang='lat'>,</span> <span class='ocrx_word' id='word_1_25' title='bbox 869 419 888 438; x_wconf 88' lang='lat'>«</span> <span class='ocrx_word' id='word_1_26' title='bbox 910 400 1000 444; x_wconf 78' lang='lat' dir='ltr'>Cur</span> <span class='ocrx_word' id='word_1_27' title='bbox 1025 400 1138 444; x_wconf 74' lang='lat' dir='ltr'>enim</span> <span class='ocrx_word' id='word_1_28' title='bbox 1164 418 1251 446; x_wconf 91' lang='lat' dir='ltr'>non</span> <span class='ocrx_word' id='word_1_29' title='bbox 1273 401 1501 447; x_wconf 85' lang='lat' dir='ltr'>credamus</span> 
     </span>
     <span class='ocr_line' id='line_1_4' title="bbox 119 468 1500 532; baseline 0.003 -19"><span class='ocrx_word' id='word_1_30' title='bbox 119 470 258 514; x_wconf 86' lang='lat' dir='ltr'>Deum</span> <span class='ocrx_word' id='word_1_31' title='bbox 293 469 483 532; x_wconf 78' lang='lat' dir='ltr'>potuisse</span> <span class='ocrx_word' id='word_1_32' title='bbox 511 469 554 512; x_wconf 91' lang='lat' dir='ltr'>in</span> <span class='ocrx_word' id='word_1_33' title='bbox 592 468 794 531; x_wconf 79' lang='lat' dir='ltr'>paradiso</span> <span class='ocrx_word' id='word_1_34' title='bbox 821 469 1058 515; x_wconf 72' lang='lat' dir='ltr'>concedere</span> <span class='ocrx_word' id='word_1_35' title='bbox 1082 470 1253 516; x_wconf 81' lang='lat' dir='ltr'>homini</span> <span class='ocrx_word' id='word_1_36' title='bbox 1289 471 1417 517; x_wconf 83' lang='lat' dir='ltr'>beato</span> <span class='ocrx_word' id='word_1_37' title='bbox 1446 471 1500 517; x_wconf 88' lang='lat' dir='ltr'>de</span> 
     </span>
     <span class='ocr_line' id='line_1_5' title="bbox 116 537 1500 601; baseline 0.002 -17"><span class='ocrx_word' id='word_1_38' title='bbox 116 555 193 584; x_wconf 89' lang='lat' dir='ltr'>suo</span> <span class='ocrx_word' id='word_1_39' title='bbox 221 539 380 585; x_wconf 86' lang='lat' dir='ltr'>semine</span> <span class='ocrx_word' id='word_1_40' title='bbox 400 575 410 595; x_wconf 80' lang='grc'>,</span> <span class='ocrx_word' id='word_1_41' title='bbox 438 537 557 601; x_wconf 90' lang='lat' dir='ltr'>quod</span> <span class='ocrx_word' id='word_1_42' title='bbox 583 555 836 585; x_wconf 88' lang='lat' dir='ltr'>concessum</span> <span class='ocrx_word' id='word_1_43' title='bbox 862 539 1058 586; x_wconf 83' lang='lat' dir='ltr'>videmus</span> <span class='ocrx_word' id='word_1_44' title='bbox 1080 541 1278 600; x_wconf 77' lang='lat' dir='ltr'>agricolis</span> <span class='ocrx_word' id='word_1_45' title='bbox 1297 541 1350 586; x_wconf 89' lang='lat' dir='ltr'>de</span> <span class='ocrx_word' id='word_1_46' title='bbox 1369 542 1500 587; x_wconf 89' lang='lat' dir='ltr'>tritici</span> 
     </span>
     <span class='ocr_line' id='line_1_6' title="bbox 116 608 1499 675; baseline 0.003 -22"><span class='ocrx_word' id='word_1_47' title='bbox 116 609 275 654; x_wconf 89' lang='lat' dir='ltr'>semine</span> <span class='ocrx_word' id='word_1_48' title='bbox 294 646 303 664; x_wconf 90' lang='lat'>,</span> <span class='ocrx_word' id='word_1_49' title='bbox 333 619 381 654; x_wconf 92' lang='lat' dir='ltr'>ut</span> <span class='ocrx_word' id='word_1_50' title='bbox 404 626 453 654; x_wconf 91' lang='lat' dir='ltr'>eo</span> <span class='ocrx_word' id='word_1_51' title='bbox 474 608 604 654; x_wconf 90' lang='lat' dir='ltr'>modo</span> <span class='ocrx_word' id='word_1_52' title='bbox 624 608 732 655; x_wconf 91' lang='lat' dir='ltr'>illud</span> <span class='ocrx_word' id='word_1_53' title='bbox 752 620 960 655; x_wconf 81' lang='lat' dir='ltr'>sereretur</span> <span class='ocrx_word' id='word_1_54' title='bbox 990 610 1079 656; x_wconf 91' lang='lat' dir='ltr'>sine</span> <span class='ocrx_word' id='word_1_55' title='bbox 1106 611 1192 656; x_wconf 84' lang='lat' dir='ltr'>ulla</span> <span class='ocrx_word' id='word_1_56' title='bbox 1214 611 1422 675; x_wconf 86' lang='lat' dir='ltr'>pudenda</span> <span class='ocrx_word' id='word_1_57' title='bbox 1441 611 1499 657; x_wconf 89' lang='lat' dir='ltr'>li-</span> 
     </span>
     <span class='ocr_line' id='line_1_7' title="bbox 115 678 1499 744; baseline 0.003 -21"><span class='ocrx_word' id='word_1_58' title='bbox 115 678 295 724; x_wconf 83' lang='lat' dir='ltr'>bidine:</span> <span class='ocrx_word' id='word_1_59' title='bbox 320 699 341 720; x_wconf 67' lang='lat'>³&gt;</span> <span class='ocrx_word' id='word_1_60' title='bbox 363 689 408 724; x_wconf 88' lang='lat' dir='ltr'>tu</span> <span class='ocrx_word' id='word_1_61' title='bbox 429 679 497 724; x_wconf 89' lang='lat' dir='ltr'>his</span> <span class='ocrx_word' id='word_1_62' title='bbox 521 679 663 725; x_wconf 79' lang='lat' dir='ltr'>verbis</span> <span class='ocrx_word' id='word_1_63' title='bbox 683 680 786 725; x_wconf 88' lang='lat' dir='ltr'>meis</span> <span class='ocrx_word' id='word_1_64' title='bbox 809 680 927 727; x_wconf 90' lang='lat' dir='ltr'>velut</span> <span class='ocrx_word' id='word_1_65' title='bbox 957 681 1222 744; x_wconf 83' lang='lat' dir='ltr'>respondens</span> <span class='ocrx_word' id='word_1_66' title='bbox 1242 719 1252 738; x_wconf 87' lang='lat'>,</span> <span class='ocrx_word' id='word_1_67' title='bbox 1285 693 1357 728; x_wconf 83' lang='lat' dir='ltr'>tua</span> <span class='ocrx_word' id='word_1_68' title='bbox 1382 682 1499 727; x_wconf 87' lang='lat' dir='ltr'>vani-</span> 
     </span>
     <span class='ocr_line' id='line_1_8' title="bbox 114 747 1499 814; baseline 0.003 -21"><span class='ocrx_word' id='word_1_69' title='bbox 114 747 263 811; x_wconf 87' lang='lat' dir='ltr'>loquia</span> <span class='ocrx_word' id='word_1_70' title='bbox 289 747 516 805; x_wconf 73' lang='lat' dir='ltr'>dilatares,</span> <span class='ocrx_word' id='word_1_71' title='bbox 550 766 597 794; x_wconf 84' lang='lat' dir='ltr'>eo</span> <span class='ocrx_word' id='word_1_72' title='bbox 627 767 761 813; x_wconf 88' lang='lat' dir='ltr'>usque</span> <span class='ocrx_word' id='word_1_73' title='bbox 790 768 1040 814; x_wconf 85' lang='lat' dir='ltr'>progressus</span> <span class='ocrx_word' id='word_1_74' title='bbox 1067 762 1110 796; x_wconf 91' lang='lat' dir='ltr'>et</span> <span class='ocrx_word' id='word_1_75' title='bbox 1136 752 1338 807; x_wconf 79' lang='lat' dir='ltr'>diffusus,</span> <span class='ocrx_word' id='word_1_76' title='bbox 1364 763 1411 797; x_wconf 90' lang='lat' dir='ltr'>ut</span> <span class='ocrx_word' id='word_1_77' title='bbox 1433 769 1499 797; x_wconf 93' lang='lat' dir='ltr'>me</span> 
     </span>
     <span class='ocr_line' id='line_1_9' title="bbox 117 818 1499 884; baseline 0.002 -22"><span class='ocrx_word' id='word_1_78' title='bbox 117 818 291 864; x_wconf 81' lang='lat' dir='ltr'>sensisse</span> <span class='ocrx_word' id='word_1_79' title='bbox 310 823 497 878; x_wconf 81' lang='lat' dir='ltr'>jactares</span> <span class='ocrx_word' id='word_1_80' title='bbox 516 856 527 875; x_wconf 87' lang='lat'>,</span> <span class='ocrx_word' id='word_1_81' title='bbox 550 840 569 859; x_wconf 76' lang='grc' dir='ltr'><em>α</em></span> <span class='ocrx_word' id='word_1_82' title='bbox 595 820 639 865; x_wconf 77' lang='lat' dir='ltr'>Si</span> <span class='ocrx_word' id='word_1_83' title='bbox 664 837 751 865; x_wconf 92' lang='lat' dir='ltr'>non</span> <span class='ocrx_word' id='word_1_84' title='bbox 776 832 994 884; x_wconf 79' lang='lat' dir='ltr'>peccasset</span> <span class='ocrx_word' id='word_1_85' title='bbox 1023 821 1164 867; x_wconf 90' lang='lat' dir='ltr'>Adam</span> <span class='ocrx_word' id='word_1_86' title='bbox 1185 858 1195 877; x_wconf 91' lang='lat'>,</span> <span class='ocrx_word' id='word_1_87' title='bbox 1223 821 1285 866; x_wconf 89' lang='lat' dir='ltr'>sic</span> <span class='ocrx_word' id='word_1_88' title='bbox 1308 821 1499 884; x_wconf 77' lang='lat' dir='ltr'>potuisse</span> 
     </span>
     <span class='ocr_line' id='line_1_10' title="bbox 115 887 1499 955; baseline 0.004 -23"><span class='ocrx_word' id='word_1_89' title='bbox 115 887 339 934; x_wconf 89' lang='lat' dir='ltr'>mulierem</span> <span class='ocrx_word' id='word_1_90' title='bbox 372 889 426 934; x_wconf 91' lang='lat' dir='ltr'>ad</span> <span class='ocrx_word' id='word_1_91' title='bbox 452 889 783 936; x_wconf 79' lang='lat' dir='ltr'>foecunditatem</span> <span class='ocrx_word' id='word_1_92' title='bbox 816 892 993 954; x_wconf 88' lang='lat' dir='ltr'>parari,</span> <span class='ocrx_word' id='word_1_93' title='bbox 1029 891 1139 937; x_wconf 80' lang='lat' dir='ltr'>sorte</span> <span class='ocrx_word' id='word_1_94' title='bbox 1171 902 1219 937; x_wconf 88' lang='lat' dir='ltr'>ut</span> <span class='ocrx_word' id='word_1_95' title='bbox 1243 909 1322 955; x_wconf 86' lang='lat' dir='ltr'>per</span> <span class='ocrx_word' id='word_1_96' title='bbox 1349 909 1499 937; x_wconf 89' lang='lat' dir='ltr'>omues</span> 
     </span>
     <span class='ocr_line' id='line_1_11' title="bbox 114 958 1498 1025; baseline 0.003 -22"><span class='ocrx_word' id='word_1_97' title='bbox 114 958 346 1015; x_wconf 81' lang='lat' dir='ltr'>articulos,</span> <span class='ocrx_word' id='word_1_98' title='bbox 374 977 422 1005; x_wconf 85' lang='lat' dir='ltr'>ae</span> <span class='ocrx_word' id='word_1_99' title='bbox 441 977 519 1023; x_wconf 84' lang='lat' dir='ltr'>per</span> <span class='ocrx_word' id='word_1_100' title='bbox 537 961 724 1006; x_wconf 85' lang='lat' dir='ltr'>minutas</span> <span class='ocrx_word' id='word_1_101' title='bbox 742 978 979 1025; x_wconf 81' lang='lat' dir='ltr'>corporum</span> <span class='ocrx_word' id='word_1_102' title='bbox 1005 962 1184 1020; x_wconf 86' lang='lat' dir='ltr'>fistulas,</span> <span class='ocrx_word' id='word_1_103' title='bbox 1207 979 1315 1025; x_wconf 84' lang='lat' dir='ltr'>quas</span> <span class='ocrx_word' id='word_1_104' title='bbox 1339 961 1498 1007; x_wconf 83' lang='lat' dir='ltr'>medici</span> 
     </span>
     <span class='ocr_line' id='line_1_12' title="bbox 112 1031 1497 1096; baseline 0.003 -23"><span class='ocrx_word' id='word_1_105' title='bbox 112 1045 245 1091; x_wconf 80' lang='lat' dir='ltr'>poros</span> <span class='ocrx_word' id='word_1_106' title='bbox 262 1041 440 1088; x_wconf 67' lang='lat' dir='ltr'>vocant,</span> <span class='ocrx_word' id='word_1_107' title='bbox 467 1031 601 1094; x_wconf 83' lang='lat' dir='ltr'>spicae</span> <span class='ocrx_word' id='word_1_108' title='bbox 618 1043 894 1095; x_wconf 82' lang='lat' dir='ltr'>erumperent</span> <span class='ocrx_word' id='word_1_109' title='bbox 917 1033 1133 1090; x_wconf 82' lang='lat' dir='ltr'>filiorum,</span> <span class='ocrx_word' id='word_1_110' title='bbox 1161 1043 1290 1096; x_wconf 83' lang='lat' dir='ltr'>atque</span> <span class='ocrx_word' id='word_1_111' title='bbox 1305 1032 1377 1078; x_wconf 81' lang='lat' dir='ltr'>illa</span> <span class='ocrx_word' id='word_1_112' title='bbox 1397 1049 1497 1078; x_wconf 90' lang='lat' dir='ltr'>om-</span> 
     </span>
     <span class='ocr_line' id='line_1_13' title="bbox 113 1099 1499 1166; baseline 0.002 -22"><span class='ocrx_word' id='word_1_113' title='bbox 113 1099 244 1145; x_wconf 85' lang='lat' dir='ltr'>nibus</span> <span class='ocrx_word' id='word_1_114' title='bbox 266 1099 366 1145; x_wconf 81' lang='lat' dir='ltr'>laeta</span> <span class='ocrx_word' id='word_1_115' title='bbox 385 1101 606 1163; x_wconf 80' lang='lat' dir='ltr'>partibus,</span> <span class='ocrx_word' id='word_1_116' title='bbox 631 1112 782 1164; x_wconf 87' lang='lat' dir='ltr'>partus</span> <span class='ocrx_word' id='word_1_117' title='bbox 804 1120 884 1166; x_wconf 83' lang='lat' dir='ltr'>pro</span> <span class='ocrx_word' id='word_1_118' title='bbox 912 1102 1126 1166; x_wconf 80' lang='lat' dir='ltr'>pediculis</span> <span class='ocrx_word' id='word_1_119' title='bbox 1149 1102 1374 1148; x_wconf 83' lang='lat' dir='ltr'>exsudaret</span> <span class='ocrx_word' id='word_1_120' title='bbox 1392 1124 1430 1159; x_wconf 70' lang='lat' dir='ltr'>,n</span> <span class='ocrx_word' id='word_1_121' title='bbox 1455 1113 1499 1148; x_wconf 89' lang='lat' dir='ltr'>et</span> 
     </span>
     <span class='ocr_line' id='line_1_14' title="bbox 114 1173 1495 1236; baseline 0.003 -22"><span class='ocrx_word' id='word_1_122' title='bbox 114 1179 270 1215; x_wconf 84' lang='lat' dir='ltr'>caete1·a</span> <span class='ocrx_word' id='word_1_123' title='bbox 290 1187 389 1234; x_wconf 83' lang='lat' dir='ltr'>quae</span> <span class='ocrx_word' id='word_1_124' title='bbox 410 1188 750 1218; x_wconf 86' lang='lat' dir='ltr'>commemorare</span> <span class='ocrx_word' id='word_1_125' title='bbox 767 1190 835 1218; x_wconf 90' lang='lat' dir='ltr'>me</span> <span class='ocrx_word' id='word_1_126' title='bbox 855 1173 984 1219; x_wconf 75' lang='lat' dir='ltr'>taedet</span> <span class='ocrx_word' id='word_1_127' title='bbox 1003 1210 1013 1229; x_wconf 86' lang='lat'>,</span> <span class='ocrx_word' id='word_1_128' title='bbox 1042 1184 1082 1219; x_wconf 91' lang='lat' dir='ltr'>te</span> <span class='ocrx_word' id='word_1_129' title='bbox 1107 1184 1250 1219; x_wconf 89' lang='lat' dir='ltr'>autem</span> <span class='ocrx_word' id='word_1_130' title='bbox 1284 1190 1373 1218; x_wconf 86' lang='lat' dir='ltr'>non</span> <span class='ocrx_word' id='word_1_131' title='bbox 1405 1189 1495 1236; x_wconf 83' lang='lat' dir='ltr'>pu-</span> 
     </span>
     <span class='ocr_line' id='line_1_15' title="bbox 114 1240 1496 1309; baseline 0.004 -24"><span class='ocrx_word' id='word_1_132' title='bbox 114 1240 210 1285; x_wconf 90' lang='lat' dir='ltr'>duit</span> <span class='ocrx_word' id='word_1_133' title='bbox 244 1259 456 1302; x_wconf 82' lang='lat' dir='ltr'>aggerare.</span> <span class='ocrx_word' id='word_1_134' title='bbox 499 1244 551 1288; x_wconf 90' lang='lat' dir='ltr'>In</span> <span class='ocrx_word' id='word_1_135' title='bbox 584 1243 746 1306; x_wconf 81' lang='lat' dir='ltr'>quibus</span> <span class='ocrx_word' id='word_1_136' title='bbox 785 1246 914 1290; x_wconf 86' lang='lat' dir='ltr'>etiam</span> <span class='ocrx_word' id='word_1_137' title='bbox 952 1245 1005 1290; x_wconf 91' lang='lat' dir='ltr'>de</span> <span class='ocrx_word' id='word_1_138' title='bbox 1033 1246 1127 1291; x_wconf 83' lang='lat' dir='ltr'>viro</span> <span class='ocrx_word' id='word_1_139' title='bbox 1166 1245 1336 1300; x_wconf 75' lang='lat' dir='ltr'>dixisti,</span> <span class='ocrx_word' id='word_1_140' title='bbox 1375 1245 1496 1309; x_wconf 88' lang='lat' dir='ltr'>quod</span> 
     </span>
     <span class='ocr_line' id='line_1_16' title="bbox 114 1311 1497 1372; baseline 0.004 -16"><span class='ocrx_word' id='word_1_141' title='bbox 114 1331 134 1353; x_wconf 87' lang='lat'>«</span> <span class='ocrx_word' id='word_1_142' title='bbox 157 1311 406 1358; x_wconf 86' lang='lat' dir='ltr'>admoveret</span> <span class='ocrx_word' id='word_1_143' title='bbox 430 1314 638 1359; x_wconf 88' lang='lat' dir='ltr'>nimirum</span> <span class='ocrx_word' id='word_1_144' title='bbox 671 1332 757 1360; x_wconf 90' lang='lat' dir='ltr'>non</span> <span class='ocrx_word' id='word_1_145' title='bbox 782 1316 1002 1372; x_wconf 86' lang='lat' dir='ltr'>membra,</span> <span class='ocrx_word' id='word_1_146' title='bbox 1030 1315 1104 1361; x_wconf 92' lang='lat' dir='ltr'>sed</span> <span class='ocrx_word' id='word_1_147' title='bbox 1137 1315 1396 1361; x_wconf 85' lang='lat' dir='ltr'>ferramenta</span> <span class='ocrx_word' id='word_1_148' title='bbox 1418 1353 1427 1370; x_wconf 87' lang='lat'>,</span> <span class='ocrx_word' id='word_1_149' title='bbox 1455 1326 1497 1361; x_wconf 88' lang='lat' dir='ltr'>et</span> 
     </span>
     <span class='ocr_line' id='line_1_17' title="bbox 113 1382 1495 1448; baseline 0.004 -21"><span class='ocrx_word' id='word_1_150' title='bbox 113 1382 367 1442; x_wconf 80' lang='lat' dir='ltr'>genitalium</span> <span class='ocrx_word' id='word_1_151' title='bbox 392 1401 553 1430; x_wconf 82' lang='lat' dir='ltr'>vacuus</span> <span class='ocrx_word' id='word_1_152' title='bbox 572 1384 846 1448; x_wconf 78' lang='lat' dir='ltr'>imprimeret</span> <span class='ocrx_word' id='word_1_153' title='bbox 870 1403 1062 1431; x_wconf 84' lang='lat' dir='ltr'>vomeres</span> <span class='ocrx_word' id='word_1_154' title='bbox 1085 1397 1126 1431; x_wconf 85' lang='lat' dir='ltr'>et</span> <span class='ocrx_word' id='word_1_155' title='bbox 1146 1386 1325 1446; x_wconf 81' lang='lat' dir='ltr'>ligones,</span> <span class='ocrx_word' id='word_1_156' title='bbox 1344 1408 1362 1427; x_wconf 88' lang='lat'>»</span> <span class='ocrx_word' id='word_1_157' title='bbox 1387 1387 1495 1432; x_wconf 77' lang='lat' dir='ltr'>Ilaec</span> 
     </span>
     <span class='ocr_line' id='line_1_18' title="bbox 112 1455 1496 1521; baseline 0.004 -23"><span class='ocrx_word' id='word_1_158' title='bbox 112 1463 225 1499; x_wconf 88' lang='lat' dir='ltr'>certe</span> <span class='ocrx_word' id='word_1_159' title='bbox 253 1465 383 1518; x_wconf 83' lang='lat' dir='ltr'>atque</span> <span class='ocrx_word' id='word_1_160' title='bbox 403 1455 685 1514; x_wconf 85' lang='lat' dir='ltr'>hujusmodi,</span> <span class='ocrx_word' id='word_1_161' title='bbox 714 1458 850 1520; x_wconf 73' lang='lat' dir='ltr'>(qua-3</span> <span class='ocrx_word' id='word_1_162' title='bbox 875 1474 976 1503; x_wconf 90' lang='lat' dir='ltr'>cum</span> <span class='ocrx_word' id='word_1_163' title='bbox 1000 1458 1082 1514; x_wconf 88' lang='lat' dir='ltr'>tui,</span> <span class='ocrx_word' id='word_1_164' title='bbox 1109 1474 1198 1503; x_wconf 87' lang='lat' dir='ltr'>non</span> <span class='ocrx_word' id='word_1_165' title='bbox 1227 1457 1496 1521; x_wconf 83' lang='lat' dir='ltr'>quicumque</span> 
     </span>
     <span class='ocr_line' id='line_1_19' title="bbox 112 1523 1497 1591; baseline 0.003 -22"><span class='ocrx_word' id='word_1_166' title='bbox 112 1523 308 1581; x_wconf 86' lang='lat' dir='ltr'>lectores,</span> <span class='ocrx_word' id='word_1_167' title='bbox 338 1525 410 1571; x_wconf 92' lang='lat' dir='ltr'>sed</span> <span class='ocrx_word' id='word_1_168' title='bbox 430 1525 658 1573; x_wconf 88' lang='lat' dir='ltr'>dilectores</span> <span class='ocrx_word' id='word_1_169' title='bbox 682 1526 850 1587; x_wconf 85' lang='lat' dir='ltr'>legunt,</span> <span class='ocrx_word' id='word_1_170' title='bbox 880 1545 961 1591; x_wconf 82' lang='lat' dir='ltr'>pro</span> <span class='ocrx_word' id='word_1_171' title='bbox 983 1538 1040 1583; x_wconf 79' lang='lat' dir='ltr'>te,</span> <span class='ocrx_word' id='word_1_172' title='bbox 1075 1529 1106 1574; x_wconf 90' lang='lat' dir='ltr'>si</span> <span class='ocrx_word' id='word_1_173' title='bbox 1127 1527 1240 1573; x_wconf 92' lang='lat' dir='ltr'>ullus</span> <span class='ocrx_word' id='word_1_174' title='bbox 1263 1528 1308 1574; x_wconf 88' lang='lat' dir='ltr'>in</span> <span class='ocrx_word' id='word_1_175' title='bbox 1332 1528 1390 1574; x_wconf 91' lang='lat' dir='ltr'>eis</span> <span class='ocrx_word' id='word_1_176' title='bbox 1406 1528 1497 1573; x_wconf 86' lang='lat' dir='ltr'>hu-</span> 
     </span>
     <span class='ocr_line' id='line_1_20' title="bbox 114 1599 1496 1662; baseline 0.003 -22"><span class='ocrx_word' id='word_1_177' title='bbox 114 1613 268 1641; x_wconf 91' lang='lat' dir='ltr'>manus</span> <span class='ocrx_word' id='word_1_178' title='bbox 307 1613 451 1642; x_wconf 90' lang='lat' dir='ltr'>sensus</span> <span class='ocrx_word' id='word_1_179' title='bbox 488 1608 582 1653; x_wconf 87' lang='lat' dir='ltr'>est,</span> <span class='ocrx_word' id='word_1_180' title='bbox 632 1599 919 1653; x_wconf 81' lang='lat' dir='ltr'>erubeseunt,</span> <span class='ocrx_word' id='word_1_181' title='bbox 942 1599 958 1660; x_wconf 70' lang='lat'><em>)</em></span> <span class='ocrx_word' id='word_1_182' title='bbox 985 1599 1201 1662; x_wconf 89' lang='lat' dir='ltr'>numquid</span> <span class='ocrx_word' id='word_1_183' title='bbox 1238 1616 1331 1644; x_wconf 86' lang='lat' dir='ltr'>mea</span> <span class='ocrx_word' id='word_1_184' title='bbox 1362 1599 1496 1645; x_wconf 83' lang='lat' dir='ltr'>verba</span> 
     </span>
     <span class='ocr_line' id='line_1_21' title="bbox 113 1667 1498 1732; baseline 0.003 -21"><span class='ocrx_word' id='word_1_185' title='bbox 113 1667 273 1725; x_wconf 83' lang='lat' dir='ltr'>garrire</span> <span class='ocrx_word' id='word_1_186' title='bbox 298 1677 336 1712; x_wconf 87' lang='lat' dir='ltr'>te</span> <span class='ocrx_word' id='word_1_187' title='bbox 365 1667 584 1724; x_wconf 86' lang='lat' dir='ltr'>sinerent,</span> <span class='ocrx_word' id='word_1_188' title='bbox 608 1684 710 1732; x_wconf 82' lang='lat' dir='ltr'>quae</span> <span class='ocrx_word' id='word_1_189' title='bbox 745 1686 832 1715; x_wconf 90' lang='lat' dir='ltr'>non</span> <span class='ocrx_word' id='word_1_190' title='bbox 859 1669 918 1714; x_wconf 89' lang='lat' dir='ltr'>ob</span> <span class='ocrx_word' id='word_1_191' title='bbox 945 1669 1064 1714; x_wconf 89' lang='lat' dir='ltr'>aliud</span> <span class='ocrx_word' id='word_1_192' title='bbox 1098 1669 1345 1732; x_wconf 68' lang='lat' dir='ltr'>praeteriisti</span> <span class='ocrx_word' id='word_1_193' title='bbox 1368 1679 1498 1732; x_wconf 86' lang='lat' dir='ltr'>atque</span> 
     </span>
     <span class='ocr_line' id='line_1_22' title="bbox 113 1737 1497 1803; baseline 0.002 -22"><span class='ocrx_word' id='word_1_194' title='bbox 113 1737 309 1794; x_wconf 86' lang='lat' dir='ltr'>tacuisti,</span> <span class='ocrx_word' id='word_1_195' title='bbox 333 1737 413 1783; x_wconf 90' lang='lat' dir='ltr'>nisi</span> <span class='ocrx_word' id='word_1_196' title='bbox 440 1749 488 1784; x_wconf 88' lang='lat' dir='ltr'>ut</span> <span class='ocrx_word' id='word_1_197' title='bbox 516 1738 600 1784; x_wconf 88' lang='lat' dir='ltr'>tibi</span> <span class='ocrx_word' id='word_1_198' title='bbox 625 1739 670 1785; x_wconf 93' lang='lat' dir='ltr'>in</span> <span class='ocrx_word' id='word_1_199' title='bbox 690 1739 781 1785; x_wconf 86' lang='lat' dir='ltr'>istis</span> <span class='ocrx_word' id='word_1_200' title='bbox 801 1739 953 1786; x_wconf 88' lang='lat' dir='ltr'>latiora</span> <span class='ocrx_word' id='word_1_201' title='bbox 974 1738 1190 1785; x_wconf 85' lang='lat' dir='ltr'>delirandi</span> <span class='ocrx_word' id='word_1_202' title='bbox 1221 1740 1357 1803; x_wconf 82' lang='lat' dir='ltr'>spatia</span> <span class='ocrx_word' id='word_1_203' title='bbox 1384 1757 1497 1803; x_wconf 84' lang='lat' dir='ltr'>prae-</span> 
     </span>
     <span class='ocr_line' id='line_1_23' title="bbox 115 1808 1497 1873; baseline 0.002 -21"><span class='ocrx_word' id='word_1_204' title='bbox 115 1810 322 1869; x_wconf 70' lang='lat' dir='ltr'>parares?</span> <span class='ocrx_word' id='word_1_205' title='bbox 345 1809 436 1867; x_wconf 85' lang='lat' dir='ltr'>Ego</span> <span class='ocrx_word' id='word_1_206' title='bbox 456 1808 571 1855; x_wconf 90' lang='lat' dir='ltr'>enim</span> <span class='ocrx_word' id='word_1_207' title='bbox 595 1809 707 1865; x_wconf 88' lang='lat' dir='ltr'>dixi,</span> <span class='ocrx_word' id='word_1_208' title='bbox 731 1809 811 1855; x_wconf 85' lang='lat' dir='ltr'>seri</span> <span class='ocrx_word' id='word_1_209' title='bbox 836 1810 1058 1855; x_wconf 87' lang='lat' dir='ltr'>hominem</span> <span class='ocrx_word' id='word_1_210' title='bbox 1077 1811 1268 1873; x_wconf 86' lang='lat' dir='ltr'>potuisse</span> <span class='ocrx_word' id='word_1_211' title='bbox 1287 1847 1297 1865; x_wconf 89' lang='lat'>,</span> <span class='ocrx_word' id='word_1_212' title='bbox 1339 1809 1393 1855; x_wconf 85' lang='lat' dir='ltr'>ad</span> <span class='ocrx_word' id='word_1_213' title='bbox 1424 1827 1497 1856; x_wconf 89' lang='lat' dir='ltr'>vo-</span> 
     </span>
     <span class='ocr_line' id='line_1_24' title="bbox 112 1877 1497 1943; baseline 0.002 -21"><span class='ocrx_word' id='word_1_214' title='bbox 112 1877 292 1923; x_wconf 83' lang='lat' dir='ltr'>luntatis</span> <span class='ocrx_word' id='word_1_215' title='bbox 330 1889 487 1924; x_wconf 93' lang='lat' dir='ltr'>nutum</span> <span class='ocrx_word' id='word_1_216' title='bbox 524 1880 729 1925; x_wconf 82' lang='lat' dir='ltr'>membris</span> <span class='ocrx_word' id='word_1_217' title='bbox 755 1881 1098 1943; x_wconf 80' lang='lat' dir='ltr'>obsequentibus</span> <span class='ocrx_word' id='word_1_218' title='bbox 1126 1881 1422 1940; x_wconf 82' lang='lat' dir='ltr'>genitalibus:</span> <span class='ocrx_word' id='word_1_219' title='bbox 1451 1891 1497 1926; x_wconf 88' lang='lat' dir='ltr'>tu</span> 
     </span>
     <span class='ocr_line' id='line_1_25' title="bbox 114 1948 1498 2013; baseline 0.002 -21"><span class='ocrx_word' id='word_1_220' title='bbox 114 1958 255 1993; x_wconf 84' lang='lat' dir='ltr'>autem</span> <span class='ocrx_word' id='word_1_221' title='bbox 275 1948 475 2008; x_wconf 85' lang='lat' dir='ltr'>genitalia</span> <span class='ocrx_word' id='word_1_222' title='bbox 494 1950 690 1995; x_wconf 85' lang='lat' dir='ltr'>membra</span> <span class='ocrx_word' id='word_1_223' title='bbox 710 1950 909 2005; x_wconf 84' lang='lat' dir='ltr'>tacuisti,</span> <span class='ocrx_word' id='word_1_224' title='bbox 939 1961 988 1995; x_wconf 89' lang='lat' dir='ltr'>ut</span> <span class='ocrx_word' id='word_1_225' title='bbox 1011 1950 1091 1995; x_wconf 91' lang='lat' dir='ltr'>ires</span> <span class='ocrx_word' id='word_1_226' title='bbox 1110 1967 1188 2013; x_wconf 84' lang='lat' dir='ltr'>per</span> <span class='ocrx_word' id='word_1_227' title='bbox 1208 1950 1400 1996; x_wconf 88' lang='lat' dir='ltr'>mulieris</span> <span class='ocrx_word' id='word_1_228' title='bbox 1427 1968 1498 1996; x_wconf 89' lang='lat' dir='ltr'>ar-</span> 
     </span>
     <span class='ocr_line' id='line_1_26' title="bbox 116 2018 1499 2086; baseline 0.002 -22"><span class='ocrx_word' id='word_1_229' title='bbox 116 2018 270 2065; x_wconf 85' lang='lat' dir='ltr'>ticulos</span> <span class='ocrx_word' id='word_1_230' title='bbox 300 2030 340 2065; x_wconf 86' lang='lat' dir='ltr'>et</span> <span class='ocrx_word' id='word_1_231' title='bbox 375 2019 683 2066; x_wconf 87' lang='lat' dir='ltr'>minutissimas</span> <span class='ocrx_word' id='word_1_232' title='bbox 717 2021 881 2067; x_wconf 85' lang='lat' dir='ltr'>fistulas</span> <span class='ocrx_word' id='word_1_233' title='bbox 905 2022 1016 2067; x_wconf 88' lang='lat' dir='ltr'>filios</span> <span class='ocrx_word' id='word_1_234' title='bbox 1044 2039 1124 2085; x_wconf 87' lang='lat' dir='ltr'>per</span> <span class='ocrx_word' id='word_1_235' title='bbox 1144 2022 1341 2085; x_wconf 85' lang='lat' dir='ltr'>corporis</span> <span class='ocrx_word' id='word_1_236' title='bbox 1368 2039 1499 2086; x_wconf 86' lang='lat' dir='ltr'>poros</span> 
     </span>
     <span class='ocr_line' id='line_1_27' title="bbox 116 2090 1500 2156; baseline 0.004 -22"><span class='ocrx_word' id='word_1_237' title='bbox 116 2099 321 2153; x_wconf 85' lang='lat' dir='ltr'>tanquam</span> <span class='ocrx_word' id='word_1_238' title='bbox 346 2090 573 2154; x_wconf 88' lang='lat' dir='ltr'>pediculos</span> <span class='ocrx_word' id='word_1_239' title='bbox 598 2091 860 2148; x_wconf 85' lang='lat' dir='ltr'>exsudantis,</span> <span class='ocrx_word' id='word_1_240' title='bbox 881 2102 922 2138; x_wconf 90' lang='lat' dir='ltr'>et</span> <span class='ocrx_word' id='word_1_241' title='bbox 946 2110 1025 2156; x_wconf 86' lang='lat' dir='ltr'>per</span> <span class='ocrx_word' id='word_1_242' title='bbox 1056 2092 1283 2138; x_wconf 85' lang='lat' dir='ltr'>oculorum</span> <span class='ocrx_word' id='word_1_243' title='bbox 1309 2094 1500 2156; x_wconf 82' lang='lat' dir='ltr'>pupulas</span> 
     </span>
     <span class='ocr_line' id='line_1_28' title="bbox 115 2161 1500 2226; baseline 0.002 -21"><span class='ocrx_word' id='word_1_244' title='bbox 115 2161 313 2206; x_wconf 84' lang='lat' dir='ltr'>caecitate</span> <span class='ocrx_word' id='word_1_245' title='bbox 337 2172 626 2224; x_wconf 83' lang='lat' dir='ltr'>consequente</span> <span class='ocrx_word' id='word_1_246' title='bbox 660 2162 881 2226; x_wconf 80' lang='lat' dir='ltr'>parientis.</span> <span class='ocrx_word' id='word_1_247' title='bbox 922 2162 1118 2208; x_wconf 84' lang='lat' dir='ltr'>Membra</span> <span class='ocrx_word' id='word_1_248' title='bbox 1138 2199 1148 2219; x_wconf 87' lang='lat'>,</span> <span class='ocrx_word' id='word_1_249' title='bbox 1176 2163 1384 2226; x_wconf 89' lang='lat' dir='ltr'>inquam,</span> <span class='ocrx_word' id='word_1_250' title='bbox 1424 2180 1500 2223; x_wconf 86' lang='lat' dir='ltr'>ge·-</span> 
     </span>
     <span class='ocr_line' id='line_1_29' title="bbox 115 2230 1498 2295; baseline 0.001 -20"><span class='ocrx_word' id='word_1_251' title='bbox 115 2230 266 2276; x_wconf 85' lang='lat' dir='ltr'>nitalia</span> <span class='ocrx_word' id='word_1_252' title='bbox 295 2232 497 2288; x_wconf 82' lang='lat' dir='ltr'>tacuisti,</span> <span class='ocrx_word' id='word_1_253' title='bbox 533 2232 656 2295; x_wconf 86' lang='lat' dir='ltr'>quasi</span> <span class='ocrx_word' id='word_1_254' title='bbox 686 2249 763 2278; x_wconf 92' lang='lat' dir='ltr'>nos</span> <span class='ocrx_word' id='word_1_255' title='bbox 785 2250 833 2278; x_wconf 88' lang='lat' dir='ltr'>ea</span> <span class='ocrx_word' id='word_1_256' title='bbox 855 2270 866 2289; x_wconf 91' lang='lat'>,</span> <span class='ocrx_word' id='word_1_257' title='bbox 899 2232 931 2278; x_wconf 90' lang='lat' dir='ltr'>si</span> <span class='ocrx_word' id='word_1_258' title='bbox 960 2232 1100 2277; x_wconf 83' lang='lat' dir='ltr'>Adam</span> <span class='ocrx_word' id='word_1_259' title='bbox 1125 2250 1212 2277; x_wconf 90' lang='lat' dir='ltr'>non</span> <span class='ocrx_word' id='word_1_260' title='bbox 1249 2243 1498 2295; x_wconf 88' lang='lat' dir='ltr'>peccasset,</span> 
     </span>
     <span class='ocr_line' id='line_1_30' title="bbox 79 2300 1502 2366; baseline 0.002 -20"><span class='ocrx_word' id='word_1_261' title='bbox 79 2335 81 2337; x_wconf 91' lang='lat'>-</span> <span class='ocrx_word' id='word_1_262' title='bbox 117 2300 319 2347; x_wconf 86' lang='lat' dir='ltr'>defutura</span> <span class='ocrx_word' id='word_1_263' title='bbox 340 2302 598 2348; x_wconf 85' lang='lat' dir='ltr'>hominibus</span> <span class='ocrx_word' id='word_1_264' title='bbox 620 2302 886 2357; x_wconf 79' lang='lat' dir='ltr'>diceremus3</span> <span class='ocrx_word' id='word_1_265' title='bbox 921 2313 968 2348; x_wconf 90' lang='lat' dir='ltr'>ut</span> <span class='ocrx_word' id='word_1_266' title='bbox 996 2319 1139 2366; x_wconf 87' lang='lat' dir='ltr'>posses</span> <span class='ocrx_word' id='word_1_267' title='bbox 1163 2301 1348 2348; x_wconf 87' lang='lat' dir='ltr'>ridicula</span> <span class='ocrx_word' id='word_1_268' title='bbox 1369 2339 1379 2359; x_wconf 87' lang='lat'><strong><em>‚</em></strong></span> <span class='ocrx_word' id='word_1_269' title='bbox 1413 2319 1502 2349; x_wconf 89' lang='lat' dir='ltr'>non</span> 
     </span>
     <span class='ocr_line' id='line_1_31' title="bbox 117 2372 1502 2437; baseline 0.001 -20"><span class='ocrx_word' id='word_1_270' title='bbox 117 2372 369 2418; x_wconf 83' lang='lat' dir='ltr'>urbanitate</span> <span class='ocrx_word' id='word_1_271' title='bbox 385 2409 395 2429; x_wconf 89' lang='lat'>,</span> <span class='ocrx_word' id='word_1_272' title='bbox 425 2372 498 2419; x_wconf 86' lang='lat' dir='ltr'>sed</span> <span class='ocrx_word' id='word_1_273' title='bbox 521 2373 770 2433; x_wconf 82' lang='lat' dir='ltr'>nugacitate</span> <span class='ocrx_word' id='word_1_274' title='bbox 796 2373 956 2430; x_wconf 86' lang='lat' dir='ltr'>dicere,</span> <span class='ocrx_word' id='word_1_275' title='bbox 985 2373 1105 2437; x_wconf 90' lang='lat' dir='ltr'>quod</span> <span class='ocrx_word' id='word_1_276' title='bbox 1123 2394 1142 2414; x_wconf 77' lang='grc' dir='ltr'>α</span> <span class='ocrx_word' id='word_1_277' title='bbox 1160 2372 1231 2419; x_wconf 90' lang='lat' dir='ltr'>Vir</span> <span class='ocrx_word' id='word_1_278' title='bbox 1251 2373 1502 2433; x_wconf 85' lang='lat' dir='ltr'>genitalium</span> 
     </span>
     <span class='ocr_line' id='line_1_32' title="bbox 117 2444 1503 2507; baseline -0.001 -19"><span class='ocrx_word' id='word_1_279' title='bbox 117 2463 138 2484; x_wconf 84' lang='lat'>»</span> <span class='ocrx_word' id='word_1_280' title='bbox 150 2460 312 2489; x_wconf 87' lang='lat' dir='ltr'>vacuus</span> <span class='ocrx_word' id='word_1_281' title='bbox 330 2460 522 2490; x_wconf 62' lang='lat' dir='ltr'>vomeres</span> <span class='ocrx_word' id='word_1_282' title='bbox 536 2455 577 2489; x_wconf 88' lang='lat' dir='ltr'>et</span> <span class='ocrx_word' id='word_1_283' title='bbox 589 2444 749 2504; x_wconf 86' lang='lat' dir='ltr'>ligones</span> <span class='ocrx_word' id='word_1_284' title='bbox 762 2444 970 2490; x_wconf 75' lang='lat' dir='ltr'>foetandae</span> <span class='ocrx_word' id='word_1_285' title='bbox 991 2444 1168 2504; x_wconf 85' lang='lat' dir='ltr'>conjugi</span> <span class='ocrx_word' id='word_1_286' title='bbox 1188 2444 1503 2507; x_wconf 70' lang='lat' dir='ltr'>imprimeret.»</span> 
     </span>
     <span class='ocr_line' id='line_1_33' title="bbox 118 2513 1498 2579; baseline 0.001 -21"><span class='ocrx_word' id='word_1_287' title='bbox 118 2513 346 2577; x_wconf 88' lang='lat' dir='ltr'>Numquid</span> <span class='ocrx_word' id='word_1_288' title='bbox 365 2513 418 2559; x_wconf 90' lang='lat' dir='ltr'>de</span> <span class='ocrx_word' id='word_1_289' title='bbox 443 2531 623 2560; x_wconf 86' lang='lat' dir='ltr'>numero</span> <span class='ocrx_word' id='word_1_290' title='bbox 644 2516 825 2577; x_wconf 63' lang='lat' dir='ltr'>quaestio</span> <span class='ocrx_word' id='word_1_291' title='bbox 840 2526 918 2573; x_wconf 86' lang='lat' dir='ltr'>est,</span> <span class='ocrx_word' id='word_1_292' title='bbox 939 2516 1164 2579; x_wconf 86' lang='lat' dir='ltr'>figuraque</span> <span class='ocrx_word' id='word_1_293' title='bbox 1175 2515 1498 2571; x_wconf 83' lang='lat' dir='ltr'>men1brorum3</span> 
     </span>
     <span class='ocr_line' id='line_1_34' title="bbox 117 2584 1506 2651; baseline 0.001 -21"><span class='ocrx_word' id='word_1_294' title='bbox 117 2600 218 2648; x_wconf 82' lang='lat' dir='ltr'>quae</span> <span class='ocrx_word' id='word_1_295' title='bbox 244 2584 298 2631; x_wconf 87' lang='lat' dir='ltr'>ad</span> <span class='ocrx_word' id='word_1_296' title='bbox 324 2585 617 2646; x_wconf 83' lang='lat' dir='ltr'>generandum</span> <span class='ocrx_word' id='word_1_297' title='bbox 641 2597 782 2633; x_wconf 85' lang='lat' dir='ltr'>creata</span> <span class='ocrx_word' id='word_1_298' title='bbox 812 2597 987 2651; x_wconf 84' lang='lat' dir='ltr'>possent</span> <span class='ocrx_word' id='word_1_299' title='bbox 1010 2586 1052 2633; x_wconf 91' lang='lat' dir='ltr'>in</span> <span class='ocrx_word' id='word_1_300' title='bbox 1077 2586 1184 2632; x_wconf 89' lang='lat' dir='ltr'>locis</span> <span class='ocrx_word' id='word_1_301' title='bbox 1209 2587 1295 2633; x_wconf 90' lang='lat' dir='ltr'>suis</span> <span class='ocrx_word' id='word_1_302' title='bbox 1323 2586 1437 2633; x_wconf 86' lang='lat' dir='ltr'>salva</span> <span class='ocrx_word' id='word_1_303' title='bbox 1464 2596 1506 2632; x_wconf 86' lang='lat' dir='ltr'>et</span> 
     </span>
    </p>
   </div>
  </div>
 </body>
</html>
