<?xml version="1.0" encoding="UTF-8"?>
<!DOCTYPE html PUBLIC "-//W3C//DTD XHTML 1.0 Transitional//EN"
    "http://www.w3.org/TR/xhtml1/DTD/xhtml1-transitional.dtd">
<html xmlns="http://www.w3.org/1999/xhtml" xml:lang="en" lang="en">
 <head>
  <title>
</title>
<meta http-equiv="Content-Type" content="text/html;charset=utf-8" />
  <meta name='ocr-system' content='tesseract 3.04.00' />
  <meta name='ocr-capabilities' content='ocr_page ocr_carea ocr_par ocr_line ocrx_word'/>
</head>
<body>
  <div class='ocr_page' id='page_1' title='image "./operaomniaaccura37auguuoft/operaomniaaccura37auguuoft_0144.png"; bbox 0 0 1863 3262; ppageno 0'>
   <div class='ocr_carea' id='block_1_1' title="bbox 295 225 1273 281">
    <p class='ocr_par' dir='ltr' id='par_1_1' title="bbox 295 225 1273 281">
     <span class='ocr_line' id='line_1_1' title="bbox 295 225 1273 281; baseline -0.001 -10"><span class='ocrx_word' id='word_1_1' title='bbox 295 225 384 281; x_wconf 74' lang='grc'>134</span> <span class='ocrx_word' id='word_1_2' title='bbox 712 240 746 269; x_wconf 82' lang='lat' dir='ltr'>s,</span> <span class='ocrx_word' id='word_1_3' title='bbox 792 239 1033 270; x_wconf 64' lang='lat' dir='ltr'>Aucusriui</span> <span class='ocrx_word' id='word_1_4' title='bbox 1071 240 1273 271; x_wconf 72' lang='lat' dir='ltr'>EPISCOPI</span> 
     </span>
    </p>
   </div>
   <div class='ocr_carea' id='block_1_2' title="bbox 292 304 1703 2559">
    <p class='ocr_par' dir='ltr' id='par_1_2' title="bbox 292 304 1703 2559">
     <span class='ocr_line' id='line_1_2' title="bbox 293 304 1668 370; baseline -0.001 -18"><span class='ocrx_word' id='word_1_5' title='bbox 293 305 461 352; x_wconf 83' lang='lat' dir='ltr'>radisus</span> <span class='ocrx_word' id='word_1_6' title='bbox 490 304 837 366; x_wconf 78' lang='lat' dir='ltr'>Pelagianorum.</span> <span class='ocrx_word' id='word_1_7' title='bbox 872 307 958 351; x_wconf 64' lang='lat' dir='ltr'>[hi</span> <span class='ocrx_word' id='word_1_8' title='bbox 986 307 1058 351; x_wconf 82' lang='lat' dir='ltr'>etsi</span> <span class='ocrx_word' id='word_1_9' title='bbox 1086 307 1178 369; x_wconf 78' lang='lat' dir='ltr'>ipsa</span> <span class='ocrx_word' id='word_1_10' title='bbox 1207 305 1558 370; x_wconf 86' lang='lat' dir='ltr'>concupiscentia</span> <span class='ocrx_word' id='word_1_11' title='bbox 1589 322 1668 352; x_wconf 87' lang='lat' dir='ltr'>oc-</span> 
     </span>
     <span class='ocr_line' id='line_1_3' title="bbox 293 375 1670 440; baseline -0.001 -17"><span class='ocrx_word' id='word_1_12' title='bbox 293 377 421 423; x_wconf 88' lang='lat' dir='ltr'>cultis</span> <span class='ocrx_word' id='word_1_13' title='bbox 451 375 643 421; x_wconf 86' lang='lat' dir='ltr'>motibus</span> <span class='ocrx_word' id='word_1_14' title='bbox 681 377 813 422; x_wconf 88' lang='lat' dir='ltr'>corda</span> <span class='ocrx_word' id='word_1_15' title='bbox 852 388 967 422; x_wconf 85' lang='lat' dir='ltr'>casta</span> <span class='ocrx_word' id='word_1_16' title='bbox 1007 376 1238 422; x_wconf 70' lang='lat' dir='ltr'>sollicitans</span> <span class='ocrx_word' id='word_1_17' title='bbox 1277 394 1361 422; x_wconf 90' lang='lat' dir='ltr'>non</span> <span class='ocrx_word' id='word_1_18' title='bbox 1404 387 1547 440; x_wconf 86' lang='lat' dir='ltr'>posset</span> <span class='ocrx_word' id='word_1_19' title='bbox 1582 376 1670 422; x_wconf 80' lang='lat' dir='ltr'>ulla</span> 
     </span>
     <span class='ocr_line' id='line_1_4' title="bbox 292 446 1670 511; baseline 0.001 -20"><span class='ocrx_word' id='word_1_20' title='bbox 292 447 473 510; x_wconf 80' lang='lat' dir='ltr'><strong>exprimi</strong></span> <span class='ocrx_word' id='word_1_21' title='bbox 509 457 596 492; x_wconf 88' lang='lat' dir='ltr'>arte</span> <span class='ocrx_word' id='word_1_22' title='bbox 619 447 801 510; x_wconf 79' lang='lat' dir='ltr'>pictoris</span> <span class='ocrx_word' id='word_1_23' title='bbox 820 468 830 500; x_wconf 77' lang='lat'>3</span> <span class='ocrx_word' id='word_1_24' title='bbox 865 448 987 510; x_wconf 81' lang='lat' dir='ltr'>pingi</span> <span class='ocrx_word' id='word_1_25' title='bbox 1011 458 1153 492; x_wconf 87' lang='lat' dir='ltr'>tamen</span> <span class='ocrx_word' id='word_1_26' title='bbox 1172 459 1345 511; x_wconf 76' lang='lat' dir='ltr'>possent</span> <span class='ocrx_word' id='word_1_27' title='bbox 1366 448 1558 508; x_wconf 76' lang='lat' dir='ltr'>gravidae</span> <span class='ocrx_word' id='word_1_28' title='bbox 1580 446 1670 493; x_wconf 87' lang='lat' dir='ltr'>foe-</span> 
     </span>
     <span class='ocr_line' id='line_1_5' title="bbox 293 517 1673 582; baseline 0 -19"><span class='ocrx_word' id='word_1_29' title='bbox 293 519 425 563; x_wconf 56' lang='lat' dir='ltr'>minae</span> <span class='ocrx_word' id='word_1_30' title='bbox 442 554 453 573; x_wconf 82' lang='grc'>,</span> <span class='ocrx_word' id='word_1_31' title='bbox 477 517 599 562; x_wconf 89' lang='lat' dir='ltr'>cibos</span> <span class='ocrx_word' id='word_1_32' title='bbox 618 518 743 564; x_wconf 85' lang='lat' dir='ltr'>utiles</span> <span class='ocrx_word' id='word_1_33' title='bbox 763 517 934 563; x_wconf 82' lang='lat' dir='ltr'>fastidio</span> <span class='ocrx_word' id='word_1_34' title='bbox 953 518 1206 582; x_wconf 69' lang='lat' dir='ltr'><strong>repellentes</strong></span> <span class='ocrx_word' id='word_1_35' title='bbox 1220 556 1229 574; x_wconf 79' lang='lat'>‚</span> <span class='ocrx_word' id='word_1_36' title='bbox 1255 518 1372 564; x_wconf 65' lang='lat' dir='ltr'>foeda</span> <span class='ocrx_word' id='word_1_37' title='bbox 1390 518 1673 564; x_wconf 76' lang='lat' dir='ltr'>delectatione</span> 
     </span>
     <span class='ocr_line' id='line_1_6' title="bbox 294 589 1673 653; baseline 0 -19"><span class='ocrx_word' id='word_1_38' title='bbox 294 589 442 634; x_wconf 80' lang='lat' dir='ltr'>noxios</span> <span class='ocrx_word' id='word_1_39' title='bbox 463 599 713 651; x_wconf 75' lang='lat' dir='ltr'>appetentes</span> <span class='ocrx_word' id='word_1_40' title='bbox 730 626 740 643; x_wconf 80' lang='lat'><strong>‚</strong></span> <span class='ocrx_word' id='word_1_41' title='bbox 764 601 1015 635; x_wconf 80' lang='lat' dir='ltr'>nauseantes</span> <span class='ocrx_word' id='word_1_42' title='bbox 1029 627 1039 645; x_wconf 83' lang='lat'>,</span> <span class='ocrx_word' id='word_1_43' title='bbox 1064 600 1282 636; x_wconf 75' lang='lat' dir='ltr'>vomentes</span> <span class='ocrx_word' id='word_1_44' title='bbox 1300 627 1310 646; x_wconf 81' lang='lat'>,</span> <span class='ocrx_word' id='word_1_45' title='bbox 1334 590 1541 653; x_wconf 84' lang='lat' dir='ltr'>pallentes</span> <span class='ocrx_word' id='word_1_46' title='bbox 1559 627 1569 646; x_wconf 84' lang='lat'>‚</span> <span class='ocrx_word' id='word_1_47' title='bbox 1586 589 1673 634; x_wconf 90' lang='lat' dir='ltr'>im-</span> 
     </span>
     <span class='ocr_line' id='line_1_7' title="bbox 292 658 1674 724; baseline 0 -19"><span class='ocrx_word' id='word_1_48' title='bbox 292 670 487 705; x_wconf 78' lang='lat' dir='ltr'>maturos</span> <span class='ocrx_word' id='word_1_49' title='bbox 502 658 636 705; x_wconf 84' lang='lat' dir='ltr'>foetus</span> <span class='ocrx_word' id='word_1_50' title='bbox 660 660 817 705; x_wconf 84' lang='lat' dir='ltr'>abortu</span> <span class='ocrx_word' id='word_1_51' title='bbox 837 660 1069 724; x_wconf 84' lang='lat' dir='ltr'>aliquando</span> <span class='ocrx_word' id='word_1_52' title='bbox 1089 660 1317 706; x_wconf 79' lang='lat' dir='ltr'>fundentes</span> <span class='ocrx_word' id='word_1_53' title='bbox 1333 698 1344 716; x_wconf 81' lang='grc'><strong>,</strong></span> <span class='ocrx_word' id='word_1_54' title='bbox 1366 661 1408 705; x_wconf 82' lang='grc'>111</span> <span class='ocrx_word' id='word_1_55' title='bbox 1425 660 1521 723; x_wconf 86' lang='lat' dir='ltr'>ipso</span> <span class='ocrx_word' id='word_1_56' title='bbox 1545 660 1674 706; x_wconf 86' lang='lat' dir='ltr'>etiam</span> 
     </span>
     <span class='ocr_line' id='line_1_8' title="bbox 292 731 1676 795; baseline -0.001 -19"><span class='ocrx_word' id='word_1_57' title='bbox 292 741 424 795; x_wconf 87' lang='lat' dir='ltr'>partu</span> <span class='ocrx_word' id='word_1_58' title='bbox 447 746 606 793; x_wconf 80' lang='lat' dir='ltr'>poena,</span> <span class='ocrx_word' id='word_1_59' title='bbox 635 747 767 794; x_wconf 87' lang='lat' dir='ltr'>quam</span> <span class='ocrx_word' id='word_1_60' title='bbox 795 742 931 777; x_wconf 89' lang='lat' dir='ltr'>mater</span> <span class='ocrx_word' id='word_1_61' title='bbox 955 734 1046 777; x_wconf 80' lang='lat' dir='ltr'>Eva</span> <span class='ocrx_word' id='word_1_62' title='bbox 1070 732 1259 794; x_wconf 78' lang='lat' dir='ltr'>suscepit.</span> <span class='ocrx_word' id='word_1_63' title='bbox 1276 769 1285 786; x_wconf 84' lang='lat'>‚</span> <span class='ocrx_word' id='word_1_64' title='bbox 1319 731 1533 776; x_wconf 85' lang='lat' dir='ltr'>miseriam</span> <span class='ocrx_word' id='word_1_65' title='bbox 1555 748 1676 776; x_wconf 87' lang='lat' dir='ltr'>suam</span> 
     </span>
     <span class='ocr_line' id='line_1_9' title="bbox 295 800 1677 865; baseline 0 -20"><span class='ocrx_word' id='word_1_66' title='bbox 295 810 606 865; x_wconf 80' lang='lat' dir='ltr'>protestante53</span> <span class='ocrx_word' id='word_1_67' title='bbox 633 800 711 846; x_wconf 84' lang='lat' dir='ltr'>etsi</span> <span class='ocrx_word' id='word_1_68' title='bbox 728 818 814 846; x_wconf 88' lang='lat' dir='ltr'>non</span> <span class='ocrx_word' id='word_1_69' title='bbox 835 813 1011 847; x_wconf 89' lang='lat' dir='ltr'>sonante</span> <span class='ocrx_word' id='word_1_70' title='bbox 1032 801 1203 865; x_wconf 86' lang='lat' dir='ltr'>pictura</span> <span class='ocrx_word' id='word_1_71' title='bbox 1222 839 1233 857; x_wconf 83' lang='grc'>,</span> <span class='ocrx_word' id='word_1_72' title='bbox 1267 812 1407 846; x_wconf 88' lang='lat' dir='ltr'>tamen</span> <span class='ocrx_word' id='word_1_73' title='bbox 1423 800 1552 846; x_wconf 84' lang='lat' dir='ltr'>facies</span> <span class='ocrx_word' id='word_1_74' title='bbox 1574 800 1677 845; x_wconf 80' lang='lat' dir='ltr'>tris-</span> 
     </span>
     <span class='ocr_line' id='line_1_10' title="bbox 294 870 1674 935; baseline -0.001 -19"><span class='ocrx_word' id='word_1_75' title='bbox 294 871 403 916; x_wconf 90' lang='lat' dir='ltr'>tium</span> <span class='ocrx_word' id='word_1_76' title='bbox 419 908 429 928; x_wconf 79' lang='lat'><strong>,</strong></span> <span class='ocrx_word' id='word_1_77' title='bbox 453 871 715 932; x_wconf 85' lang='lat' dir='ltr'>gementium</span> <span class='ocrx_word' id='word_1_78' title='bbox 735 910 745 928; x_wconf 83' lang='lat'>‚</span> <span class='ocrx_word' id='word_1_79' title='bbox 771 872 1041 935; x_wconf 62' lang='lat' dir='ltr'>plorantium</span> <span class='ocrx_word' id='word_1_80' title='bbox 1065 910 1075 929; x_wconf 83' lang='lat'><strong><em>‚</em></strong></span> <span class='ocrx_word' id='word_1_81' title='bbox 1095 872 1205 918; x_wconf 87' lang='lat' dir='ltr'>sicut</span> <span class='ocrx_word' id='word_1_82' title='bbox 1229 882 1426 935; x_wconf 74' lang='lat' dir='ltr'>poterat,</span> <span class='ocrx_word' id='word_1_83' title='bbox 1446 870 1643 916; x_wconf 79' lang='lat' dir='ltr'>imitante</span> <span class='ocrx_word' id='word_1_84' title='bbox 1664 888 1674 915; x_wconf 86' lang='lat'>:</span> 
     </span>
     <span class='ocr_line' id='line_1_11' title="bbox 297 942 1681 1005; baseline 0.001 -19"><span class='ocrx_word' id='word_1_85' title='bbox 297 942 472 1005; x_wconf 86' lang='lat' dir='ltr'>natique</span> <span class='ocrx_word' id='word_1_86' title='bbox 492 942 574 1005; x_wconf 84' lang='lat' dir='ltr'>ipsi</span> <span class='ocrx_word' id='word_1_87' title='bbox 596 960 743 988; x_wconf 90' lang='lat' dir='ltr'>omnes</span> <span class='ocrx_word' id='word_1_88' title='bbox 764 943 912 989; x_wconf 90' lang='lat' dir='ltr'>ssentes</span> <span class='ocrx_word' id='word_1_89' title='bbox 933 944 1158 990; x_wconf 89' lang='lat' dir='ltr'>communi</span> <span class='ocrx_word' id='word_1_90' title='bbox 1182 955 1292 990; x_wconf 85' lang='lat' dir='ltr'>sorte</span> <span class='ocrx_word' id='word_1_91' title='bbox 1313 943 1585 988; x_wconf 85' lang='lat' dir='ltr'>nascentium</span> <span class='ocrx_word' id='word_1_92' title='bbox 1604 980 1614 999; x_wconf 84' lang='lat'>‚</span> <span class='ocrx_word' id='word_1_93' title='bbox 1639 953 1681 988; x_wconf 91' lang='lat' dir='ltr'>et</span> 
     </span>
     <span class='ocr_line' id='line_1_12' title="bbox 297 1012 1681 1078; baseline 0.001 -21"><span class='ocrx_word' id='word_1_94' title='bbox 297 1012 564 1059; x_wconf 86' lang='lat' dir='ltr'>diversarum</span> <span class='ocrx_word' id='word_1_95' title='bbox 596 1014 1062 1077; x_wconf 79' lang='lat' dir='ltr'>Varietatepoenarmn</span> <span class='ocrx_word' id='word_1_96' title='bbox 1082 1054 1092 1071; x_wconf 76' lang='grc'><em>,</em></span> <span class='ocrx_word' id='word_1_97' title='bbox 1132 1026 1173 1060; x_wconf 84' lang='lat' dir='ltr'>et</span> <span class='ocrx_word' id='word_1_98' title='bbox 1212 1015 1339 1060; x_wconf 84' lang='lat' dir='ltr'>multi</span> <span class='ocrx_word' id='word_1_99' title='bbox 1374 1015 1502 1059; x_wconf 86' lang='lat' dir='ltr'>etiam</span> <span class='ocrx_word' id='word_1_100' title='bbox 1532 1024 1681 1078; x_wconf 83' lang='lat' dir='ltr'>postea</span> 
     </span>
     <span class='ocr_line' id='line_1_13' title="bbox 296 1082 1683 1148; baseline 0 -20"><span class='ocrx_word' id='word_1_101' title='bbox 296 1082 379 1128; x_wconf 84' lang='lat' dir='ltr'>sub</span> <span class='ocrx_word' id='word_1_102' title='bbox 420 1082 677 1128; x_wconf 84' lang='lat' dir='ltr'>Verberibus</span> <span class='ocrx_word' id='word_1_103' title='bbox 716 1085 1036 1143; x_wconf 82' lang='lat' dir='ltr'>magistrorum.</span> <span class='ocrx_word' id='word_1_104' title='bbox 1084 1086 1209 1131; x_wconf 84' lang='lat' dir='ltr'>Hanc</span> <span class='ocrx_word' id='word_1_105' title='bbox 1246 1086 1462 1148; x_wconf 76' lang='lat' dir='ltr'>picturam</span> <span class='ocrx_word' id='word_1_106' title='bbox 1492 1084 1683 1129; x_wconf 81' lang='lat' dir='ltr'>nesciens</span> 
     </span>
     <span class='ocr_line' id='line_1_14' title="bbox 298 1152 1683 1218; baseline 0.001 -21"><span class='ocrx_word' id='word_1_107' title='bbox 298 1152 494 1217; x_wconf 86' lang='lat' dir='ltr'>quisquis</span> <span class='ocrx_word' id='word_1_108' title='bbox 513 1153 752 1216; x_wconf 75' lang='lat' dir='ltr'>aspiceret,</span> <span class='ocrx_word' id='word_1_109' title='bbox 780 1165 821 1199; x_wconf 88' lang='lat' dir='ltr'>et</span> <span class='ocrx_word' id='word_1_110' title='bbox 843 1155 1018 1201; x_wconf 80' lang='lat' dir='ltr'>titulum</span> <span class='ocrx_word' id='word_1_111' title='bbox 1041 1156 1228 1216; x_wconf 79' lang='lat' dir='ltr'>legeret,</span> <span class='ocrx_word' id='word_1_112' title='bbox 1254 1172 1515 1218; x_wconf 76' lang='lat' dir='ltr'>causamque</span> <span class='ocrx_word' id='word_1_113' title='bbox 1532 1153 1683 1216; x_wconf 86' lang='lat' dir='ltr'>requi-</span> 
     </span>
     <span class='ocr_line' id='line_1_15' title="bbox 299 1223 1685 1285; baseline -0.001 -16"><span class='ocrx_word' id='word_1_114' title='bbox 299 1233 442 1277; x_wconf 79' lang='lat' dir='ltr'>reret3</span> <span class='ocrx_word' id='word_1_115' title='bbox 470 1223 568 1268; x_wconf 69' lang='lat' dir='ltr'>heec</span> <span class='ocrx_word' id='word_1_116' title='bbox 604 1224 641 1268; x_wconf 89' lang='lat' dir='ltr'>ei</span> <span class='ocrx_word' id='word_1_117' title='bbox 666 1223 890 1282; x_wconf 79' lang='lat' dir='ltr'>videlicet,</span> <span class='ocrx_word' id='word_1_118' title='bbox 917 1226 989 1271; x_wconf 87' lang='lat' dir='ltr'>sed</span> <span class='ocrx_word' id='word_1_119' title='bbox 1017 1244 1039 1271; x_wconf 88' lang='lat' dir='ltr'>a</span> <span class='ocrx_word' id='word_1_120' title='bbox 1063 1226 1188 1271; x_wconf 66' lang='lat' dir='ltr'>vohis</span> <span class='ocrx_word' id='word_1_121' title='bbox 1211 1225 1377 1285; x_wconf 77' lang='lat' dir='ltr'>egregia</span> <span class='ocrx_word' id='word_1_122' title='bbox 1398 1225 1506 1270; x_wconf 82' lang='lat' dir='ltr'>ratio</span> <span class='ocrx_word' id='word_1_123' title='bbox 1527 1223 1685 1269; x_wconf 80' lang='lat' dir='ltr'>redde-</span> 
     </span>
     <span class='ocr_line' id='line_1_16' title="bbox 302 1292 1684 1356; baseline -0.001 -17"><span class='ocrx_word' id='word_1_124' title='bbox 302 1304 421 1339; x_wconf 82' lang='lat' dir='ltr'>retur</span> <span class='ocrx_word' id='word_1_125' title='bbox 440 1330 450 1348; x_wconf 83' lang='lat'>,</span> <span class='ocrx_word' id='word_1_126' title='bbox 474 1310 560 1356; x_wconf 88' lang='lat' dir='ltr'>qua</span> <span class='ocrx_word' id='word_1_127' title='bbox 580 1292 802 1339; x_wconf 85' lang='lat' dir='ltr'>diceretis:</span> <span class='ocrx_word' id='word_1_128' title='bbox 822 1295 938 1340; x_wconf 85' lang='lat' dir='ltr'>Talis</span> <span class='ocrx_word' id='word_1_129' title='bbox 952 1306 1053 1341; x_wconf 78' lang='lat' dir='ltr'>esset</span> <span class='ocrx_word' id='word_1_130' title='bbox 1073 1296 1249 1341; x_wconf 88' lang='lat' dir='ltr'>omnino</span> <span class='ocrx_word' id='word_1_131' title='bbox 1264 1297 1392 1341; x_wconf 88' lang='lat' dir='ltr'>etiam</span> <span class='ocrx_word' id='word_1_132' title='bbox 1409 1295 1472 1340; x_wconf 83' lang='lat' dir='ltr'>ibi</span> <span class='ocrx_word' id='word_1_133' title='bbox 1492 1293 1684 1340; x_wconf 85' lang='lat' dir='ltr'>conditio</span> 
     </span>
     <span class='ocr_line' id='line_1_17' title="bbox 303 1363 1687 1428; baseline 0 -19"><span class='ocrx_word' id='word_1_134' title='bbox 303 1363 466 1423; x_wconf 83' lang='lat' dir='ltr'>generis</span> <span class='ocrx_word' id='word_1_135' title='bbox 491 1363 674 1408; x_wconf 86' lang='lat' dir='ltr'>humani</span> <span class='ocrx_word' id='word_1_136' title='bbox 693 1401 703 1420; x_wconf 76' lang='grc'>,</span> <span class='ocrx_word' id='word_1_137' title='bbox 728 1365 829 1428; x_wconf 85' lang='lat' dir='ltr'>quia</span> <span class='ocrx_word' id='word_1_138' title='bbox 846 1365 939 1410; x_wconf 83' lang='lat' dir='ltr'>talis</span> <span class='ocrx_word' id='word_1_139' title='bbox 959 1377 1020 1411; x_wconf 83' lang='lat' dir='ltr'>est</span> <span class='ocrx_word' id='word_1_140' title='bbox 1041 1366 1133 1421; x_wconf 76' lang='lat' dir='ltr'>hic,</span> <span class='ocrx_word' id='word_1_141' title='bbox 1155 1366 1231 1411; x_wconf 73' lang='lat' dir='ltr'>ubi</span> <span class='ocrx_word' id='word_1_142' title='bbox 1251 1366 1447 1411; x_wconf 80' lang='lat' dir='ltr'>similiter</span> <span class='ocrx_word' id='word_1_143' title='bbox 1463 1384 1484 1410; x_wconf 88' lang='lat' dir='ltr'>a</span> <span class='ocrx_word' id='word_1_144' title='bbox 1503 1364 1687 1411; x_wconf 83' lang='lat' dir='ltr'>foetibus</span> 
     </span>
     <span class='ocr_line' id='line_1_18' title="bbox 305 1434 1684 1500; baseline 0.001 -20"><span class='ocrx_word' id='word_1_145' title='bbox 305 1434 539 1480; x_wconf 88' lang='lat' dir='ltr'>hominum</span> <span class='ocrx_word' id='word_1_146' title='bbox 572 1434 692 1480; x_wconf 82' lang='lat' dir='ltr'>nulla</span> <span class='ocrx_word' id='word_1_147' title='bbox 724 1436 912 1482; x_wconf 83' lang='lat' dir='ltr'>trahitur</span> <span class='ocrx_word' id='word_1_148' title='bbox 936 1437 1055 1496; x_wconf 80' lang='lat' dir='ltr'>origo</span> <span class='ocrx_word' id='word_1_149' title='bbox 1084 1438 1266 1500; x_wconf 83' lang='lat' dir='ltr'>peccati.</span> <span class='ocrx_word' id='word_1_150' title='bbox 1299 1438 1343 1482; x_wconf 81' lang='lat' dir='ltr'>Si</span> <span class='ocrx_word' id='word_1_151' title='bbox 1369 1437 1684 1500; x_wconf 79' lang='lat' dir='ltr'>acquiesceret,</span> 
     </span>
     <span class='ocr_line' id='line_1_19' title="bbox 306 1504 1688 1570; baseline 0.001 -20"><span class='ocrx_word' id='word_1_152' title='bbox 306 1505 426 1551; x_wconf 89' lang='lat' dir='ltr'>fieret</span> <span class='ocrx_word' id='word_1_153' title='bbox 445 1504 704 1565; x_wconf 82' lang='lat' dir='ltr'>I&#39;elagianus</span> <span class='ocrx_word' id='word_1_154' title='bbox 724 1524 734 1551; x_wconf 91' lang='lat'>:</span> <span class='ocrx_word' id='word_1_155' title='bbox 762 1506 794 1552; x_wconf 88' lang='lat' dir='ltr'>si</span> <span class='ocrx_word' id='word_1_156' title='bbox 813 1523 913 1552; x_wconf 83' lang='lat' dir='ltr'>vero</span> <span class='ocrx_word' id='word_1_157' title='bbox 929 1507 1189 1553; x_wconf 76' lang='lat' dir='ltr'>inrisaehuic</span> <span class='ocrx_word' id='word_1_158' title='bbox 1208 1507 1470 1570; x_wconf 56' lang='lat' dir='ltr'>insipientiae</span> <span class='ocrx_word' id='word_1_159' title='bbox 1489 1507 1688 1570; x_wconf 86' lang='lat' dir='ltr'>acquies-</span> 
     </span>
     <span class='ocr_line' id='line_1_20' title="bbox 305 1575 1690 1636; baseline 0.001 -15"><span class='ocrx_word' id='word_1_160' title='bbox 305 1592 400 1621; x_wconf 84' lang='lat' dir='ltr'>cere</span> <span class='ocrx_word' id='word_1_161' title='bbox 426 1575 584 1632; x_wconf 77' lang='lat' dir='ltr'>nollet,</span> <span class='ocrx_word' id='word_1_162' title='bbox 611 1588 863 1636; x_wconf 79' lang='lat' dir='ltr'>argueretur</span> <span class='ocrx_word' id='word_1_163' title='bbox 889 1597 910 1623; x_wconf 88' lang='lat' dir='ltr'>a</span> <span class='ocrx_word' id='word_1_164' title='bbox 930 1578 1054 1624; x_wconf 81' lang='lat' dir='ltr'>vobis</span> <span class='ocrx_word' id='word_1_165' title='bbox 1077 1589 1125 1623; x_wconf 87' lang='lat' dir='ltr'>ut</span> <span class='ocrx_word' id='word_1_166' title='bbox 1152 1577 1440 1624; x_wconf 73' lang='lat' dir='ltr'>Maniehaeus.</span> <span class='ocrx_word' id='word_1_167' title='bbox 1474 1578 1558 1623; x_wconf 79' lang='lat' dir='ltr'>Sed</span> <span class='ocrx_word' id='word_1_168' title='bbox 1583 1577 1690 1623; x_wconf 88' lang='lat' dir='ltr'>huic</span> 
     </span>
     <span class='ocr_line' id='line_1_21' title="bbox 308 1647 1690 1706; baseline 0.001 -15"><span class='ocrx_word' id='word_1_169' title='bbox 308 1647 702 1706; x_wconf 14' lang='lat' dir='ltr'>contentioni‚nDei</span> <span class='ocrx_word' id='word_1_170' title='bbox 722 1659 868 1694; x_wconf 86' lang='lat' dir='ltr'>sancte</span> <span class='ocrx_word' id='word_1_171' title='bbox 891 1649 1062 1694; x_wconf 82' lang='lat' dir='ltr'>antistes</span> <span class='ocrx_word' id='word_1_172' title='bbox 1080 1649 1280 1694; x_wconf 81' lang='lat' dir='ltr'>Ambrosi</span> <span class='ocrx_word' id='word_1_173' title='bbox 1295 1686 1305 1704; x_wconf 83' lang='lat'>‚</span> <span class='ocrx_word' id='word_1_174' title='bbox 1323 1648 1450 1693; x_wconf 87' lang='lat' dir='ltr'>docte</span> <span class='ocrx_word' id='word_1_175' title='bbox 1470 1648 1514 1694; x_wconf 89' lang='lat' dir='ltr'>in</span> <span class='ocrx_word' id='word_1_176' title='bbox 1537 1648 1690 1694; x_wconf 83' lang='lat' dir='ltr'>Eccle-</span> 
     </span>
     <span class='ocr_line' id='line_1_22' title="bbox 310 1717 1692 1782; baseline 0.001 -20"><span class='ocrx_word' id='word_1_177' title='bbox 310 1717 370 1763; x_wconf 85' lang='lat' dir='ltr'>sia</span> <span class='ocrx_word' id='word_1_178' title='bbox 397 1727 440 1762; x_wconf 87' lang='lat' dir='ltr'>et</span> <span class='ocrx_word' id='word_1_179' title='bbox 464 1717 619 1763; x_wconf 88' lang='lat' dir='ltr'>doctor</span> <span class='ocrx_word' id='word_1_180' title='bbox 653 1718 884 1775; x_wconf 46' lang='lat' dir='ltr'>Ecclesioey</span> <span class='ocrx_word' id='word_1_181' title='bbox 920 1719 992 1765; x_wconf 90' lang='lat' dir='ltr'>dic</span> <span class='ocrx_word' id='word_1_182' title='bbox 1016 1719 1106 1764; x_wconf 88' lang='lat' dir='ltr'>istis</span> <span class='ocrx_word' id='word_1_183' title='bbox 1124 1756 1133 1773; x_wconf 81' lang='grc'><em>,</em></span> <span class='ocrx_word' id='word_1_184' title='bbox 1173 1719 1572 1782; x_wconf 79' lang='lat' dir='ltr'>concupiscentiam</span> <span class='ocrx_word' id='word_1_185' title='bbox 1605 1735 1692 1782; x_wconf 82' lang='lat' dir='ltr'>qua</span> 
     </span>
     <span class='ocr_line' id='line_1_23' title="bbox 311 1788 1692 1853; baseline 0.001 -20"><span class='ocrx_word' id='word_1_186' title='bbox 311 1805 412 1834; x_wconf 89' lang='lat' dir='ltr'>caro</span> <span class='ocrx_word' id='word_1_187' title='bbox 426 1788 702 1851; x_wconf 82' lang='lat' dir='ltr'>concupiscit</span> <span class='ocrx_word' id='word_1_188' title='bbox 717 1789 920 1836; x_wconf 86' lang='lat' dir='ltr'>adversus</span> <span class='ocrx_word' id='word_1_189' title='bbox 943 1791 1143 1853; x_wconf 84' lang='lat' dir='ltr'>spiritum</span> <span class='ocrx_word' id='word_1_190' title='bbox 1161 1827 1172 1846; x_wconf 73' lang='grc'>,</span> <span class='ocrx_word' id='word_1_191' title='bbox 1194 1790 1299 1835; x_wconf 89' lang='lat' dir='ltr'>etde</span> <span class='ocrx_word' id='word_1_192' title='bbox 1313 1807 1401 1853; x_wconf 82' lang='lat' dir='ltr'>qua</span> <span class='ocrx_word' id='word_1_193' title='bbox 1420 1789 1692 1835; x_wconf 74' lang='lat' dir='ltr'>Manichaeus</span> 
     </span>
     <span class='ocr_line' id='line_1_24' title="bbox 310 1858 1693 1923; baseline 0 -19"><span class='ocrx_word' id='word_1_194' title='bbox 310 1858 505 1904; x_wconf 88' lang='lat' dir='ltr'>nesciens</span> <span class='ocrx_word' id='word_1_195' title='bbox 525 1859 633 1923; x_wconf 88' lang='lat' dir='ltr'>quid</span> <span class='ocrx_word' id='word_1_196' title='bbox 650 1859 875 1923; x_wconf 78' lang='lat' dir='ltr'>loquatur,</span> <span class='ocrx_word' id='word_1_197' title='bbox 900 1861 1039 1907; x_wconf 88' lang='lat' dir='ltr'>tendit</span> <span class='ocrx_word' id='word_1_198' title='bbox 1056 1861 1323 1923; x_wconf 81' lang='lat' dir='ltr'>muscipulas</span> <span class='ocrx_word' id='word_1_199' title='bbox 1344 1860 1553 1923; x_wconf 86' lang='lat' dir='ltr'>imperitis</span> <span class='ocrx_word' id='word_1_200' title='bbox 1571 1897 1581 1916; x_wconf 83' lang='lat'>‚</span> <span class='ocrx_word' id='word_1_201' title='bbox 1604 1877 1693 1905; x_wconf 88' lang='lat' dir='ltr'>non</span> 
     </span>
     <span class='ocr_line' id='line_1_25' title="bbox 312 1929 1694 1994; baseline 0.001 -20"><span class='ocrx_word' id='word_1_202' title='bbox 312 1947 360 1975; x_wconf 86' lang='lat' dir='ltr'>ex</span> <span class='ocrx_word' id='word_1_203' title='bbox 385 1929 535 1975; x_wconf 82' lang='lat' dir='ltr'>alienae</span> <span class='ocrx_word' id='word_1_204' title='bbox 567 1932 873 1977; x_wconf 81' lang='lat' dir='ltr'>commixtione</span> <span class='ocrx_word' id='word_1_205' title='bbox 909 1947 1106 1987; x_wconf 61' lang='lat' dir='ltr'>naturae,</span> <span class='ocrx_word' id='word_1_206' title='bbox 1151 1932 1263 1976; x_wconf 88' lang='lat' dir='ltr'>sicut</span> <span class='ocrx_word' id='word_1_207' title='bbox 1295 1931 1365 1976; x_wconf 88' lang='grc'>1116</span> <span class='ocrx_word' id='word_1_208' title='bbox 1403 1931 1589 1994; x_wconf 72' lang='lat' dir='ltr'>desipit,</span> <span class='ocrx_word' id='word_1_209' title='bbox 1621 1930 1694 1976; x_wconf 82' lang='lat' dir='ltr'>sed</span> 
     </span>
     <span class='ocr_line' id='line_1_26' title="bbox 314 2002 1700 2066; baseline 0.001 -21"><span class='ocrx_word' id='word_1_210' title='bbox 314 2011 484 2046; x_wconf 80' lang='lat' dir='ltr'>naturae</span> <span class='ocrx_word' id='word_1_211' title='bbox 517 2012 676 2047; x_wconf 83' lang='lat' dir='ltr'>nostrae</span> <span class='ocrx_word' id='word_1_212' title='bbox 708 2003 837 2049; x_wconf 81' lang='lat' dir='ltr'>bonae</span> <span class='ocrx_word' id='word_1_213' title='bbox 861 2021 884 2049; x_wconf 84' lang='lat' dir='ltr'>a</span> <span class='ocrx_word' id='word_1_214' title='bbox 908 2004 1026 2049; x_wconf 83' lang='lat' dir='ltr'>bono</span> <span class='ocrx_word' id='word_1_215' title='bbox 1048 2002 1239 2049; x_wconf 83' lang='lat' dir='ltr'>conditae</span> <span class='ocrx_word' id='word_1_216' title='bbox 1264 2020 1309 2048; x_wconf 86' lang='lat' dir='ltr'>ex</span> <span class='ocrx_word' id='word_1_217' title='bbox 1342 2002 1700 2066; x_wconf 79' lang='lat' dir='ltr'>praevaricatione</span> 
     </span>
     <span class='ocr_line' id='line_1_27' title="bbox 317 2071 1700 2135; baseline 0.001 -20"><span class='ocrx_word' id='word_1_218' title='bbox 317 2071 449 2135; x_wconf 87' lang='lat' dir='ltr'>primi</span> <span class='ocrx_word' id='word_1_219' title='bbox 470 2071 661 2117; x_wconf 85' lang='lat' dir='ltr'>hominis</span> <span class='ocrx_word' id='word_1_220' title='bbox 683 2073 901 2120; x_wconf 85' lang='lat' dir='ltr'>accidisse.</span> <span class='ocrx_word' id='word_1_221' title='bbox 931 2074 1015 2119; x_wconf 84' lang='lat' dir='ltr'>Sed</span> <span class='ocrx_word' id='word_1_222' title='bbox 1036 2091 1112 2118; x_wconf 86' lang='lat' dir='ltr'>vos</span> <span class='ocrx_word' id='word_1_223' title='bbox 1130 2073 1303 2118; x_wconf 84' lang='lat' dir='ltr'>fortasse</span> <span class='ocrx_word' id='word_1_224' title='bbox 1324 2072 1700 2135; x_wconf 81' lang='lat' dir='ltr'>impudentissima</span> 
     </span>
     <span class='ocr_line' id='line_1_28' title="bbox 312 2141 1701 2206; baseline 0.001 -20"><span class='ocrx_word' id='word_1_225' title='bbox 312 2141 560 2206; x_wconf 85' lang='lat' dir='ltr'>pervicacia</span> <span class='ocrx_word' id='word_1_226' title='bbox 573 2142 729 2203; x_wconf 83' lang='lat' dir='ltr'>eligitis</span> <span class='ocrx_word' id='word_1_227' title='bbox 751 2143 1004 2203; x_wconf 83' lang='lat' dir='ltr'>adjumenta</span> <span class='ocrx_word' id='word_1_228' title='bbox 1022 2144 1219 2206; x_wconf 80' lang='lat' dir='ltr'>praebere</span> <span class='ocrx_word' id='word_1_229' title='bbox 1242 2143 1535 2206; x_wconf 85' lang='lat' dir='ltr'>impurissimo</span> <span class='ocrx_word' id='word_1_230' title='bbox 1556 2142 1701 2188; x_wconf 83' lang='lat' dir='ltr'>Mani-</span> 
     </span>
     <span class='ocr_line' id='line_1_29' title="bbox 315 2212 1700 2278; baseline 0 -21"><span class='ocrx_word' id='word_1_231' title='bbox 315 2212 443 2258; x_wconf 84' lang='lat' dir='ltr'>chaeo</span> <span class='ocrx_word' id='word_1_232' title='bbox 459 2249 470 2268; x_wconf 80' lang='grc'>,</span> <span class='ocrx_word' id='word_1_233' title='bbox 506 2229 639 2277; x_wconf 87' lang='lat' dir='ltr'>quam</span> <span class='ocrx_word' id='word_1_234' title='bbox 678 2225 828 2260; x_wconf 84' lang='lat' dir='ltr'>sancto</span> <span class='ocrx_word' id='word_1_235' title='bbox 870 2215 1139 2278; x_wconf 84' lang='lat' dir='ltr'>acquiescere</span> <span class='ocrx_word' id='word_1_236' title='bbox 1175 2212 1449 2260; x_wconf 74' lang='lat' dir='ltr'>Ambrosi01.</span> <span class='ocrx_word' id='word_1_237' title='bbox 1493 2214 1617 2273; x_wconf 81' lang='lat' dir='ltr'>Agite</span> <span class='ocrx_word' id='word_1_238' title='bbox 1652 2223 1700 2259; x_wconf 92' lang='lat' dir='ltr'>ut</span> 
     </span>
     <span class='ocr_line' id='line_1_30' title="bbox 316 2282 1702 2346; baseline 0.001 -19"><span class='ocrx_word' id='word_1_239' title='bbox 316 2282 490 2346; x_wconf 76' lang='lat' dir='ltr'>placet,</span> <span class='ocrx_word' id='word_1_240' title='bbox 520 2283 592 2329; x_wconf 85' lang='lat' dir='ltr'>sed</span> <span class='ocrx_word' id='word_1_241' title='bbox 629 2301 717 2329; x_wconf 90' lang='lat' dir='ltr'>non</span> <span class='ocrx_word' id='word_1_242' title='bbox 752 2285 961 2345; x_wconf 78' lang='lat' dir='ltr'>gaudebit</span> <span class='ocrx_word' id='word_1_243' title='bbox 994 2285 1062 2331; x_wconf 84' lang='lat' dir='ltr'>vel</span> <span class='ocrx_word' id='word_1_244' title='bbox 1086 2285 1208 2331; x_wconf 79' lang='lat' dir='ltr'>vobis</span> <span class='ocrx_word' id='word_1_245' title='bbox 1244 2284 1519 2343; x_wconf 81' lang='lat' dir='ltr'>adjutoribus</span> <span class='ocrx_word' id='word_1_246' title='bbox 1557 2284 1702 2329; x_wconf 83' lang='lat' dir='ltr'>Mani-</span> 
     </span>
     <span class='ocr_line' id='line_1_31' title="bbox 316 2352 1703 2418; baseline -0.001 -20"><span class='ocrx_word' id='word_1_247' title='bbox 316 2352 491 2406; x_wconf 80' lang='lat' dir='ltr'>chaeus3</span> <span class='ocrx_word' id='word_1_248' title='bbox 529 2354 739 2418; x_wconf 88' lang='lat' dir='ltr'>quoniam</span> <span class='ocrx_word' id='word_1_249' title='bbox 776 2354 997 2401; x_wconf 86' lang='lat' dir='ltr'>catholica</span> <span class='ocrx_word' id='word_1_250' title='bbox 1032 2354 1147 2410; x_wconf 77' lang='lat' dir='ltr'>fide,</span> <span class='ocrx_word' id='word_1_251' title='bbox 1176 2355 1221 2399; x_wconf 89' lang='lat' dir='ltr'>in</span> <span class='ocrx_word' id='word_1_252' title='bbox 1258 2353 1420 2398; x_wconf 81' lang='lat' dir='ltr'>Christi</span> <span class='ocrx_word' id='word_1_253' title='bbox 1454 2354 1629 2399; x_wconf 88' lang='lat' dir='ltr'>nomine</span> <span class='ocrx_word' id='word_1_254' title='bbox 1661 2364 1703 2398; x_wconf 89' lang='lat' dir='ltr'>et</span> 
     </span>
     <span class='ocr_line' id='line_1_32' title="bbox 317 2423 1701 2487; baseline -0.002 -16"><span class='ocrx_word' id='word_1_255' title='bbox 317 2424 477 2471; x_wconf 85' lang='lat' dir='ltr'>virtute</span> <span class='ocrx_word' id='word_1_256' title='bbox 498 2435 702 2487; x_wconf 83' lang='lat' dir='ltr'>utrosque</span> <span class='ocrx_word' id='word_1_257' title='bbox 724 2426 860 2471; x_wconf 86' lang='lat' dir='ltr'>vincit</span> <span class='ocrx_word' id='word_1_258' title='bbox 882 2426 1154 2471; x_wconf 77' lang='lat' dir='ltr'>Ambrosius.</span> <span class='ocrx_word' id='word_1_259' title='bbox 1181 2425 1225 2470; x_wconf 77' lang='lat' dir='ltr'>Si</span> <span class='ocrx_word' id='word_1_260' title='bbox 1243 2424 1354 2469; x_wconf 89' lang='lat' dir='ltr'>enim</span> <span class='ocrx_word' id='word_1_261' title='bbox 1386 2423 1480 2469; x_wconf 80' lang='lat' dir='ltr'>talis</span> <span class='ocrx_word' id='word_1_262' title='bbox 1498 2435 1604 2469; x_wconf 86' lang='lat' dir='ltr'>esset</span> <span class='ocrx_word' id='word_1_263' title='bbox 1623 2423 1701 2469; x_wconf 87' lang='lat' dir='ltr'>ista</span> 
     </span>
     <span class='ocr_line' id='line_1_33' title="bbox 318 2493 1698 2559; baseline -0.001 -19"><span class='ocrx_word' id='word_1_264' title='bbox 318 2495 673 2558; x_wconf 86' lang='lat' dir='ltr'>concupiscentia</span> <span class='ocrx_word' id='word_1_265' title='bbox 691 2533 702 2553; x_wconf 84' lang='grc'>,</span> <span class='ocrx_word' id='word_1_266' title='bbox 731 2513 830 2559; x_wconf 80' lang='lat' dir='ltr'>quae</span> <span class='ocrx_word' id='word_1_267' title='bbox 854 2496 1018 2542; x_wconf 83' lang='lat' dir='ltr'>carnali</span> <span class='ocrx_word' id='word_1_268' title='bbox 1042 2514 1119 2542; x_wconf 87' lang='lat' dir='ltr'>suo</span> <span class='ocrx_word' id='word_1_269' title='bbox 1153 2506 1275 2542; x_wconf 90' lang='lat' dir='ltr'>motu</span> <span class='ocrx_word' id='word_1_270' title='bbox 1302 2512 1382 2541; x_wconf 89' lang='lat' dir='ltr'>nec</span> <span class='ocrx_word' id='word_1_271' title='bbox 1407 2493 1698 2558; x_wconf 77' lang='lat' dir='ltr'>praecederet,</span> 
     </span>
    </p>
   </div>
   <div class='ocr_carea' id='block_1_3' title="bbox 371 2578 893 2618">
    <p class='ocr_par' dir='ltr' id='par_1_3' title="bbox 371 2578 893 2618">
     <span class='ocr_line' id='line_1_34' title="bbox 371 2578 893 2618; baseline 0.01 -10"><span class='ocrx_word' id='word_1_272' title='bbox 371 2579 379 2600; x_wconf 86' lang='lat'><strong>¹</strong></span> <span class='ocrx_word' id='word_1_273' title='bbox 398 2578 545 2610; x_wconf 71' lang='lat' dir='ltr'>Amin-os,</span> <span class='ocrx_word' id='word_1_274' title='bbox 566 2578 620 2611; x_wconf 81' lang='grc'>111),</span> <span class='ocrx_word' id='word_1_275' title='bbox 642 2591 670 2618; x_wconf 89' lang='lat'>7.</span> <span class='ocrx_word' id='word_1_276' title='bbox 686 2579 717 2610; x_wconf 90' lang='lat' dir='ltr'>in</span> <span class='ocrx_word' id='word_1_277' title='bbox 737 2578 812 2613; x_wconf 80' lang='lat' dir='ltr'>Luc.</span> <span class='ocrx_word' id='word_1_278' title='bbox 841 2592 893 2613; x_wconf 83' lang='lat'>12.</span> 
     </span>
    </p>
   </div>
  </div>
 </body>
</html>
