1824 3236
169 275 326 305 opums
366 273 621 306 lMPEnFECTl
661 275 834 304 coxTnA
873 276 1120 317 Jutisxuii,
1162 278 1247 307 mr..
1295 279 1352 308 vi.
1404 263 1483 318 4⁴3¹

124 341 170 387 Si
192 340 346 386 vitium
361 341 638 400 congenitum
659 350 742 395 est,
765 357 853 403 quo
874 358 973 386 caro
998 342 1271 405 concupiscit
1297 343 1500 391 adversus

120 411 322 475 spiritum
339 449 350 468 ‚
377 422 419 457 et
442 429 529 457 non
543 421 604 456 est
619 428 665 456 cx
684 421 837 456 natura
851 412 893 456 iu
913 413 1076 471 origine
1093 414 1241 459 vitiata
1261 451 1271 469 ,
1293 414 1365 459 dic
1384 416 1499 461 unde

120 484 203 528 sit?
243 482 288 527 Si
329 482 479 529 vitium
509 481 786 541 congenitum
819 492 904 537 est,
932 483 976 527 in
1010 500 1096 546 quo
1134 483 1293 529 clamat
1330 485 1495 531 homo:

121 574 141 596 <‹
162 553 263 600 Scio
284 553 387 616 quia
411 569 499 599 non
524 552 746 599 inhabitat
768 552 814 598 in
836 570 925 609 me,
953 553 1040 599 hoc
1060 566 1121 599 est
1140 592 1149 609 ,
1177 555 1220 600 in
1251 572 1379 602 carne
1406 575 1500 605 mea

123 645 144 667 »
163 624 331 670 bonum
348 659 360 679 ,
388 622 496 670 velle
523 623 640 668 enim
657 622 829 683 adjacet
853 623 990 680 mihi,
1014 626 1222 687 perficere
1247 638 1389 673 autem
1414 629 1501 674 bo-

121 716 142 737 »
161 711 266 740 num
288 711 375 740 non
395 693 600 740 invenio1
621 714 633 747 3
654 716 675 735 n
693 704 734 740 et
760 711 848 740 non
867 705 928 740 est
950 712 998 740 ex
1017 706 1171 741 natura
1196 697 1347 743 vitiata
1370 700 1500 762 primi

120 764 310 811 hominis
329 764 694 828 praevaricatione
713 784 724 818 ;
746 764 818 810 die
835 764 950 810 unde
967 765 1052 811 Sjtp
1073 766 1118 811 Si
1134 777 1273 812 autem
1294 786 1382 814 non
1402 781 1502 815 sunt

120 837 349 896 congenita
367 836 471 882 vitia
489 836 568 881 ista
585 855 596 889 ;
612 835 684 881 dic
704 835 819 881 unde
840 836 958 881 sint?
977 837 1034 881 Ex
1054 838 1289 900 peccandi,
1312 839 1498 903 inquies,

120 906 459 961 consuetudine,
486 923 617 970 quam
656 906 740 952 sibi
761 907 945 971 quisque
969 906 1072 953 fecit
1094 907 1230 954 libera
1259 909 1494 957 voluntate.

121 977 210 1023 Ubi
227 978 348 1041 quod
372 995 460 1024 non
483 978 546 1024 vis
565 1014 575 1033 ‚
604 977 778 1023 interim
806 978 1024 1024 confiteris
1039 1015 1050 1034 ‚
1073 978 1237 1024 scilicet
1254 979 1499 1026 libertatem

120 1048 358 1095 voluntatis
381 1065 458 1095 suo
477 1048 590 1094 malo
611 1065 691 1095 usu
711 1049 851 1112 perire
868 1050 1057 1113 potuisse
1071 1087 1082 1107 ‚
1114 1051 1216 1113 quia
1236 1052 1504 1115 perficiendo

119 1120 285 1167 malum
311 1121 454 1166 minus
487 1119 643 1166 idonea
673 1121 787 1168 facta
811 1131 873 1167 est
897 1121 950 1167 ad
973 1123 1292 1185 perficiendum
1313 1126 1495 1175 bonum,

122 1192 207 1238 Sed
248 1191 466 1256 numquid
497 1191 718 1237 voluntate
749 1192 979 1257 quisquam
1011 1194 1223 1240 obtunsus
1254 1206 1316 1241 est
1339 1197 1500 1245 corde?

123 1263 350 1327 Numquid
376 1262 598 1310 voluntate
628 1263 863 1309 obliviosus
896 1274 957 1309 est
986 1266 1237 1328 quispiam?
1273 1266 1503 1332 Numquid

121 1334 343 1382 voluntate
367 1346 429 1381 est
449 1334 603 1398 aliquis
626 1333 800 1380 fatuus?
820 1335 928 1380 Haec
948 1347 990 1381 et
1010 1336 1090 1381 alia
1104 1337 1207 1382 vitia
1225 1337 1361 1400 ipsius
1386 1359 1502 1388 men-

122 1407 176 1452 tis
213 1417 342 1470 atque
384 1406 544 1462 animi,
587 1423 687 1453 cum
725 1406 886 1469 quibus
926 1407 1126 1454 homines
1161 1411 1280 1456 nasci
1319 1413 1504 1474 ambigit

120 1494 249 1524 nemo
267 1514 279 1534 ,
303 1477 339 1523 si
355 1494 402 1523 ex
421 1477 588 1537 origine
607 1477 759 1523 vitiata
785 1476 894 1522 dicis
914 1494 1001 1524 non
1022 1495 1108 1524 esse
1126 1515 1137 1533 ,
1158 1479 1230 1525 dic
1248 1481 1364 1529 unde
1385 1484 1502 1531 sint?

122 1551 274 1614 Neque
297 1549 412 1596 enim
448 1548 648 1595 dicturus
673 1565 715 1593 es
731 1585 742 1604 ,
768 1547 885 1612 quod
914 1549 995 1594 ista
1013 1587 1023 1604 ,
1048 1551 1081 1596 si
1110 1568 1237 1597 nemo
1260 1565 1498 1616 peccasset,

120 1621 350 1684 paradisus
374 1620 537 1666 habere
566 1619 789 1682 potuisset.
833 1619 1060 1665 Postremo
1081 1621 1201 1684 quod
1221 1640 1380 1687 corpus
1401 1642 1504 1671 cor-

121 1691 334 1756 ruptibile
370 1700 572 1751 aggravat
596 1690 786 1736 animam
804 1725 814 1744 ‚
852 1689 934 1734 sub
955 1707 1042 1753 qua
1071 1691 1310 1739 miserabili
1335 1696 1504 1742 sarcina

121 1781 269 1810 omnes
283 1763 466 1827 quinon
483 1777 794 1826 usquequaque
815 1759 1063 1824 desipiunt,
1085 1763 1285 1810 homines
1305 1777 1499 1825 gemunt,

122 1833 195 1881 dic
222 1834 340 1880 unde
363 1833 444 1879 sit?
471 1834 570 1878 Non
594 1833 709 1878 enim
737 1831 798 1876 sic
831 1829 1029 1876 dicturus
1052 1849 1094 1878 es
1116 1834 1280 1897 primos
1306 1836 1505 1884 homines

122 1916 312 1961 creatos,
351 1914 400 1950 ut
437 1901 717 1965 corruptibili
757 1917 942 1964 corpore
976 1903 1159 1964 alicujus
1183 1922 1334 1952 eorum
1360 1908 1502 1953 anima

122 1985 403 2038 gravaretur3
425 1985 499 2020 aut
522 1983 620 2037 post
636 1989 786 2018 eorum
817 1972 926 2018 illud
951 1974 1114 2032 grande
1137 1987 1365 2039 peccatum
1384 2016 1394 2034 ‚
1414 1980 1505 2027 sine

123 2047 198 2093 tali
215 2063 397 2110 corpore
425 2044 581 2108 aliquis
603 2043 810 2089 nascitur.
843 2046 934 2088 Cur
952 2061 1051 2104 ergo
1070 2044 1273 2093 adversus
1294 2065 1371 2094 nos
1403 2050 1501 2095 Ma-

122 2119 347 2164 nichaeum
385 2117 634 2180 loquentem
664 2114 998 2177 loquacissimus
1035 2117 1299 2175 introduciS‚
1329 2137 1429 2166 cum
1456 2131 1504 2167 tu

123 2189 321 2250 negando
348 2187 468 2252 quod
505 2186 713 2242 dicimus,
743 2186 779 2231 ei
816 2186 1072 2248 respondere
1099 2206 1186 2234 non
1219 2191 1387 2253 possis?³
1422 2193 1505 2238 Cui

123 2260 356 2324 respondet
381 2259 653 2322 Cyprianus,
675 2258 733 2302 ita
752 2256 1000 2303 discordare
1019 2275 1191 2304 carnem
1217 2262 1507 2326 spiritumque

125 2329 471 2384 demonstrans¹⁹
499 2339 547 2374 ut
573 2340 714 2374 tamen
735 2328 959 2391 utriusque
973 2328 1026 2373 sit
1045 2347 1066 2374 a
1087 2330 1176 2374 Deo
1196 2331 1327 2386 Patre
1344 2332 1508 2378 oranda

125 2401 393 2448 concordia:
422 2400 493 2446 cui
529 2399 763 2462 respondet
788 2400 1023 2458 Gregorius
1042 2436 1052 2455 ‚
1087 2400 1161 2463 qui
1196 2418 1295 2446 cum
1322 2402 1423 2449 talia
1454 2403 1509 2450 de

126 2489 255 2518 carne
281 2471 477 2526 dixisset,
504 2469 649 2533 qualia
673 2480 824 2514 contra
845 2486 921 2514 nos
946 2471 1230 2533 composuisti
1252 2472 1396 2519 dicere
1417 2475 1507 2520 Ma-

125 2543 372 2599 nichaeum,
407 2552 644 2605 utrumque
677 2550 820 2586 tamen
844 2539 900 2586 ad
924 2542 1066 2586 Deum
1083 2577 1094 2598 ‚
1120 2540 1216 2605 ipso
1236 2543 1327 2588 Deo
1348 2545 1508 2608 propi-

177 2625 296 2657 ¹R0m.
317 2636 376 2668 vn,
400 2626 431 2657 8.
