1824 3236
269 272 360 317 518
677 289 710 318 s.
756 289 1001 319 Aucusrrar
1037 286 1240 319 Episcorl

269 363 316 396 ut
340 351 424 396 hoc
449 351 610 398 dicam.
639 354 867 417 Numquid
885 354 998 400 enim
1009 354 1113 417 quia
1131 364 1315 400 mortem
1339 354 1528 401 dicimus
1548 374 1649 419 pec-

267 423 353 468 cati
379 440 464 467 esse
487 424 755 486 supplicium
773 462 782 479 ,
803 425 900 471 ideo
926 425 1165 471 dicendum
1185 436 1246 470 cst
1271 443 1365 470 eam
1390 437 1488 489 post
1503 429 1649 473 remis-

267 494 433 540 siouem
452 504 737 556 peccatorum
752 513 839 541 non
854 496 1053 542 debuisse
1071 496 1348 555 contingere?
1365 496 1448 542 Hae
1463 497 1648 561 quippe,

266 565 428 629 quasin
448 576 601 610 natura
626 567 988 629 praevaricatione
1013 566 1166 613 vitiata
1190 566 1377 613 dicimus
1393 585 1549 631 poenas
1565 585 1652 615 esse

267 637 456 699 peccati,
479 636 576 682 ideo
589 638 716 683 etiam
732 649 832 701 post
848 638 1140 684 remissionem
1157 649 1441 701 peccatorum
1455 650 1649 698 manent,

268 720 317 756 ut
353 710 566 773 probetur
599 710 731 766 fides,
759 729 890 775 quam
925 712 979 758 de
1011 721 1194 758 venturo
1221 710 1437 757 credimus
1462 713 1621 759 saeculo
1638 750 1650 770 ‚

268 779 347 826 ubi
371 780 450 826 ista
471 798 560 826 non
583 793 724 829 erunt.
760 784 911 846 Neque
940 782 1053 827 enim
1078 781 1184 827 fides
1202 791 1331 837 esset,
1359 781 1394 827 si
1418 794 1654 846 propterea

269 851 562 909 crederemus,
594 854 698 916 quia
732 854 959 899 continuo²
980 852 1110 899 nobis
1142 852 1256 898 nihil
1285 851 1463 898 dolendi
1486 864 1529 899 et
1563 871 1655 900 non

269 922 483 969 moriendi
504 925 739 986 praemium
771 924 1035 971 redderetur.
1066 924 1165 980 Qua
1196 923 1363 969 ratione
1386 923 1557 970 reddita
1574 961 1586 982 ,
1609 924 1657 971 id

272 1004 334 1038 est
350 1030 360 1050 ‚
393 993 447 1037 ad
473 1011 650 1053 agonem
676 993 777 1039 fidei
799 995 926 1040 nobis
945 994 1135 1057 relinqui
1158 993 1275 1039 mala
1300 1004 1523 1040 contracta
1545 1012 1656 1058 pec-

269 1074 390 1122 cato,
410 1065 611 1127 quamvis
629 1076 750 1111 reatu
772 1077 1054 1128 peccatorum
1080 1083 1156 1129 per
1179 1064 1450 1128 baptismum
1471 1069 1564 1126 jam
1591 1083 1658 1111 so-

270 1135 392 1190 luto,
433 1135 541 1198 quid
579 1136 716 1182 habet
743 1137 902 1182 virium
939 1136 1059 1201 quod
1094 1136 1223 1182 aisti:
1248 1156 1268 1177 ε(
1293 1135 1339 1180 Si
1370 1136 1417 1181 in
1441 1137 1658 1200 mysteriis

273 1228 292 1247 »
318 1204 541 1251 sublatum
561 1216 621 1251 est
641 1223 768 1252 omne
790 1218 1022 1271 peccatum
1041 1244 1051 1263 ‚
1080 1217 1122 1252 et
1149 1216 1344 1252 remanet
1368 1215 1513 1253 tamen
1536 1206 1662 1253 dolor

273 1276 349 1339 qui
374 1286 523 1339 partus
549 1276 809 1324 difficultate
842 1289 1091 1338 generatur,
1126 1276 1404 1323 manifestum
1438 1289 1499 1324 est
1533 1278 1661 1324 illum

275 1347 484 1406 gemitum
509 1358 679 1394 naturae
702 1348 895 1394 indicem
915 1366 1025 1405 esse,
1050 1365 1137 1394 non
1158 1347 1330 1411 culpaeP
1348 1368 1369 1389 ³>
1389 1348 1489 1394 Hoc
1519 1349 1658 1403 enim,

275 1417 396 1480 quod
413 1417 553 1463 nullas
574 1418 777 1465 adversus
798 1437 876 1465 nos
891 1420 1024 1465 habet
1038 1419 1170 1477 vires,
1191 1436 1282 1465 non
1303 1419 1455 1482 utique
1476 1418 1639 1466 diceres
1647 1455 1660 1477 ,

277 1487 311 1532 si
334 1487 435 1533 fidei
454 1498 499 1534 tu
519 1489 588 1536 vel
609 1490 793 1536 haberes
813 1490 880 1536 vel
896 1489 1133 1536 attenderes
1151 1489 1262 1536 vires
1276 1526 1287 1546 ‚
1307 1505 1409 1553 quae
1424 1499 1544 1535 tanto
1562 1500 1666 1536 sunt

277 1558 474 1605 fortiores
492 1597 502 1616 ,
530 1571 696 1624 quanto
722 1561 856 1622 magis
882 1579 929 1607 ea
951 1577 1175 1625 speramus
1198 1577 1300 1624 quae
1316 1577 1407 1606 non
1436 1559 1660 1617 videmus,

279 1641 321 1676 et
339 1648 417 1694 per
435 1632 692 1694 patientiam
712 1633 985 1678 miseriarum
1004 1669 1015 1688 ‚
1039 1631 1362 1696 plenitudinem
1381 1630 1665 1678 beatitudinis

280 1713 572 1765 expectamus,

349 1793 369 1814 «
396 1772 480 1819 Sed
497 1774 592 1836 ipsa
607 1811 618 1830 ‚
639 1774 784 1838 inquis
799 1811 811 1832 ,
840 1775 922 1821 Dei
941 1775 1102 1832 verba,
1121 1774 1286 1839 quibus
1302 1790 1391 1820 non
1408 1774 1492 1820 ait:
1513 1772 1668 1820 Orien-

285 1853 356 1888 tur
377 1843 422 1889 in
444 1854 481 1889 te
499 1843 668 1890 dolores
685 1881 696 1900 ,
717 1855 789 1890 aut
816 1846 1031 1905 generabo
1052 1846 1137 1891 tibi
1153 1845 1336 1906 gemitus
1353 1880 1364 1901 ‚
1383 1855 1431 1890 ut
1454 1855 1554 1908 post
1577 1844 1668 1891 cul-

284 1932 387 1978 pam
407 1932 552 1960 sensus
570 1933 720 1962 eorum
730 1916 982 1963 viderentur
998 1917 1191 1970 institui3
1209 1916 1282 1962 sed
1301 1916 1361 1962 ait
1379 1934 1389 1960 :
1409 1937 1428 1957 t(
1443 1915 1669 1979 Multipli-

287 2007 308 2028 »
329 2003 432 2031 cans
457 1986 766 2049 multiplicabo
802 1988 997 2033 tristitias
1028 1998 1145 2046 tuas;
1165 2008 1184 2030 >³
1203 1986 1437 2033 ostendunt
1454 1987 1558 2051 quia
1575 1992 1670 2047 jam

288 2067 380 2102 erat
412 2056 458 2103 in
482 2057 670 2103 naturali
694 2058 884 2114 ratione,
917 2059 1037 2122 quod
1069 2076 1111 2104 se
1139 2058 1185 2105 in
1222 2057 1465 2121 peccatrice
1487 2074 1671 2121 persona

289 2142 379 2173 non
418 2127 630 2184 condere,
671 2129 745 2174 scd
778 2129 1073 2193 multiplicare
1112 2128 1333 2193 promittit
1363 2145 1374 2173 ε
1402 2149 1424 2170 »
1447 2138 1489 2173 et
1518 2127 1667 2182 addis,

289 2197 412 2261 quasi
458 2197 728 2245 definitivam
772 2200 1102 2263 generalemque
1149 2199 1405 2245 sententiam
1430 2234 1442 2254 ‚
1483 2196 1632 2243 dicens
1655 2214 1667 2242 ε

290 2290 309 2309 α
336 2268 575 2331 Nunquam
596 2270 765 2334 quippe
794 2270 1148 2334 multiplicantur
1172 2270 1254 2315 nisi
1290 2268 1503 2323 extantia3
1535 2279 1672 2314 caete-

290 2356 388 2385 rum
414 2350 647 2403 antequam
671 2342 778 2398 sint,
804 2342 896 2387 fieri
917 2342 1097 2406 quidem
1127 2340 1305 2405 proprie
1321 2377 1333 2397 ,
1357 2340 1504 2401 augeri
1529 2350 1671 2385 autem

292 2427 574 2474 praepropere
598 2423 927 2476 nuncupantur.
954 2435 974 2455 >2
1010 2413 1099 2458 Ubi
1132 2413 1326 2476 primum
1364 2429 1388 2456 a
1421 2421 1462 2456 te
1488 2426 1668 2474 quaero,

293 2480 517 2544 quomodo
551 2481 671 2528 dicas
703 2483 871 2529 dolores
911 2485 1016 2530 Evae
1035 2487 1128 2543 jam
1153 2493 1342 2529 extantes
1371 2480 1526 2536 fuisse,
1564 2497 1674 2544 quos

293 2569 496 2615 perpessa
529 2570 618 2598 non
649 2554 790 2601 fuerat
819 2573 829 2600 :
854 2555 1105 2620 quomodo,
1144 2555 1353 2619 inquam,
1375 2557 1467 2614 jam
1504 2551 1674 2598 dolores

289 2621 510 2681 babebat,
528 2641 628 2687 quae
646 2626 757 2671 nibil
783 2626 988 2673 dolebat?
1016 2627 1147 2684 Quod
1173 2627 1313 2673 sinon
1339 2626 1543 2672 extabant
1561 2623 1607 2670 in
1625 2640 1672 2669 ea
