1863 3262
340 255 402 303 58
749 268 784 298 s.
827 265 1070 297 Aususrnu
1105 265 1307 296 muscosi

338 357 360 378 »
378 336 469 381 mul
493 349 595 380 cum
621 332 832 393 agricola,
867 344 908 378 et
928 332 1100 377 tolletur
1131 331 1175 376 in
1200 349 1353 392 grege3
1382 332 1592 396 quoniam
1619 333 1715 379 ine-

337 405 517 452 »briavi
557 421 727 449 omnem
759 405 949 449 animam
979 403 1218 457 sitientem,
1248 414 1290 448 et
1320 421 1492 449 omnem
1524 405 1716 450 animam

340 500 361 520 ›>
385 477 640 523 esurientem
673 475 840 521 satiavi.
880 477 1065 537 Propter
1087 473 1175 519 lioc
1197 475 1388 520 exurrexi
1408 510 1420 530 ‚
1468 486 1507 521 et
1530 475 1622 522 vidi
1643 513 1654 528 ,
1676 485 1718 521 et

341 570 363 591 »
384 563 560 593 somnus
584 563 702 592 meus
720 545 860 591 dulcis
875 545 986 590 mihi
1006 544 1145 590 factus
1162 556 1237 591 est.
1257 546 1491 609 Propterea
1513 563 1611 592 ecce
1628 545 1719 592 dies

341 640 362 661 »
381 618 563 664 veniunt
579 655 589 673 ,
620 617 729 663 (licit
762 616 999 671 Dominus,
1027 626 1068 660 et
1092 616 1315 661 seminabo
1349 617 1484 662 Israel
1511 627 1553 662 et
1571 616 1685 662 Juda
1701 654 1712 672 ‚

341 711 363 732 κ
385 706 527 734 semen
547 688 739 733 hominis
764 697 806 732 et
821 704 962 732 semen
983 686 1167 749 pecoris.
1192 688 1243 731 Et
1263 687 1342 731 erit
1358 687 1471 732 sicut
1485 686 1718 746 vigilabam

340 782 364 803 »
384 777 514 823 super
533 776 603 804 eos
627 758 842 821 deponere
872 768 914 802 et
943 757 1131 818 affligere
1148 794 1158 812 ‚
1185 757 1245 802 ita
1269 757 1460 816 vigilabo
1484 775 1615 821 super
1649 775 1720 803 eos

341 853 363 874 >³
388 831 605 877 aedificare
634 841 676 875 et
699 829 1000 893 complantare
1023 866 1034 885 ,
1077 828 1187 874 dicit
1217 829 1444 875 Dominus.
1484 829 1536 874 ln
1567 829 1722 875 diebus

339 902 464 947 »illis
502 919 590 946 non
626 901 804 956 dicent,
843 902 994 946 Patres
1028 901 1404 946 manducaverunt
1440 916 1570 945 uvam
1598 918 1721 946 acer-

341 994 363 1015 »
387 974 515 1028 bam,
542 983 583 1017 et
611 972 758 1018 dentes
789 972 983 1017 filiorum
1009 972 1334 1036 obstupuerunt
1358 989 1368 1016 ε
1400 970 1472 1017 sed
1492 971 1722 1034 unusquis-

341 1065 365 1087 »
388 1061 471 1106 que
491 1044 536 1089 in
557 1060 632 1088 suo
659 1054 841 1106 peccato
866 1043 1076 1088 morietur
1093 1081 1104 1101 ,
1128 1055 1169 1089 et
1186 1047 1277 1103 ers
1297 1043 1374 1106 qui
1392 1041 1722 1088 manducaverit

340 1134 364 1156 »
386 1130 515 1158 uvam
543 1114 744 1158 acerbam
762 1149 772 1169 ‚
799 1113 1105 1175 obstupebunt
1131 1113 1280 1159 dentes
1310 1112 1488 1176 ipsius&
1515 1114 1722 1176 »Nempe

339 1183 617 1230 manifestum
638 1195 700 1228 est
719 1184 806 1229 boc
831 1183 884 1228 ad
911 1183 1000 1229 dies
1023 1186 1241 1247 pertinere
1257 1184 1540 1247 plantationis
1564 1200 1689 1229 novae
1708 1220 1719 1239 ‚

341 1256 395 1300 de
413 1272 498 1318 qua
516 1292 526 1310 ‚
551 1265 598 1299 ut
622 1255 708 1300 hoc
731 1255 895 1300 diceret
915 1292 924 1310 ‚
948 1255 1213 1319 loquebatur
1239 1274 1250 1300 ι
1285 1255 1363 1301 ubi
1384 1266 1425 1300 et
1446 1255 1556 1300 illud
1581 1271 1722 1300 semen

335 1325 527 1371 hominis
544 1335 584 1370 et
601 1342 741 1370 semen
764 1325 935 1387 pecoris
957 1326 1077 1388 quod
1095 1345 1136 1372 se
1158 1330 1276 1372 Deus
1299 1326 1615 1370 seminaturum
1635 1342 1723 1370 esse

339 1396 558 1460 promisit,
581 1395 833 1457 spiritaliter
856 1395 1124 1441 intellectum
1148 1433 1158 1452 ‚
1180 1414 1250 1441 eos
1270 1396 1347 1459 qui
1371 1405 1570 1458 praesunt
1592 1405 1633 1440 et
1652 1411 1723 1440 eos

338 1467 415 1530 qui
449 1476 686 1525 reguntur,
714 1466 820 1510 facit
845 1467 1033 1525 agnosci.
1063 1467 1147 1512 Sed
1182 1467 1284 1530 quia
1315 1466 1604 1511 inveteratum
1633 1476 1724 1511 erat

338 1536 383 1583 in
406 1536 614 1581 cordibus
630 1536 808 1599 populi,
832 1537 1047 1599 scriptum
1074 1555 1160 1583 esse
1178 1538 1223 1582 in
1241 1537 1392 1582 Vetere
1413 1538 1690 1582 Testamento
1709 1556 1720 1590 3

339 1607 585 1652 «Reddam
619 1617 800 1670 peccata
838 1618 1016 1670 patrum
1050 1608 1093 1653 in
1130 1607 1275 1653 filios2
1302 1624 1314 1651 t
1339 1627 1359 1648 >³
1401 1623 1454 1652 ne
1491 1607 1724 1670 quisquam

342 1678 619 1741 Scripturam
643 1678 721 1722 Dei
741 1695 984 1740 repugnare
1009 1678 1091 1724 sibi
1116 1679 1404 1723 arbitraretur
1422 1714 1432 1728 ,
1460 1688 1508 1722 ut
1533 1677 1724 1739 apertius

339 1749 599 1800 ostenderet,
616 1748 726 1794 illud
739 1749 900 1805 Veteri,
925 1750 1013 1794 hoc
1031 1750 1154 1795 ‘Novo
1169 1765 1407 1808 congruere
1425 1749 1718 1804 'l'estament0‚

338 1820 546 1866 continuo
583 1820 840 1879 subjunxit,
880 1842 894 1860 (ι
928 1820 1039 1865 Ecce
1066 1821 1155 1866 dies
1185 1821 1367 1866 veniunt
1390 1856 1401 1874 ‚
1428 1818 1537 1864 dicit
1565 1820 1721 1865 Domi-

337 1911 361 1934 »
379 1908 479 1945 nus,
507 1901 547 1936 et
574 1891 892 1936 consummabo
920 1891 1070 1936 domui
1095 1891 1231 1937 lsrael
1249 1902 1292 1936 et
1314 1890 1467 1935 domui
1487 1889 1602 1935 Juda
1623 1892 1722 1936 Tes—

337 1982 357 2004 n
384 1972 623 2006 tamentum
646 1962 838 2016 Novum,
860 1979 948 2006 non
973 1962 1216 2008 secundum
1245 1963 1569 2007 Testamentum
1601 1961 1722 2024 quod

337 2054 357 2075 n
376 2031 571 2095 disposui
604 2031 807 2094 patribus
842 2049 992 2077 eorum
1010 2070 1020 2088 ‚
1055 2033 1099 2077 in
1119 2033 1189 2078 die
1213 2049 1299 2095 qua
1325 2031 1597 2094 apprehendi
1624 2049 1721 2076 ma-

335 2123 356 2144 »
375 2119 481 2147 num
507 2118 676 2154 eorum,
709 2112 756 2146 ut
781 2101 1007 2147 educerem
1033 2120 1102 2147 eos
1120 2102 1173 2147 de
1198 2112 1308 2148 terra
1328 2101 1522 2163 AEgypti‚
1544 2112 1626 2148 ete.
1647 2101 1679 2148 3.
1703 2124 1722 2143 η

337 2172 404 2218 Ad
425 2171 533 2217 illud
568 2171 700 2231 igitur
721 2172 1046 2217 Testamentum
1070 2173 1285 2232 generatio
1317 2172 1504 2235 pertinet
1521 2209 1532 2225 ,
1557 2171 1612 2217 ad
1632 2172 1718 2218 hoc

337 2254 481 2289 autem
504 2242 768 2300 regeneratio
790 2239 941 2287 :unde
969 2243 1034 2288 ibi
1064 2254 1244 2306 peccata
1265 2254 1442 2306 patrum
1472 2242 1719 2288 redduntur

336 2314 381 2359 in
407 2313 517 2358 filios
534 2349 544 2368 ,
576 2313 650 2358 hic
675 2329 775 2358 vero
810 2314 1096 2373 generationis
1119 2314 1295 2360 vinculo
1321 2331 1400 2377 per
1427 2314 1718 2373 regeneratio-

336 2401 435 2430 nem
460 2384 626 2439 soluto,
654 2400 740 2428 non
762 2383 927 2429 dicitur
943 2422 953 2435 ,
979 2406 998 2425 «
1019 2385 1168 2429 Patres
1186 2385 1563 2430 manducaverunt
1586 2402 1716 2430 uvam

333 2476 354 2496 »
375 2455 579 2500 acerbam
599 2492 610 2511 ,
645 2464 688 2500 et
712 2455 859 2501 dentes
892 2455 1085 2501 filiorum
1121 2455 1476 2520 obstupuerunt3
1513 2456 1586 2502 sed
1622 2460 1714 2516 eJ‘us

379 2552 390 2575 ¹
411 2554 533 2585 Jerem.
550 2563 638 2592 xxm,
658 2566 714 2588 21.
735 2555 774 2587 ad
791 2553 989 2601 fiuemjuxta
1006 2565 1086 2599 mxx,
1108 2566 1180 2600 cap.
1197 2567 1336 2590 xxxvm.
1357 2574 1402 2581 —-
1421 2554 1437 2578 2
1450 2558 1545 2590 Deut.
1563 2566 1593 2596 v,
1617 2567 1651 2598 9.
1671 2574 1717 2581 —

336 2607 350 2631 3
362 2611 482 2642 Jerem.
497 2620 588 2652 xxxi,
606 2611 623 2640 3
635 2620 645 2640 1
656 2636 663 2650 ,
682 2611 735 2641 32.
