1863 3262
295 255 380 301 156
691 270 726 300 5.
771 268 1014 302 Aneusrim
1049 272 1252 304 EPISCOPI

290 334 363 380 lici
383 333 570 398 pectoris
597 333 714 381 dicta
745 348 871 392 sunt;
896 340 989 397 jam
1008 350 1189 402 propter
1206 339 1324 404 quod
1353 358 1399 387 ea
1421 341 1555 396 dixit,
1583 344 1661 387 Pe·

287 404 455 463 lagiana
480 416 521 450 ct
544 406 802 452 Coelestiana
837 408 1011 453 liaeresis
1030 446 1040 465 ,
1072 409 1226 474 incipit
1257 412 1491 458 introduci.
1531 412 1662 457 Nam-

287 491 372 536 que
401 475 572 521 attende
609 477 716 540 quid
749 478 954 540 sequitur.
995 500 1015 520 α
1052 480 1136 526 Hic
1175 480 1317 527 denuo
1356 493 1502 527 nostra
1544 481 1663 527 dicta

289 543 579 604 subjungit1·
570 582 579 591 .
622 567 638 587 o
679 547 798 603 Quid
837 564 936 606 ergo
966 565 1092 594 suum
1131 549 1331 596 diabolus
1368 551 1590 611 eoonoscit
1618 551 1664 596 in

289 614 490 663 sexibus
519 633 597 678 pei
629 617 747 679 quod
770 616 963 663 {ructum
994 636 1142 665 eorum
1161 624 1259 680 jure
1290 622 1549 684 possideat?
1580 621 1664 667 Di-

289 683 532 730 versitatem
548 689 565 731 P
589 686 673 731 Sed
697 686 831 732 haec
819 706 864 733 in
883 689 1142 752 corporibus
1163 701 1223 735 est
1246 708 1383 754 ,quae
1408 693 1523 738 Deus
1544 691 1658 737 fecit.

290 754 677 802 Commixtionem
668 760 686 788 ‘³
723 758 795 803 sed
822 776 908 804 non
933 760 1078 804 minus
1102 727 1416 806 benedictionis
1443 779 1576 825 quam
1601 761 1666 807 in-

290 825 525 871 stitutionis
567 827 794 890 privilegio
843 828 1106 876 vindicatur.
1154 830 1246 875 Vox
1295 830 1408 875 enim
1456 832 1533 876 Dei
1570 841 1663 886 est,

290 917 310 937 «
333 896 569 960 Relinquet
586 899 719 944 homo
738 909 905 962 patrem
926 911 966 945 et
981 911 1180 956 matrem,
1203 912 1244 947 et
1261 901 1508 948 adhaerebit
1524 902 1664 959 uxori,

290 989 310 1009 ›>
331 978 372 1013 et
392 979 519 1013 erunt
553 968 639 1014 duo
674 970 718 1015 in
744 987 873 1015 carne
902 970 1057 1015 una1.»
1084 972 1174 1017 Vox
1199 972 1278 1017 Dei
1303 983 1391 1030 est,
1418 994 1436 1014 «
1458 972 1664 1027 Crescite,

291 1060 311 1079 ›>
332 1049 373 1083 et
389 1038 760 1101 multiplicamini,
791 1052 832 1086 et
857 1041 1017 1104 replete
1043 1042 1247 1088 terram2.
1267 1063 1287 1083 »
1314 1044 1380 1088 An
1398 1042 1508 1087 forte
1528 1043 1669 1105 ipsam

288 1107 621 1154 foecunditatem
640 1112 658 1155 ἱ)
677 1110 747 1155 sed
773 1111 865 1173 ipsa
886 1121 948 1155 est
968 1110 1159 1156 instituti
1179 1128 1305 1156 causa
1329 1112 1539 1172 conjugii.
1564 1133 1583 1153 <‹
1602 1111 1671 1158 Ad

290 1177 410 1241 quod
451 1179 703 1242 respondit,
745 1181 847 1244 quia
888 1197 967 1226 nec
1001 1180 1292 1226 diversitatem
1336 1199 1513 1228 sexuum
1537 1219 1547 1233 ,
1593 1199 1673 1228 nec

295 1248 660 1305 commixtionem,
683 1268 762 1296 nec
781 1250 1117 1296 foecunditatem
1141 1251 1343 1298 diabolus
1377 1262 1610 1311 cognoscat
1626 1255 1673 1297 in

294 1318 460 1364 sexibus
482 1356 492 1375 ,
530 1336 608 1382 per
632 1320 750 1383 quod
785 1321 981 1366 fructum
1018 1338 1168 1367 eorum
1196 1324 1296 1382 jure
1324 1322 1571 1385 possideat:
1600 1321 1673 1367 sed

295 1389 362 1433 his
397 1390 600 1435 omnibus
636 1391 845 1436 absolutis
867 1392 1033 1436 invenit
1058 1392 1176 1469 quod
1202 1391 1380 1437 diabolo
1410 1392 1640 1455 deputaret
1660 1429 1671 1446 ,

294 1460 854 1522 nostramquehonestatem
881 1462 1056 1506 nomine
1077 1472 1245 1507 tlmorls
1257 1472 1431 1507 incessit
1440 1463 1535 1526 ,qui
1563 1463 1676 1508 inter

296 1539 358 1574 tot
396 1546 634 1592 corporum
669 1548 934 1609 sexuumque
971 1548 1152 1577 muneia
1197 1531 1322 1577 veriti
1363 1532 1495 1578 simus
1536 1532 1678 1578 carnis

297 1600 697 1664 concupiscentiam
733 1601 971 1648 nominare.
1013 1602 1085 1647 Sic
1117 1619 1218 1662 ergo
1245 1601 1472 1648 adversum
1503 1620 1572 1648 me
1594 1621 1679 1666 pa-

298 1680 424 1716 trono
445 1688 522 1716 suo
538 1671 765 1736 loquitur:
795 1695 814 1714 υ
839 1672 924 1719 Sed
951 1673 1087 1718 istein
1109 1673 1179 1718 bis
1206 1672 1411 1718 omnibus
1434 1673 1574 1719 noluit
1596 1691 1679 1719 no-

297 1743 462 1787 minare
489 1743 889 1806 concupiscentiam
928 1744 1098 1800 carnis,
1130 1760 1231 1806 quae
1263 1760 1351 1788 non
1375 1754 1437 1788 est
1471 1762 1493 1788 a
1522 1748 1676 1799 Patre,

300 1811 372 1857 sed
397 1829 442 1856 ex
470 1812 634 1858 mundo
655 1824 716 1858 est
737 1833 748 1867 3
775 1817 902 1873 cujus
928 1812 1083 1859 mundi
1106 1813 1311 1876 princeps
1336 1812 1480 1859 dictus
1502 1825 1564 1859 est
1580 1813 1680 1859 dia-

301 1881 458 1927 bolus:
486 1882 564 1945 qui
591 1900 685 1929 eam
711 1884 755 1929 in
784 1883 974 1929 Domino
998 1900 1085 1928 non
1119 1882 1316 1938 invenit,
1338 1883 1440 1946 quia
1470 1883 1684 1928 Dominus

301 1953 437 1998 bomo
462 1970 549 1998 non
573 1971 651 2017 per
671 1955 810 2018 ipsam
830 1954 884 2000 ad
909 1954 1107 2000 homines
1126 1953 1256 2000 venit.
1281 1953 1407 1999 Unde
1430 1953 1539 1999 dicit
1554 1954 1684 1999 etiam

303 2023 394 2086 ipse
410 2060 420 2078 ,
451 2045 467 2061 «
487 2024 600 2069 Ecce
628 2025 746 2070 venit
768 2025 974 2088 princeps
1004 2023 1159 2069 mundi
1186 2023 1319 2082 hujus
1336 2060 1346 2078 ,
1368 2033 1408 2068 et
1426 2023 1469 2068 in
1489 2041 1557 2069 me
1576 2023 1692 2069 nihil

305 2114 325 2133 ›>
342 2093 562 2138 inveniet—⁹³
582 2111 592 2138 :
618 2115 638 2135 >2
662 2094 774 2139 nihil
807 2095 956 2156 utique
982 2094 1170 2157 peccati,
1195 2110 1274 2138 nec
1295 2093 1416 2156 quod
1437 2111 1458 2138 a
1482 2103 1686 2139 nascente

305 2160 518 2217 trabitur,
548 2179 628 2208 nec
666 2163 784 2226 quod
809 2181 832 2208 a
856 2163 1027 2209 vivente
1061 2161 1249 2209 additur.
1290 2162 1416 2209 Hanc
1439 2162 1518 2208 iste
1545 2162 1688 2208 noluit

303 2231 527 2278 nominare
549 2233 594 2278 in
615 2233 685 2278 his
708 2233 937 2289 omnibus,
965 2249 1067 2296 quae
1091 2233 1481 2289 commemoravit,
1503 2244 1687 2279 natura-

307 2303 422 2349 libus
447 2303 596 2359 bonis,
624 2303 679 2349 de
716 2320 803 2367 qua
836 2303 966 2349 etiam
997 2302 1167 2365 nuptiae
1194 2302 1529 2349 confunduntur
1548 2340 1558 2360 ‚
1588 2319 1688 2367 quae

309 2373 363 2419 de
386 2374 452 2419 his
488 2373 692 2419 omnibus
725 2374 980 2433 gloriantur.
1009 2373 1119 2418 Nam
1144 2389 1278 2436 quare
1304 2372 1414 2419 illud
1440 2390 1552 2437 opus
1579 2390 1689 2419 con-

302 2448 554 2506 J'ugatorum
577 2444 855 2492 subtrahitur
873 2455 915 2490 et
940 2443 1226 2490 absconditur
1253 2443 1382 2490 etiam
1403 2444 1542 2491 oculis
1571 2444 1689 2490 filio-

360 2547 368 2565 ¹
391 2545 497 2577 Verba
526 2545 662 2578 Juliani.
683 2544 756 2570 -2
772 2547 854 2579 Gen.
877 2556 918 2587 11,
939 2551 981 2582 ²4
997 2568 1005 2582 ‚
1039 2549 1070 2577 et
1090 2543 1209 2578 March.
1238 2553 1306 2583 xxx,
1325 2545 1357 2576 5.
1375 2562 1422 2570 —
1436 2540 1451 2566 3
1470 2545 1553 2576 Gen.
1574 2554 1603 2582 ι,
1624 2543 1681 2575 18.

312 2616 355 2623 -
370 2595 384 2622 ⁴
399 2601 494 2633 Joan.
517 2609 585 2638 Χιν,
599 2601 650 2630 30.
