1824 3236
200 295 355 326 opums
392 290 653 326 turm-,rnen
691 290 864 321 CONTRA
901 292 1149 333 σικιῐΛΝιιΜ,
1190 295 1275 325 mr..
1321 296 1379 326 vt.
1432 280 1521 345 5¹7

149 360 295 408 lierem
312 400 322 420 ,
343 362 416 408 sed
440 360 594 406 mulier
618 368 799 421 propter
823 359 1010 406 virum&
1040 361 1084 406 Si
1116 378 1215 420 crgo
1238 379 1286 408 ca
1294 375 1374 425 put
1397 380 1522 410 suum

149 448 344 493 congruo
380 431 547 496 pudore
582 439 826 484 veneretur,
864 441 1033 476 naturae
1071 431 1266 477 instituta
1305 435 1522 490 custodit,

149 520 235 549 non
268 502 438 567 peccati
471 510 688 546 tormenta
713 501 980 563 perpetitur;
1005 501 1076 546 cui
1110 501 1253 547 ordini
1279 503 1312 548 si
1337 505 1523 551 resulta-

149 574 282 630 verit,
308 591 381 620 rea
400 582 475 619 cst.
503 571 600 618 Non
619 580 679 615 cst
703 587 802 631 ergo
829 571 875 616 in
901 571 1069 617 miseria
1095 571 1262 618 functio
1286 573 1343 619 rei
1365 611 1375 630 ,
1400 579 1525 635 cujus

148 644 368 703 neglectus
387 643 434 688 in
458 658 566 687 noxa
591 651 665 687 est.
694 662 715 682 »

212 717 330 761 AUG.
372 713 578 760 Dolorem
599 711 798 776 pariendi
821 728 999 775 poenam
1021 712 1206 759 dicimus
1230 732 1316 760 esse
1333 717 1518 778 pcecati.

149 783 320 830 Scimus
351 783 466 829 enim
499 782 586 828 hoc
627 783 766 828 Deum
793 782 884 828 sine
908 783 998 828 ulla
1036 783 1317 843 ambiguitate
1339 784 1492 832 dixisse
1511 824 1521 837 .

146 870 226 900 nec
252 853 402 900 dixisse
419 853 501 900 nisi
517 852 860 916 praevaricatrici
883 853 946 899 sui
974 853 1168 900 mandati
1187 890 1199 910 ,
1222 871 1301 900 nec
1322 855 1381 901 ob
1407 856 1526 902 aliud

146 923 298 971 dixisse
312 961 325 981 ,
350 923 432 970 nisi
470 923 573 986 quia
608 923 875 970 irascebatur
906 941 1032 970 suum
1065 925 1402 989 praevaricatum
1441 943 1527 972 esse

146 995 419 1041 mandatum.
451 993 537 1040 Sed
560 994 676 1040 hanc
693 996 800 1041 iram
819 994 898 1041 Dei
913 1005 1019 1044 uttu
1032 996 1268 1042 exinanires
1286 1007 1328 1044 et
1339 996 1526 1044 frustra-

146 1082 212 1111 res
228 1102 239 1122 ‚
261 1064 404 1111 dixisti
425 1080 562 1129 usque
582 1064 687 1111 adeo
707 1082 887 1129 poenam
904 1066 1030 1113 istam
1050 1083 1139 1112 non
1154 1083 1241 1113 esse
1258 1068 1426 1131 peccati
1441 1105 1453 1124 ‚
1478 1079 1526 1114 ut

147 1135 350 1182 animalia
364 1151 552 1200 quorum
575 1135 696 1182 nulla
716 1148 896 1200 peccata
911 1148 1011 1183 sunt
1027 1174 1038 1194 ,
1069 1138 1251 1198 gemitus
1270 1138 1527 1199 hujusmodi

145 1207 190 1253 in
208 1217 340 1271 partu
363 1206 620 1270 doloresque
645 1207 884 1271 patiantur.
910 1209 1010 1255 Non
1027 1208 1205 1272 quidem
1223 1209 1304 1254 tibi
1325 1209 1525 1255 dixerunt

146 1277 348 1324 animalia
364 1315 375 1334 ,
394 1289 544 1324 utrum
559 1278 631 1324 ille
647 1279 830 1338 gemitus
848 1279 902 1325 sit
915 1280 1164 1326 canentium
1177 1279 1242 1326 vel
1263 1279 1519 1328 dolentium.

146 1347 347 1394 Gallinas
362 1365 463 1394 sane
481 1348 700 1411 parituras
714 1385 725 1404 ‚
746 1348 970 1396 similiores
988 1366 1073 1396 esse
1093 1349 1374 1397 cantantibus
1392 1367 1527 1414 quam

145 1418 396 1464 dolentibus
413 1418 629 1464 cernimus
646 1439 658 1472 3
678 1429 779 1482 post
798 1430 977 1483 partum
994 1437 1096 1467 vero
1114 1420 1219 1466 tales
1235 1437 1362 1467 voces
1378 1421 1522 1471 edere,

146 1488 293 1553 quales
317 1489 364 1534 in
396 1488 629 1535 formidine
653 1502 918 1536 consuerunt
941 1508 952 1535 :
974 1507 1107 1554 porro
1133 1507 1234 1536 cum
1264 1491 1444 1554 pariunt
1479 1491 1524 1537 in

145 1575 316 1606 summo
337 1576 424 1605 esse
444 1559 636 1615 silenti0‚
663 1560 776 1605 sicut
804 1560 1057 1617 columbas,
1080 1571 1123 1606 et
1143 1561 1247 1607 alias
1273 1578 1370 1607 aves
1390 1599 1400 1618 ‚
1423 1578 1525 1625 quae

145 1629 472 1677 advertentibus
490 1630 781 1678 innotescunt.
793 1631 903 1687 Quis
921 1647 1020 1691 ergo
1036 1632 1173 1677 movit
1186 1641 1305 1677 muta
1323 1633 1525 1678 animan-

146 1701 228 1759 tia,
255 1718 356 1765 quae
375 1701 482 1765 quid
506 1701 551 1746 in
573 1718 615 1747 se
639 1711 794 1762 agatur
819 1701 1011 1748 indicare
1033 1719 1120 1748 non
1143 1712 1350 1765 possunt,
1374 1713 1523 1748 utrum

147 1781 341 1835 tempore
363 1771 564 1837 pariendi
583 1787 732 1818 eorum
760 1782 902 1818 motus
925 1783 967 1818 et
990 1789 1120 1818 sonus
1144 1789 1232 1818 non
1251 1772 1389 1818 solum
1410 1772 1523 1818 nihil

144 1841 332 1899 doloris,
363 1842 438 1889 sed
476 1842 640 1888 habeat
671 1842 838 1906 aliquid
867 1843 996 1889 etiam
1016 1843 1283 1907 voluptatis?
1310 1842 1395 1888 Sed
1415 1843 1524 1908 quid

145 1912 256 1958 mihi
279 1923 342 1959 est
361 1912 406 1958 in
434 1912 526 1958 'hac
559 1928 605 1958 re
636 1912 820 1958 scrutari
846 1913 1032 1959 obscura
1068 1923 1262 1969 naturae,
1295 1929 1397 1959 cum
1422 1912 1523 1959 inde

145 1993 292 2029 nostra
310 1999 439 2029 causa
454 1999 543 2028 non
558 1982 774 2046 pendeat?
796 1984 979 2030 Prorsus
997 1984 1031 2029 si
1049 1994 1169 2030 muta
1193 1983 1394 2031 animalia
1411 1984 1525 2030 nihil

145 2052 308 2100 doloris
344 2054 574 2118 patiuntur
604 2053 650 2100 in
682 2065 836 2117 partu,
872 2066 1174 2116 argumentum
1206 2067 1328 2102 tuum
1353 2055 1524 2101 nullum

145 2128 235 2172 est?
260 2125 296 2171 si
322 2135 467 2171 autem
488 2124 717 2188 patiuntur
744 2162 755 2181 ‚
782 2143 830 2171 ea
850 2125 943 2189 ipsa
959 2143 1093 2189 poena
1115 2137 1177 2172 est
1193 2126 1393 2186 imaginis
1412 2126 1518 2180 Dei,

144 2195 387 2243 conditioni
426 2212 637 2260 pecorum
679 2199 924 2260 comparari
943 2217 955 2251 ;
995 2215 1128 2262 poena
1161 2214 1294 2261 porro
1325 2197 1524 2258 imaginis

147 2267 253 2323 Dei,
275 2267 358 2313 nisi
380 2266 512 2330 culpa
534 2267 824 2330 praecederet,
845 2271 960 2328 justa
979 2285 1065 2314 esse
1086 2285 1175 2314 non
1199 2278 1353 2331 posset.

213 2337 331 2383 Illud
356 2347 501 2383 autem
528 2337 641 2383 absit
674 2348 723 2384 ut
755 2338 899 2385 dicam
918 2376 928 2396 ,
957 2339 1077 2402 quod
1116 2350 1322 2403 tanquam
1348 2338 1491 2385 dicam
1510 2376 1520 2395 ,

146 2407 432 2454 refellendum
455 2409 643 2471 putasti,
666 2426 755 2455 non
781 2426 859 2455 suo
878 2447 888 2465 ‚
913 2410 987 2456 sed
1017 2410 1227 2456 nascentis
1250 2410 1405 2456 merito
1427 2427 1524 2456 ma-

146 2489 258 2524 trem
271 2478 416 2524 dolere
435 2495 535 2524 cum
561 2479 778 2542 parturit,
806 2491 848 2526 et
865 2480 961 2526 ideo
978 2481 1107 2526 etiam
1127 2480 1312 2527 dimissis
1334 2482 1524 2545 peccatis

148 2549 294 2596 fideles
308 2549 453 2596 dolere
465 2561 641 2612 urgente
659 2553 909 2599 necessitate
921 2551 1132 2616 pariendi.
1163 2552 1303 2611 Absit,
1322 2553 1520 2617 inquam,

196 2634 207 2656 ¹
235 2643 247 2664 1
265 2635 341 2669 Cor.
361 2645 408 2675 xr,
427 2645 460 2676 9.
