1824 3236
327 306 418 367 572
749 323 782 352 5.
829 322 1073 355 Aususrlm
1111 325 1314 355 Episcom

325 385 411 431 hoc
447 385 637 431 induerit
678 386 1069 451 incorruptionem,
1115 401 1155 435 et
1196 392 1376 437 mortale
1402 391 1488 438 hoc
1517 391 1711 438 induerit

333 456 704 502 immortalitatem
734 457 766 504 4.
815 459 944 514 Quod
990 461 1144 524 procul
1171 461 1308 507 dubio
1333 462 1385 507 de
1423 463 1711 508 resurectione

328 527 524 590 corporis
547 545 648 591 quae
675 538 777 574 tunc
800 530 897 585 erit,
946 542 1097 576 contra
1141 543 1323 576 mortem
1373 533 1569 595 corporis
1609 549 1710 595 quae

326 614 444 642 nunc
467 608 544 652 est,
584 598 752 644 dictum
781 617 866 645 esse
887 601 1190 663 perspicimus.
1219 605 1500 665 Quapropter
1522 603 1554 646 si
1599 620 1712 647 mors

327 677 488 712 aeteiwni
517 685 617 731 quae
658 686 886 748 nunquam
932 670 1036 717 fuit.
1084 689 1170 716 non
1208 682 1351 734 potest
1377 683 1480 717 tunc
1528 672 1708 728 d<stiui‚

326 738 506 801 quando
529 757 568 784 es
573 757 613 784 se
634 741 779 803 potius
802 741 978 803 incipit
1008 759 1086 787 nec
1109 760 1243 806 unqu
1234 760 1300 787 im
1328 742 1590 795 destinetur
1609 743 1712 806 quia

327 825 497 872 semper
520 811 625 864 eiit3
656 822 785 856 restat
812 822 859 856 ut
878 812 955 856 ista
979 829 1052 875 qu
1043 830 1078 857 e
1104 830 1220 858 nunc
1239 824 1318 864 est
1348 813 1439 876 ipsa
1464 814 1711 869 novissima,

327 878 413 924 ho(
438 891 517 936 est,
554 880 597 925 in
634 882 719 926 sim
762 882 1246 946 destinatu1.quando
1296 884 1368 929 fiet
1403 884 1713 929 resurrectione

327 949 469 994 carnis
495 961 542 995 ut
565 968 652 995 non
673 952 740 997 sit.
770 953 905 997 Porro
931 953 1105 999 inimica
1131 953 1352 1016 quomodo
1376 963 1498 1009 esset,
1523 953 1554 998 si
1579 964 1712 998 natu-

326 1019 501 1065 ralisita
539 1031 644 1066 esset
684 1032 730 1067 ut
752 1023 940 1084 poenalis
967 1041 1051 1068 non
1077 1028 1210 1069 essetf)
1235 1024 1429 1070 Poenaiis
1464 1035 1604 1069 autem
1627 1024 1710 1069 sub

320 1091 439 1148 justo
485 1102 525 1136 et
555 1092 855 1155 omnipotente
880 1093 1031 1153 judice
1062 1094 1181 1139 nullo
1204 1104 1334 1157 pacto
1361 1105 1484 1150 esset,
1513 1094 1591 1140 nisi
1619 1111 1712 1139 me-

326 1159 600 1224 ritispeccati
628 1163 868 1208 accidisset.
903 1164 998 1209 darn
1022 1165 1196 1209 tandem
1218 1181 1386 1210 sensum
1412 1174 1556 1219 tuum,
1583 1181 1712 1224 roga-

327 1248 440 1287 mus,
469 1233 681 1279 emenda?
704 1244 746 1279 et
765 1233 1018 1297 paradisum
1046 1235 1294 1291 beatorum,
1324 1251 1452 1298 quem
1472 1234 1604 1298 ponis
1627 1235 1712 1298 ho-

327 1302 495 1348 minum
520 1305 910 1361 contaminaveras,
938 1306 1120 1352 munda.

392 1375 490 1419 Dici
527 1386 670 1421 autem
697 1394 785 1422 non
804 1387 964 1440 potest,
996 1388 1212 1441 quantum
1239 1377 1349 1422 mihi
1371 1376 1565 1441 placeat,
1591 1376 1711 1440 quod

324 1443 501 1490 dixisti:
532 1467 551 1486 «
581 1447 631 1491 In
669 1464 801 1507 regno
838 1447 1054 1493 coelorum
1088 1448 1288 1493 futurum
1324 1465 1433 1504 esse,
1458 1458 1506 1492 ut
1527 1448 1712 1493 extincta

323 1516 441 1561 omni
467 1516 708 1580 cupiditate
730 1517 964 1581 culparum
981 1556 990 1574 ‚
1017 1519 1134 1564 Deus
1154 1528 1196 1564 et
1221 1518 1443 1563 contineat
1470 1529 1651 1563 cunctos
1672 1528 1713 1563 et

326 1588 559 1650 compleat.
590 1589 628 1634 Ο
660 1589 826 1634 utinam
856 1600 943 1635 tuae
963 1589 1097 1649 hujus
1124 1589 1346 1634 sententiae
1371 1588 1711 1634 commonitione

326 1661 366 1697 te
380 1653 591 1713 corrigas,
609 1663 650 1698 et
663 1654 952 1717 cupiditatem
973 1655 1226 1718 culparum,
1246 1671 1345 1718 quae
1364 1654 1406 1699 in
1427 1671 1556 1700 carne
1571 1664 1717 1699 nostra

326 1740 463 1778 nunc,
485 1724 615 1769 etiam
651 1726 862 1780 coercita,
891 1725 1018 1771 nobis
1038 1742 1285 1788 repugnare
1308 1742 1395 1770 non
1416 1725 1591 1780 desinit,
1611 1735 1715 1770 tunc

324 1811 444 1850 vero,
477 1805 525 1840 ut
545 1795 783 1841 rectissime
804 1797 1023 1842 confiteris
1051 1797 1234 1841 extincta
1251 1795 1370 1841 nulla
1389 1796 1485 1851 erit,
1508 1800 1599 1855 jam
1625 1813 1712 1842 non

323 1875 364 1910 te
389 1865 524 1910 libeat
547 1865 727 1912 laudare
742 1877 789 1912 ut
805 1867 982 1931 aliquod
1002 1868 1189 1921 bonum,
1212 1866 1283 1912 sed
1310 1877 1358 1912 ut
1384 1867 1544 1912 malum
1568 1867 1714 1930 potius

330 1952 545 1983 accusare.
584 1938 684 2001 Ipsa
719 1948 780 1984 est
801 1940 914 1984 enim
944 1949 1017 1984 tua
1041 1938 1113 1984 illa
1132 1948 1349 2001 suscepta,
1377 1954 1465 2001 qua
1482 1955 1583 1983 caro
1604 1955 1714 1984 con-

323 2008 512 2071 cupiscit
538 2008 743 2055 adversus
766 2010 969 2074 spiritum
988 2011 1006 2038 2
1030 2047 1039 2064 ‚
1068 2020 1116 2055 ut
1134 2026 1301 2055 necesse
1320 2010 1372 2054 sit
1390 2009 1516 2055 etiam
1542 2009 1714 2073 spiritui

324 2078 528 2124 adversus
560 2096 735 2126 carnem
775 2081 1125 2145 concupisscere,
1168 2098 1220 2126 ne
1253 2080 1555 2126 committatur
1598 2080 1714 2126 unde

325 2150 461 2195 homo
486 2149 732 2199 damnetur.
773 2152 905 2208 Quod
931 2151 1163 2197 discordiae
1187 2149 1368 2206 malum,
1392 2151 1453 2196 rei
1488 2150 1713 2214 utriusque

323 2222 454 2267 bonae
477 2232 557 2267 eta
585 2224 676 2268 Deo
697 2223 815 2268 bono
836 2223 1027 2269 conditae
1046 2260 1055 2277 ‚
1080 2223 1124 2268 id
1157 2233 1235 2274 est,
1265 2221 1406 2267 carnis
1434 2232 1476 2266 et
1510 2221 1708 2285 spiritus,

323 2311 402 2357 per
418 2293 824 2357 praevaricationem
851 2294 983 2358 primi
1021 2293 1212 2339 hominis
1232 2293 1274 2338 in
1297 2303 1499 2338 naturam
1518 2294 1708 2349 vertisse,

320 2364 584 2427 proclamat,
605 2381 746 2427 neque
764 2365 1043 2410 Manichaeus
1060 2401 1070 2419 ‚
1096 2380 1235 2427 neque
1258 2362 1607 2409 Manichaeorum
1636 2364 1711 2410 ad-

316 2439 454 2495 jutor.
482 2434 552 2480 sed
576 2434 822 2480 destructor
848 2435 1118 2481 Ambrosius.

379 2506 606 2552 xxxvii.
649 2509 745 2552 Jur„
776 2527 795 2545 «
834 2505 1059 2568 Alioquin,
1099 2504 1258 2569 inquit,
1301 2503 1408 2568 quid
1449 2504 1607 2551 facient
1629 2506 1707 2569 qui

320 2576 603 2640 baptizantur
644 2593 726 2640 pro
753 2576 950 2631 mortuis,
981 2576 1013 2622 si
1042 2576 1221 2622 omnino
1245 2575 1405 2621 mortui
1453 2592 1539 2621 non
1564 2592 1711 2622 resur«-

367 2661 377 2682 ¹
405 2671 415 2689 1
438 2661 500 2692 Cor
539 2671 588 2699 xv,
612 2661 665 2698 54,
684 2663 738 2693 55.
762 2679 794 2684 -
824 2659 839 2681 ²
857 2661 962 2692 Galat.
986 2672 1012 2698 v,
1037 2672 1088 2699 17.
