1824 3236
182 258 340 290 OPERIS
379 258 641 290 IMPERFEC'H
678 258 854 289 CONTRA
888 260 1133 302 JULIANUM,
1173 262 1262 296 Llss.
1302 264 1362 296 lv.
1418 249 1510 312 289

133 322 180 369 id
217 335 419 386 operatur
442 324 487 370 in
512 324 689 370 homine
725 324 1014 388 Omnipotens
1049 344 1059 371 τ
1090 345 1189 374 nam
1211 339 1252 374 et
1284 331 1510 395 corruptio

134 396 357 455 congenita
376 406 436 441 est
454 395 652 458 corpori,
684 395 802 458 quod
826 406 967 441 tamen
984 397 1063 442 erit
1082 399 1436 463 incorruptibile.

199 466 445 512 CXXVIII.
492 467 589 512 JcL.
635 487 650 507 ο
681 466 797 511 Ilinc
829 466 1039 530 explicata
1077 469 1287 531 patientia
1327 472 1399 517 Dei
1418 509 1429 529 ,
1467 483 1510 519 et

134 535 451 600 dispensatione
474 536 698 582 mitissima
711 573 721 592 ,
738 553 824 600 qua
840 555 928 582 non
946 538 1041 583 vult
1055 551 1237 585 mortem
1262 543 1506 601 morientis,

133 607 215 653 nisi
240 618 288 653 ut
311 617 552 653 reve1tatur
567 618 609 653 et
632 608 777 664 vivat,
798 609 1045 672 approbare
1069 611 1189 673 quod
1204 611 1367 659 dixerat
1382 615 1511 661 etiam

133 695 210 742 per
231 677 423 742 exempla
448 678 664 742 persistit,
696 678 887 743 facitque
911 681 1174 727 mentionem
1201 700 1348 730 eorum
1364 722 1374 741 ,
1401 686 1509 750 qui,

131 748 177 794 in
203 758 316 794 terra
346 749 597 795 Chananaea
622 749 813 796 viventes
833 751 1015 814 pessime
1044 752 1151 797 iram
1189 754 1516 818 Omnipotentis

133 819 443 875 accenderant,
472 830 519 865 ut
540 819 864 883 impenderetur
888 821 1051 867 ultione
1070 822 1307 882 justissima
1334 826 1515 871 Israeli-

131 900 274 936 tarum
301 890 564 954 triumphis,
592 892 674 937 sub
716 891 793 937 Dei
819 896 909 952 jam
947 893 1036 953 lege
1067 894 1323 942 viventium.
1351 917 1371 937 n
1403 896 1508 942 Illos

132 961 246 1007 enim
285 962 485 1025 antiquos
526 962 794 1009 habitatores
833 975 995 1009 sanctae
1035 975 1124 1010 tuae
1177 975 1302 1011 terrae
1340 967 1513 1025 odiens,

131 1032 339 1096 quoniam
364 1032 546 1078 odibilia
569 1050 699 1096 opera
725 1033 806 1079 tibi
830 1033 1098 1091 faciebant‘l,
1124 1052 1202 1098 per
1224 1035 1517 1084 medicamina

130 1113 172 1148 et
186 1103 395 1150 sacrificia
419 1103 580 1163 injusta
597 1142 607 1159 ,
636 1115 678 1150 et
703 1115 921 1150 necatores
949 1105 1138 1151 filiorum
1161 1106 1251 1152 sine
1272 1107 1519 1154 misericor-

131 1173 204 1219 dia
219 1211 229 1229 ,
250 1173 428 1220 voluisti
446 1175 627 1238 perdere
648 1192 725 1238 per
743 1192 896 1221 manus
916 1186 1148 1239 parentum
1168 1187 1414 1224 nostrorum
1430 1216 1442 1236 ,
1469 1188 1520 1224 ut

131 1244 308 1304 dignam
326 1245 601 1309 percipiant²
623 1247 1011 1309 peregrinationem
1030 1264 1267 1310 puerorum
1282 1249 1392 1305 Dei,
1414 1266 1515 1313 quae

131 1315 214 1361 tibi
243 1317 438 1361 omnium
468 1316 643 1362 charior
672 1328 734 1362 est
765 1327 890 1364 terra.
916 1319 1124 1381 «Septem
1153 1330 1326 1379 gentes,
1350 1320 1515 1384 quibus

132 1404 179 1433 ex
210 1387 393 1433 maxima
427 1398 552 1450 parte
583 1387 760 1444 deletis,
796 1389 1003 1435 Israelitis
1030 1400 1140 1435 terra
1171 1392 1515 1454 repromissionis

132 1457 234 1504 data
254 1469 339 1514 est,
367 1469 549 1522 propter
567 1458 675 1521 quid
703 1460 817 1504 Deus
843 1459 1028 1505 voluerit
1046 1460 1209 1523 perire,
1234 1471 1427 1509 testatur.
1454 1463 1517 1508 Ne

131 1530 245 1575 enim
280 1531 326 1575 in
358 1547 443 1575 una
473 1529 703 1575 hominum
729 1541 882 1576 natura
905 1548 983 1593 per
1012 1531 1203 1594 aliquam
1231 1549 1517 1595 personarum

132 1599 431 1663 acceptionem
451 1599 570 1663 apud
586 1601 724 1645 Deum
740 1600 961 1647 videretur
976 1618 1062 1646 esse
1079 1601 1282 1647 discretio
1300 1622 1311 1656 ;
1332 1614 1517 1667 propter

131 1669 241 1734 quid
272 1670 512 1716 Chananaei
539 1671 774 1716 meruerint
796 1671 1011 1727 interfici,
1039 1671 1332 1719 commendat.
1365 1694 1385 1715 «
1412 1673 1516 1720 lllos

131 1758 231 1801 ergo
256 1742 454 1804 antiquos
470 1741 734 1787 habitatores
755 1752 916 1787 sanctae
937 1753 1025 1787 tuae
1046 1753 1195 1799 terrae,
1223 1742 1390 1806 inquit,
1412 1744 1514 1792 odio

132 1810 342 1858 habuisti.
369 1833 390 1854 »
415 1812 744 1868 Quamobrem?
768 1813 893 1858 Certe
916 1812 1155 1858 secundum
1176 1823 1217 1858 te
1237 1813 1392 1860 debuit
1410 1816 1514 1862 sub-

132 1880 249 1938 dere,
265 1882 367 1946 quia
388 1882 441 1928 de
457 1883 677 1929 diabolica
695 1894 816 1928 erant
828 1883 1135 1929 commixtione
1150 1885 1357 1946 generati,
1372 1886 1473 1949 quia
1489 1905 1513 1933 a

133 1953 411 2000 tenebrarum
424 1954 623 2018 principe
638 1953 1101 2018 possidebantur,quia
1115 1955 1356 2002 tabificavit
1372 1958 1512 2004 Adam

132 2042 278 2071 omnes
305 2024 359 2071 de
384 2042 459 2070 sua
480 2026 613 2089 stirpe
641 2037 860 2072 venturos.
898 2026 1056 2071 Verum
1083 2026 1196 2072 nihil
1224 2027 1382 2074 horum
1404 2046 1414 2074 z
1437 2028 1511 2075 sed

131 2112 262 2160 quam
288 2113 463 2142 causam
498 2095 640 2142 reddit
661 2097 892 2142 odiorum?
916 2097 1003 2142 sola
1026 2114 1157 2160 opera
1182 2098 1408 2145 commissa
1436 2117 1513 2163 per

132 2167 401 2214 voluntatem
439 2167 637 2215 liberam.
677 2191 692 2208 «
714 2168 910 2223 Oderas‚
946 2167 1120 2231 inquit,
1156 2186 1256 2225 eos,
1298 2171 1509 2234 quoniam

131 2254 253 2282 exosa
275 2238 356 2283 tibi
380 2256 512 2302 opera
531 2237 763 2286 faciebant.
787 2262 799 2277 ·»
826 2239 987 2284 Verum
1014 2255 1067 2283 ne
1091 2239 1355 2285 nesciremus
1370 2277 1380 2297 ,
1409 2258 1511 2304 quae

132 2319 269 2354 essent
287 2325 417 2372 opera
435 2346 444 2364 ,
471 2320 604 2373 tuque
625 2309 724 2355 haec
751 2310 944 2369 gentium
971 2308 1086 2354 facta
1110 2310 1511 2373 concupiscentiam

132 2378 359 2438 genitalem
393 2397 592 2435 vocares,
630 2380 746 2443 ipsas
778 2380 939 2444 species
974 2380 1237 2443 operationis
1267 2384 1505 2445 exequitur.

133 2469 154 2489 «
181 2452 262 2494 Per
284 2449 569 2495 medicamina
589 2486 600 2505 ,
630 2450 796 2512 inquit,
823 2461 865 2495 et
887 2451 1098 2496 sacrificia
1123 2451 1306 2511 injusta,
1327 2463 1368 2498 et
1387 2472 1512 2502 neca-

133 2530 248 2567 tores
267 2531 390 2566 erant
410 2520 599 2566 filiorum
631 2521 720 2567 sine
751 2521 1063 2581 misericordia,
1084 2521 1163 2569 »id
1181 2533 1259 2582 est,
1288 2524 1513 2576 maleficiis

180 2603 190 2626 ¹
209 2603 282 2647 Sap.
304 2614 365 2641 xu,
385 2605 415 2635 3.
434 2621 478 2628 —
493 2601 508 2625 ²
528 2605 622 2636 Forte
636 2604 804 2650 percipiat.

265 2673 407 2705 cxuv.
1337 2680 1392 2731 19
