1863 3262
340 300 427 345 106
752 314 786 343 S.
831 311 1073 344 aucusrnw
1110 309 1314 342 EP1scoP1

333 380 537 428 varietate
561 394 821 442 poenarum3
858 379 1032 440 insuper
1058 376 1394 423 innumerabiles
1435 378 1612 424 morbos
1630 416 1641 435 ‚
1669 389 1709 424 et

331 451 582 496 daemonum
606 449 823 504 incursus,
851 459 893 494 et
919 448 1106 493 ferarum
1134 463 1318 503 morsus,
1346 447 1506 511 quibus
1527 449 1709 512 quidam

334 519 658 575 cruciarentur,
695 518 873 582 quidam
914 529 954 563 et
994 517 1346 573 absumerentur3
1383 519 1458 581 qui
1491 535 1593 565 vero
1618 520 1710 566 sani

332 600 468 636 essent
488 627 497 642 ,
516 590 598 635 sub
619 589 794 635 incertis
817 605 965 633 eorum
988 588 1161 633 casibus
1188 588 1338 634 misera
1363 600 1596 652 parentum
1620 589 1710 635 sol-

332 660 560 707 licitudine
582 660 854 706 nutrirentur
883 677 893 704 :
918 669 1054 705 essent
1082 658 1211 703 etiam
1235 658 1299 704 ibi
1329 659 1482 722 utique
1505 661 1710 707 orbitates

331 742 374 778 et
398 731 544 778 luctus
565 767 576 786 ‚
609 741 649 776 et
686 730 941 776 amissorum
976 729 1331 775 charissimorum
1369 729 1578 776 desideria
1607 748 1710 777 cum

331 802 559 848 doloribus
585 801 742 848 cordis.
787 802 986 860 Longum
1019 811 1080 846 est
1109 800 1311 863 persequi
1338 800 1509 857 omnia,
1549 801 1712 865 quibus

332 871 457 918 malis
481 871 678 918 abundat
709 871 808 917 haec
837 871 925 917 vita
948 889 958 916 :
987 887 1067 916 nec
1097 880 1198 915 sunt
1220 880 1364 915 tamen
1388 870 1470 916 ista
1497 870 1581 917 ulla
1601 888 1711 935 pec-

332 953 446 989 cata.
470 943 579 988 Haec
607 959 708 1002 ergo
733 942 766 988 si
797 942 943 987 futura
973 952 1095 987 erant
1115 942 1162 986 in
1197 940 1399 1004 paradiso
1417 977 1428 997 ,
1463 941 1586 988 nullo
1613 942 1675 988 ibi
1695 979 1707 999 ‚

329 1016 454 1073 cujus
481 1013 634 1059 merito
666 1012 907 1072 existerent,
928 1011 1200 1076 praecedente
1213 1022 1411 1074 peccato,
1432 1012 1616 1077 quaerite
1631 1012 1713 1060 ista

333 1084 495 1146 quibus
512 1120 522 1137 ‚
560 1100 647 1128 non
673 1083 802 1146 plane
822 1083 1026 1128 fidelibus
1043 1120 1053 1138 ‚
1078 1082 1150 1128 sed
1168 1081 1419 1128 irrisoribus
1441 1082 1704 1147 praedicetis.

333 1154 460 1199 Certe
489 1153 523 1198 si
553 1153 648 1200 talis
679 1153 908 1216 paradisus
943 1154 1226 1216 pingeretur,
1262 1151 1408 1198 nullus
1440 1152 1604 1199 diceret
1626 1170 1712 1199 esse

331 1224 583 1287 paradisum
602 1261 613 1280 ‚
643 1242 722 1270 nec
739 1226 772 1270 si
791 1242 922 1288 supra
946 1224 1113 1285 legisset
1133 1223 1220 1268 hoc
1237 1240 1395 1268 nomen
1411 1223 1673 1287 inscriptum
1697 1241 1708 1268 ε

332 1311 413 1340 nec
436 1294 598 1340 diceret
621 1311 780 1341 errasse
799 1296 1012 1358 pictorem
1027 1332 1038 1351 ‚
1059 1293 1132 1339 sed
1154 1293 1284 1357 plane
1301 1304 1550 1353 agnosceret
1570 1293 1713 1339 irriso-

330 1381 434 1411 rem.
456 1364 763 1411 *Verumtamen
787 1382 935 1410 eorum
955 1366 1032 1428 qui
1059 1380 1134 1410 vos
1153 1373 1396 1419 noverunt,
1423 1380 1551 1409 nemo
1576 1363 1712 1408 mira-

331 1445 479 1489 retur,
514 1435 548 1480 si
571 1434 803 1480 adderetur
824 1452 981 1481 nomen
1006 1445 1192 1480 vestrum
1225 1433 1279 1479 ad
1297 1433 1474 1479 titulum
1491 1470 1502 1489 ,
1531 1444 1573 1479 et
1598 1433 1709 1479 scri-

332 1505 506 1551 beretur
561 1527 581 1547 «
606 1505 836 1551 Paradisus
878 1505 1228 1565 Pelagianorum.
1255 1525 1275 1546 >2
1320 1504 1365 1549 Si
1416 1515 1556 1550 autem
1601 1503 1709 1550 hinc

330 1577 583 1623 erubescitis
601 1614 611 1633 ‚
639 1577 812 1641 (neque
836 1577 947 1623 enim
976 1594 1020 1623 re
1043 1593 1141 1623 vera
1172 1575 1354 1640 pudoris
1381 1575 1521 1621 ullum
1552 1585 1712 1639 putan-

330 1647 435 1693 dum
456 1658 517 1692 est
540 1647 584 1692 in
608 1647 732 1692 vobis
749 1647 999 1693 remansisse
1016 1647 1245 1705 vestigium
1263 1683 1274 1702 ‚
1299 1645 1332 1691 si
1362 1662 1451 1691 non
1476 1644 1585 1691 hinc
1608 1661 1712 1691 eru-

328 1718 535 1781 bescitis‚)
561 1735 824 1783 perversam,
851 1736 1018 1782 quaeso,
1046 1718 1220 1763 tandem
1248 1727 1413 1762 mutate
1434 1716 1707 1773 sententiam,

329 1799 371 1833 et
393 1788 634 1834 humanam
660 1789 822 1834 credite
853 1788 896 1834 in
929 1789 1008 1834 has
1040 1788 1229 1833 miserias
1248 1796 1431 1850 peccato
1452 1785 1529 1832 illo
1554 1803 1712 1845 magno

330 1869 544 1904 mutatam
568 1858 696 1905 fuisse
722 1869 945 1915 naturam3
966 1875 1106 1922 neque
1130 1858 1219 1903 ullo
1243 1856 1377 1902 modo
1401 1856 1482 1902 ista
1507 1856 1553 1902 in
1585 1874 1712 1920 para-

330 1929 424 1974 diso
451 1946 538 1974 esse
559 1930 751 1992 potuisse
773 1948 783 1974 :
817 1940 1049 1992 propterea
1073 1928 1175 1974 inde
1203 1928 1330 1974 exisse
1361 1925 1458 1973 illos
1475 1963 1486 1983 ‚
1521 1943 1711 1990 quorum

329 1999 461 2045 etiam
484 2016 684 2063 propago
713 2000 842 2059 digna
869 2009 961 2045 erat
983 1998 1085 2044 talia
1117 1997 1351 2054 sustinere,
1383 2006 1632 2042 transeunte
1665 1997 1711 2043 in

331 2087 479 2116 omnes
497 2071 755 2129 contagione
782 2070 953 2133 peccati
977 2086 1078 2115 cum
1094 2068 1344 2115 conditione
1361 2067 1584 2130 supplicii.
1610 2067 1708 2113 Hoc

332 2139 489 2199 dogma
530 2139 799 2184 catholicum
834 2149 875 2183 et
896 2138 1113 2198 justitiam
1140 2137 1219 2182 Dei
1246 2136 1467 2193 defendit,
1494 2137 1597 2199 quia
1620 2153 1709 2182 non

329 2209 546 2255 immerito
566 2209 700 2255 vitam
734 2208 984 2254 mortalium
1018 2207 1224 2254 voluisset
1257 2224 1342 2254 esse
1374 2206 1632 2270 poenalem:
1668 2216 1711 2253 et

328 2298 403 2327 vos
431 2279 791 2343 Manichaeosque
824 2279 1067 2335 subvertit3
1102 2296 1177 2324 vos
1211 2279 1386 2342 quidem
1407 2314 1418 2333 ,
1457 2277 1562 2341 quia
1586 2276 1710 2323 malis

329 2350 489 2396 talibus
514 2350 773 2396 horribilem
809 2350 1012 2414 paradiso
1039 2349 1232 2395 tribuitis
1263 2347 1587 2404 infelicitatem3
1613 2348 1708 2393 Ma-

329 2421 524 2467 nichaeos
563 2431 705 2466 autem
728 2457 738 2477 ,
767 2421 870 2484 quia
906 2420 1030 2465 malis
1066 2419 1226 2465 talibus
1260 2429 1460 2464 naturam
1498 2417 1577 2463 Dei
1610 2416 1704 2473 sui,

330 2493 345 2552 (
366 2508 415 2536 ac
438 2508 515 2553 per
538 2490 626 2536 hoc
646 2489 752 2554 quid
775 2489 895 2537 aliud
914 2506 1048 2554 quam
1070 2491 1210 2535 Deum
1230 2505 1357 2535 suum
1372 2489 1412 2552 P)
1436 2497 1626 2534 asserunt
1643 2486 1706 2532 in-

328 2561 510 2609 felicem.

391 2630 580 2677 Proinde
604 2648 670 2677 me
697 2648 868 2680 movere
888 2648 976 2677 non
995 2630 1124 2677 debet
1146 2668 1157 2688 ‚
1188 2628 1308 2694 quod
1325 2628 1435 2675 mihi
1453 2627 1706 2688 magistrum
