1863 3262
295 248 387 294 206
711 257 748 291 s.
790 256 1034 291 Aueusrmi
1070 257 1276 291 Emscom

298 325 480 382 natus1,
509 323 750 388 quidquam
786 323 886 374 inde
926 324 1134 383 attingere
1165 321 1378 376 timuisti3
1417 323 1525 370 etin
1559 323 1665 381 isto,

297 399 367 448 cci
392 414 508 447 nunc
532 394 762 458 respondes
779 432 790 452 ,
812 395 960 446 eadem
983 395 1075 458 ipsa
1097 411 1183 439 non
1211 394 1356 449 tacui,
1390 404 1432 439 et
1466 394 1669 442 adversus

294 469 368 516 illa
389 468 536 515 adhuc
563 478 707 513 mutus
724 502 734 522 ,
758 467 955 529 quamvis
979 469 1070 525 ejus
1099 466 1273 515 nomine
1304 464 1434 514 tacito
1453 502 1464 521 ‚
1498 466 1667 513 cuiad-

296 540 457 586 versari
486 538 632 603 palam
661 554 750 587 non
782 537 912 584 audes
930 574 941 594 ,
975 536 1165 585 1111110111
1193 553 1260 587 me
1294 553 1381 585 non
1407 537 1563 585 metuis
1588 537 1671 585 cri-⁷⁴

299 626 469 655 minari.

365 681 479 727 Lvl.
512 680 615 729 JUL.
654 700 675 720 α
695 679 806 727 Nam
829 678 915 727 1100
936 677 1054 741 quod
1079 678 1138 723 ait
1157 714 1168 733 ‚
1200 678 1413 727 abstinere
1434 696 1456 723 a
1477 678 1586 725 cibis
1602 678 1679 725 do-

300 751 487 797 cendum
514 750 603 800 fore
619 786 630 805 ‚
655 766 743 795 non
770 749 916 811 utique
940 747 1057 811 apud
1077 747 1337 810 prudentem
1368 750 1509 807 arguit
1531 749 1680 803 Chris-

301 822 516 867 tianorum
533 821 804 884 parcitatem,
822 830 894 866 aut
910 818 1139 868 denuntiat
1157 835 1278 881 posse
1296 819 1469 871 existere
1482 820 1681 866 homines

301 893 377 956 qui
406 892 562 938 inediae
586 891 818 938 discrimen
849 890 1049 942 indicant
1081 908 1092 938 a
1128 889 1201 935 sed
1225 890 1436 944 ostendit,
1473 890 1681 953 quoniam

302 981 403 1009 cum
427 963 693 1011 exorirentur
710 998 720 1017 ‚
745 962 820 1024 qui
841 961 1036 1007 dicerent
1066 960 1269 1011 animalia
1288 963 1433 1009 omnia
1450 961 1642 1008 victibus
1659 977 1683 1007 a

303 1034 394 1077 Deo
412 1043 555 1079 creata
582 1032 856 1087 mortalium,
886 1032 988 1094 quia
1012 1031 1065 1080 de
1094 1032 1448 1094 concupiscentia
1483 1042 1524 1080 et
1559 1048 1685 1079 com.-

303 1105 505 1151 mixtione
525 1122 643 1150 sexus
666 1115 970 1159 nascerentur,
999 1104 1219 1154 diabolico
1242 1104 1354 1151 malo
1375 1122 1461 1150 esse
1479 1104 1649 1167 polluta
1670 1139 1681 1158 ‚

304 1175 411 1238 quid
438 1185 771 1237 consequeretur
792 1174 1013 1237 expressit,
1035 1174 1235 1222 videlicet
1252 1175 1590 1222 renuntiandum
1602 1190 1687 1219 esse

305 1245 518 1291 alimentis
535 1282 545 1301 ,
596 1246 630 1290 51
668 1262 817 1295 eorum
858 1245 1119 1308 propagatio
1160 1244 1379 1293 diabolica
1418 1245 1680 1291 crederetur.

306 1316 433 1361 Unde
456 1326 497 1360 et
534 1325 579 1361 tu
606 1315 721 1363 lianc
754 1315 1079 1365 infamationem
1105 1315 1422 1364 commixtionis
1450 1330 1687 1378 corporum

308 1385 363 1433 ab
400 1385 664 1435 animalibus
706 1402 924 1440 removes,
967 1396 1016 1436 ut
1056 1385 1263 1434 subsistat
1300 1385 1410 1433 ratio
1434 1384 1682 1433 simulandi.

308 1456 517 1501 Homines
542 1465 685 1505 tamen
712 1456 787 1517 qui
816 1455 870 1503 ad
890 1455 1120 1515 imaginem
1144 1455 1223 1500 Dei
1246 1454 1350 1505 facti
1371 1466 1488 1511 sunt,
1507 1464 1690 1519 propter

308 1526 425 1572 hanc
457 1527 595 1590 ipsam
624 1525 1024 1588 concupiscentiam
1051 1526 1349 1584 generantium
1369 1563 1379 1581 ‚
1408 1525 1516 1572 dicis
1547 1525 1601 1572 ad
1621 1528 1691 1583 jus

309 1597 520 1644 daemonis
545 1607 773 1660 pertinere.
801 1596 945 1647 Ambo
967 1596 1118 1655 igitur,
1139 1607 1185 1643 tu
1206 1607 1248 1645 et
1268 1597 1540 1646 Maniehaeus
1560 1612 1692 1643 unam

311 1668 485 1713 habetis
510 1684 684 1713 causam
711 1667 1055 1717 substantiarum
1086 1666 1478 1729 vituperandarum
1499 1677 1540 1711 et
1567 1676 1692 1714 tran-—

312 1738 643 1788 scribendarum
665 1737 844 1782 diabolo
871 1754 881 1781 ε
909 1737 981 1783 sed
1004 1737 1075 1782 ille
1092 1747 1275 1800 propter
1291 1737 1405 1782 hanc
1424 1736 1695 1784 affectionem

314 1827 414 1874 quae
443 1810 626 1855 sentitur
657 1809 702 1854 in
735 1808 921 1854 naturali
956 1825 1112 1871 opere,
1142 1808 1359 1854 universas
1383 1808 1562 1855 damnat
1596 1807 1694 1854 ani-

315 1892 514 1935 mantes;
546 1891 592 1926 tu
632 1890 776 1926 autem
810 1897 898 1925 non
928 1896 1102 1936 omnes,
1147 1879 1220 1927 sed
1248 1879 1369 1943 quod
1400 1889 1462 1925 est
1496 1879 1657 1927 foedius
1679 1914 1691 1934 ,

312 1952 521 1999 meliores.
551 1951 754 1998 Absolvis
777 1952 892 2001 enim
927 1968 1023 1996 sues
1043 1987 1053 2005 ‚
1081 1968 1207 1996 canes
1226 1987 1237 2007 ,
1261 1961 1304 1998 et
1331 1951 1468 1997 asinos
1492 1987 1502 2006 ‚
1526 1961 1575 1996 ut
1600 1956 1696 1995 Με-

317 2023 513 2069 nichaeos
540 2023 673 2067 vitare
699 2021 908 2074 videaris;
932 2021 1001 2066 sed
1024 2021 1202 2070 damnas
1222 2058 1232 2076 ‚
1264 2032 1446 2084 propter
1464 2021 1552 2066 hoc
1580 2019 1696 2066 idem

319 2094 439 2156 quod
455 2093 728 2140 Manichaeus
747 2129 757 2145 ‚
786 2109 934 2137 omnes
962 2092 1161 2139 homines
1180 2091 1255 2153 qui
1282 2091 1337 2135 ad
1356 2091 1588 2149 imaginem
1615 2088 1694 2134 Dei

318 2164 423 2209 sacti
448 2173 549 2208 sunt
570 2180 580 2213 ς
611 2179 659 2206 ac
682 2178 896 2224 nusquam
920 2162 1083 2206 malum
1106 2161 1305 2208 naturale
1329 2161 1595 2206 constituens
1618 2159 1698 2204 nisi

321 2234 365 2282 in
386 2233 573 2292 imagine
596 2232 675 2277 Dei
697 2231 968 2278 concionaris
986 2243 1138 2277 contra
1160 2247 1255 2287 1105,
1274 2241 1501 2277 accusator
1523 2240 1699 2276 sancto-

320 2321 416 2350 rum
437 2314 478 2348 et
498 2314 709 2366 patronus
733 2302 967 2351 asinorum.
996 2324 1015 2343 ))

387 2376 501 2421 Am.
529 2372 648 2429 Quid
668 2383 729 2417 est
748 2372 869 2435 quod
894 2372 1003 2420 dicis
1021 2409 1031 2427 ‚
1061 2371 1352 2419 calumniator
1377 2371 1698 2419 catholicorum

321 2455 364 2490 et
388 2443 562 2504 adjutor
599 2442 976 2492 Manichaeorum?
1018 2441 1138 2497 Quid
1171 2452 1232 2493 est
1263 2441 1381 2504 quod
1410 2441 1545 2490 dicis?
1567 2457 1698 2504 quem

324 2526 439 2561 tante
476 2512 724 2559 stoliditatis
755 2512 921 2575 pudere
962 2511 1169 2569 deberet,
1208 2512 1375 2558 etiamsi
1417 2512 1499 2557 tibi
1535 2511 1700 2556 asinina

372 2600 382 2620 ¹
402 2597 471 2629 Lib.
494 2607 522 2627 1.
541 2595 580 2627 de
595 2594 722 2638 Nuptiis
736 2605 765 2630 c.
788 2595 845 2629 35.
865 2600 895 2626 et
914 2594 970 2627 lib.
990 2606 1022 2629 2.
1039 2606 1068 2629 c.
1091 2596 1124 2628 5.
