1863 3262
310 245 392 292 192
725 241 760 268 S·
805 237 1050 269 AUGUsTINI
1086 239 1287 270 EPISCOPI

305 321 365 357 est
390 325 478 355 non
517 305 705 352 dolenda
733 316 902 350 tantum
924 341 934 360 ‚
974 305 1255 351 verumetiam
1292 305 1479 351 multum
1505 306 1684 352 erubes—

303 378 440 425 cenda
458 375 691 422 discordia.
720 374 838 432 Quid
865 374 999 433 igitur
1023 375 1103 419 tibi
1122 374 1383 438 profuerunt
1407 375 1462 420 ad
1484 393 1573 420 rem
1595 392 1683 420 non

301 448 564 513 pertinentia
602 456 843 492 convocata
880 444 1033 490 auxilia
1070 446 1370 508 Cynicorum3
1399 446 1683 510 quandoqui—

304 519 402 564 dem
427 530 468 565 te
499 518 545 563 in
574 518 659 563 hac
697 516 758 561 tui
786 515 940 561 erroris
971 515 1038 561 via
1074 515 1127 561 de
1162 517 1231 563 via
1265 516 1537 562 deficientem
1556 553 1566 572 ,
1605 532 1684 561 nec

303 607 351 635 ea
375 606 476 653 quae
508 587 763 634 hominibus
787 586 1048 649 comparasti
1063 624 1074 644 ‚
1096 591 1296 647 jumenta
1326 591 1480 647 juvare
1503 597 1683 651 portue-

303 672 407 706 runt
426 664 444 705 ,ὓ

370 731 527 777 XLIV.
560 729 659 774 JUL.
695 750 715 770 α
742 729 936 791 Tempus
962 727 1192 784 admonet,
1222 739 1270 773 ut
1302 728 1356 774 ad
1391 728 1472 774 alia
1498 740 1684 773 transea-

305 819 430 848 mus:
469 799 542 846 sed
575 799 784 862 quoniam
820 808 987 843 certum
1015 808 1110 854 est,
1147 797 1261 845 nihil
1295 809 1335 844 te
1368 799 1531 844 habere
1564 798 1686 861 quod

306 872 500 919 vendites
532 869 744 933 imperitis
777 869 955 914 auribus
983 879 1143 932 praeter
1175 868 1480 914 verecundiam
1512 880 1686 914 natura-

304 944 413 991 lium
440 961 450 988 :
476 959 608 1006 quam
629 939 879 985 brevissime
902 951 1072 1003 potero,
1101 939 1218 1003 quod
1242 951 1426 1003 putatur
1449 956 1682 1003 superesse,

306 1016 570 1074 contingam.
598 1012 708 1067 Quis
724 1028 824 1070 ergo
847 1022 1001 1070 neget,
1030 1010 1301 1057 honestatem
1325 1012 1469 1068 hanc,
1498 1028 1585 1075 qua
1610 1028 1686 1070 ge-

307 1085 458 1133 nitalia
491 1093 637 1129 nostra
675 1081 946 1140 contegimus
969 1118 980 1135 ‚
1015 1098 1096 1144 pro
1132 1083 1351 1144 personis,
1376 1082 1508 1138 locis,
1537 1081 1688 1127 officiis

308 1155 592 1217 moribusque
622 1151 779 1199 variari
795 1154 813 1196 ἱ)
852 1151 925 1196 Sic
951 1151 995 1196 111
1026 1152 1341 1198 conventiculis
1363 1152 1555 1216 publicis
1582 1152 1687 1196 obs-

309 1227 480 1274 coenior
502 1222 675 1270 nuditas
691 1258 701 1272 ,
728 1220 841 1266 nihil
871 1221 1006 1267 habet
1032 1222 1318 1285 turpitudinis
1333 1224 1377 1268 111
1398 1223 1593 1268 lavacris,
1616 1221 1687 1267 Sic

311 1299 417 1346 alter
443 1306 504 1342 est
527 1291 792 1340 cubicularis
821 1291 999 1337 habitus
1018 1330 1029 1348 ‚
1057 1293 1307 1339 seminudus
1331 1305 1372 1339 et
1395 1310 1597 1349 securus;
1623 1291 1688 1337 al-

310 1381 375 1416 ter
397 1384 499 1414 vero
515 1363 694 1411 forensis
712 1400 722 1419 ‚
755 1362 980 1408 sollicitior
1008 1374 1049 1408 et
1074 1363 1308 1426 profusior.
1333 1365 1454 1422 Quid
1482 1363 1601 1427 quod
1633 1362 1688 1408 ad

313 1436 607 1486 testimonium
645 1433 800 1479 crebro
839 1432 1142 1479 familiaritatis
1165 1471 1177 1491 ‚
1218 1435 1397 1498 respicit
1431 1433 1689 1494 negligentia

312 1507 546 1562 cautionis,
571 1515 613 1550 et
636 1513 801 1567 quanto
827 1520 1010 1565 persona
1035 1514 1110 1549 aut
1133 1504 1322 1564 ignotior
1343 1504 1690 1551 1111111011011111011

317 1579 503 1631 adfuerit
524 1614 536 1633 ‚
569 1585 691 1621 tanto
730 1572 979 1633 diligentior
1012 1574 1190 1621 habitus
1227 1579 1534 1643 comparatur?
1568 1574 1689 1631 Quid

313 1652 436 1720 quod
457 1647 599 1696 nautis
619 1645 914 1708 etopificibus
927 1645 1145 1710 plerisque
1167 1664 1294 1692 nemo
1318 1648 1422 1693 vitio
1447 1646 1689 1692 nuditatem

313 1724 471 1773 dedit?
496 1723 557 1766 Ac
576 1734 628 1762 ne
646 1717 727 1761 ista
751 1715 1007 1779 simplicitas
1023 1718 1216 1780 personis
1234 1718 1369 1777 magis
1394 1735 1525 1781 quam
1555 1732 1689 1775 nego-

312 1796 383 1843 tiis
399 1794 660 1855 imputetur,
690 1803 808 1831 more
827 1787 1023 1832 omnium
1045 1787 1174 1832 etiam
1199 1789 1352 1832 Petrus
1376 1787 1621 1850 apostolus,
1648 1795 1689 1830 et

312 1876 413 1932 post
435 1858 790 1908 resurrectionem
823 1857 999 1903 Domini
1038 1857 1182 1903 nudus
1204 1858 1249 1903 in
1279 1859 1450 1917 navigio
1482 1857 1689 1921 piscaba-

314 1934 433 1984 turl.
473 1931 620 1989 Dirige
644 1927 750 1973 111110
788 1926 936 1972 oculos
963 1927 1016 1973 ad
1050 1928 1342 1975 medicantum
1368 1946 1548 1974 munera
1570 1946 1580 1973 ι
1609 1929 1690 1974 du-

314 2017 422 2056 cunt
446 2013 579 2049 artem
599 1998 742 2045 studio
762 1997 910 2044 salutis
929 1999 972 2044 in
994 1998 1110 2045 locos
1133 2000 1329 2062 pudoris.
1356 2000 1541 2046 Atliletis
1562 1999 1690 2046 nudi-

314 2091 378 2126 tas
400 2075 528 2120 etiam
556 2070 712 2116 decora
737 2079 812 2114 est.
834 2069 859 2113 J
865 2087 932 2114 am
954 2087 1054 2115 vero
1073 2088 1159 2115 non
1180 2071 1319 2116 solum
1339 2069 1685 2127 adolescentulis,

314 2161 357 2196 et
372 2141 588 2211 petulanti
607 2139 691 2184 sibi
717 2138 919 2183 societate
939 2140 1204 2198 conjunctis,
1226 2140 1297 2185 sed
1315 2140 1444 2185 etiam
1468 2140 1567 2184 totis
1583 2141 1688 2203 qui-

312 2219 500 2270 busdam
528 2212 730 2274 gentibus
767 2221 947 2274 uterque
969 2229 1088 2257 sexus
1117 2224 1319 2269 retectus,
1350 2224 1391 2258 et
1413 2212 1502 2258 sine
1537 2214 1687 2258 secreti

311 2304 375 2341 est
398 2286 604 2335 electione
624 2282 888 2328 commixtio.
915 2283 1035 2339 Quid
1056 2294 1196 2329 tamen
1224 2285 1400 2340 mirum,
1419 2284 1452 2328 si
1469 2283 1513 2328 id
1530 2283 1686 2330 Scotus

309 2363 642 2418 vicinarumque
665 2353 857 2413 gentium
881 2353 1103 2399 barbaries
1135 2366 1261 2414 agat3
1294 2372 1395 2401 011111
1419 2365 1460 2399 01
1491 2354 1685 2416 philoso-

311 2434 439 2501 phia,
460 2432 583 2488 cujus
600 2441 731 2487 supra
754 2425 1208 2470 commemorationem
1233 2425 1431 2479 fecimus,
1455 2423 1569 2468 idem
1587 2441 1684 2472 cen-

311 2504 472 2557 suerit,
496 2509 538 2544 et
558 2494 938 2541 ”traducianorum
965 2495 1055 2541 huc
1078 2495 1235 2557 dogma
1257 2500 1528 2561 pervenerit?
1551 2522 1568 2542 ι)

360 2591 576 2620 1J0an.xx1‚
603 2590 634 2618 7.
