1824 3236
165 282 320 313 omerus
359 282 619 314 mrunrncrl
657 282 833 314 CONTRA
868 285 1110 327 isthmon,
1153 288 1237 320 mn.
1281 291 1321 320 v.
1396 276 1489 331 >4¹33

118 347 302 393 cessitati
329 348 544 405 tribuere,
571 366 658 395 non
687 349 915 396 voluntati.
945 352 1013 396 Ab
1038 351 1121 397 hac
1143 364 1284 399 autem
1307 357 1493 402 necessi-

119 427 224 474 tate,
251 435 352 465 cum
371 435 458 483 qua
485 429 725 465 nascuntur
754 430 796 466 et
821 420 1023 483 parvuli,
1051 422 1120 467 sed
1160 424 1298 470 aetatis
1323 442 1494 472 accessu

119 487 278 552 incipit
302 506 537 553 apparere,
566 489 663 553 quis
691 490 849 536 liberat
883 490 1105 537 hominem
1139 494 1341 540 miserum
1367 533 1376 551 ‚
1414 498 1495 543 nisi

121 560 255 618 gratia
268 560 347 606 Dei
371 578 448 623 per
471 564 616 606 Jesum
640 560 867 607 Christum
893 562 1131 608 Dominum
1148 576 1341 610 nostrum
1360 565 1371 594 ¹
1392 584 1401 611 :
1420 584 1495 613 cu-

113 632 187 689 jus
207 630 357 690 gratiae
376 647 452 677 vos
468 631 653 688 inimici,
673 631 720 677 in
738 643 874 678 vestra
896 632 1056 679 virtute
1074 635 1317 689 confiditis;
1334 648 1375 682 et
1393 655 1495 683 eon-

121 710 187 746 tra
209 700 356 748 divina
382 700 553 765 eloquia
570 740 582 758 ,
611 719 713 766 quae
733 702 944 749 damnant
975 721 1045 749 eos
1064 706 1138 768 qui
1165 706 1209 751 in
1243 724 1318 753 sua
1337 709 1496 754 virtute

121 770 400 829 confidunt2‚
427 772 565 836 impia
589 773 795 836 superbia
817 774 1063 837 disputatis.

186 843 354 891 LXIII.
386 846 485 891 JUL.
518 865 538 885 «
559 845 733 891 Haereat
764 862 864 906 ergo
888 845 1115 909 prudentis
1139 847 1283 893 animo
1303 848 1496 906 lectoris,

123 913 312 960 multum
337 915 537 961 interesse
559 916 673 961 inter
695 933 741 963 ea
768 934 867 980 quae
890 935 912 963 a
940 917 1138 981 possibili
1155 919 1361 977 veniunt,
1391 930 1434 967 et
1453 938 1501 967 ea

123 1001 223 1048 quae
241 1003 264 1031 a
288 986 528 1032 necessario
550 1006 561 1040 ;
596 987 898 1052 naturaliaque
919 989 1065 1035 onmia
1088 991 1333 1036 necessariis
1355 991 1503 1055 appli-

123 1065 208 1111 cet,
231 1055 477 1104 voluntaria
491 1074 594 1104 vero
609 1059 895 1122 possibilibus
914 1080 925 1114 3
945 1071 987 1107 et
1005 1061 1267 1124 quaestiones
1286 1063 1502 1109 universas

123 1126 182 1172 ab
204 1145 253 1173 ea
269 1164 281 1185 ,
304 1145 391 1192 qua
405 1129 622 1192 coeperint
638 1166 649 1186 ,
672 1142 796 1193 parte
820 1143 1104 1178 consummet.
1131 1133 1348 1188 Quoniam
1378 1134 1503 1197 siper

124 1208 356 1263 utramque
376 1217 495 1246 caeco
510 1199 680 1260 judicio
704 1212 882 1261 vagetur
900 1239 910 1256 ‚
939 1203 982 1248 in
1006 1202 1253 1248 innumeros
1275 1221 1352 1266 per
1371 1205 1502 1250 verba

124 1286 234 1333 pene
271 1269 417 1316 omnia
457 1270 766 1334 praecipitatur
800 1289 999 1319 errores:
1034 1272 1154 1336 quod
1176 1275 1381 1336 quoniam
1405 1275 1506 1319 satis

125 1341 295 1400 claruit,
317 1352 498 1406 apparet
520 1352 560 1388 te
583 1342 710 1388 nimis
732 1343 910 1388 omnino
935 1343 1156 1404 caligasse,
1180 1344 1255 1407 qui
1275 1344 1500 1404 collegisti:

127 1412 411 1469 Quomodum
428 1413 576 1477 potuit
597 1412 760 1459 malum
781 1451 792 1470 ,
814 1413 934 1477 quod
962 1430 1176 1478 nusquam
1199 1426 1290 1460 erat
1312 1453 1321 1469 ,
1351 1415 1503 1460 exoriri

125 1484 172 1530 in
195 1501 325 1548 opere
349 1484 446 1541 Dei,
468 1484 527 1530 ita
548 1483 675 1529 etiam
693 1520 702 1538 ‚
723 1487 814 1543 jam
835 1483 955 1548 quod
976 1495 1083 1541 erat,
1107 1485 1276 1530 transiit
1294 1486 1506 1531 naturali-

125 1565 190 1601 ter
207 1574 285 1619 per
308 1572 418 1619 opus
453 1554 548 1601 Dei.
595 1553 704 1600 Vide
739 1554 852 1600 enim
880 1571 969 1617 quo
993 1555 1046 1600 sis
1070 1555 1293 1601 involutus
1327 1573 1469 1600 errore
1493 1574 1503 1600 :

126 1637 357 1691 peccatum
384 1627 528 1690 prima
546 1625 771 1671 voluntate
796 1636 1061 1688 conceptum
1078 1663 1089 1682 ‚
1111 1625 1231 1689 quod
1264 1644 1285 1671 a
1312 1626 1506 1689 possibili

126 1698 273 1756 venit,
306 1698 352 1744 in
388 1697 624 1743 necessaria
646 1695 754 1742 dicis
782 1695 911 1742 fuisse
940 1707 1160 1742 mutatum
1183 1734 1193 1751 ‚
1219 1707 1267 1742 ut
1283 1697 1509 1761 quomodo

126 1770 276 1833 potuit
294 1768 398 1815 oriri
413 1778 559 1814 motus
582 1767 715 1813 animi
740 1767 868 1822 libem
899 1767 958 1813 ita
982 1767 1071 1813 sine
1095 1778 1216 1813 motu
1233 1767 1371 1813 libero
1391 1779 1508 1813 tran-

129 1841 229 1886 siret
251 1840 294 1887 in
321 1838 592 1885 naturalium
630 1840 941 1885 necessitatem.
978 1838 1063 1884 Sed
1093 1838 1283 1897 intellige
1301 1840 1507 1902 quoniam

129 1911 467 1958 necessariorum
496 1920 647 1955 auctor
666 1910 719 1954 sit
744 1911 872 1956 Deus.
899 1910 943 1955 Si
964 1926 1064 1969 ergo
1084 1909 1171 1954 hoc
1194 1909 1301 1954 facit
1327 1913 1445 1955 Deus
1466 1911 1509 1955 in

129 1982 320 2039 naturis,
345 1981 466 2045 quod
500 1979 602 2026 fecit
631 1981 799 2025 animus
823 1981 867 2026 in
889 1980 1057 2044 culpis3
1088 1997 1256 2025 necesse
1285 1990 1346 2025 est
1376 1991 1422 2025 ut
1449 1981 1509 2026 sie

131 2054 185 2099 sit
210 2070 306 2099 reus
328 2089 339 2109 ‚
376 2050 598 2116 quomodo
626 2061 667 2096 et
690 2051 760 2096 ille
781 2054 908 2111 cujus
934 2051 1074 2110 arguit
1098 2050 1381 2097 voluntatem.
1415 2051 1509 2096 lmo

131 2125 266 2185 magis
291 2141 302 2169 t
330 2133 494 2187 quanto
526 2122 641 2166 enim
673 2132 736 2167 est
759 2121 857 2185 plus
890 2120 1176 2166 necessarium
1211 2137 1341 2183 quam
1368 2122 1511 2184 possi-

131 2195 236 2251 bile,
257 2205 379 2240 tanto
399 2191 616 2238 coelestius
633 2203 693 2236 est
716 2192 964 2251 ingenerare
985 2208 1118 2254 quam
1135 2207 1343 2254 usurpare
1356 2209 1510 2254 pecca-

135 2275 243 2310 tum.
278 2262 412 2320 Quod
442 2262 544 2307 licet
580 2278 724 2306 rerum
750 2271 906 2307 natura
941 2278 1029 2307 non
1053 2262 1228 2323 capiam
1267 2271 1408 2306 tamen
1436 2261 1510 2308 hic

134 2334 415 2388 ostenderim,
443 2332 581 2378 multo
602 2336 796 2394 pejorem
817 2349 903 2378 esse
916 2331 1165 2395 opinionem
1180 2342 1302 2377 tuam
1326 2331 1379 2377 de
1403 2333 1508 2389 Deo,

134 2423 267 2470 quam
294 2402 543 2450 Manichaei.
567 2402 690 2448 Illius
713 2404 827 2448 enim
848 2403 989 2448 Deum
1008 2401 1076 2449 vel
1098 2401 1242 2447 subita
1259 2400 1374 2447 bella
1392 2413 1514 2448 trun-

134 2486 321 2522 carunt:
353 2485 476 2520 tuum
495 2489 596 2519 vero
615 2473 794 2536 antiqua
817 2484 861 2519 et
894 2472 1188 2536 multiplicata
1211 2471 1395 2518 crimina
1412 2490 1514 2519 cor-

137 2555 365 2609 ruperunt.
394 2545 457 2590 Ac
485 2559 564 2606 per
583 2541 670 2588 hoc
694 2559 784 2589 non
807 2542 947 2590 solum
977 2542 1032 2589 de
1054 2541 1295 2606 quaestione
1318 2541 1515 2589 dissentis

186 2631 197 2653 ¹
211 2632 309 2662 Rom.
329 2640 390 2669 vn,
410 2629 469 2661 25.
483 2624 691 2661 —2Jerem.
712 2637 792 2665 xvu,
810 2627 840 2657 5.
