1824 3236
310 266 402 322 466
711 278 746 304 s.
792 275 1036 304 Avecsrml
1073 274 1276 304 Episcom

306 344 562 411 piscentiam
579 341 705 387 talem
725 340 936 395 habebat,
958 352 999 386 et
1020 351 1163 385 tamen
1179 341 1305 385 miser
1323 358 1410 386 non
1431 347 1552 389 erat?
1570 344 1686 389 Hoc-

308 417 403 463 cine
423 424 484 459 est
503 410 795 458 adversarium
814 427 1032 473 superare,
1057 428 1111 456 an
1134 411 1280 473 potius
1301 411 1386 457 hoc
1401 423 1461 458 est
1481 413 1687 473 adjuvare

306 485 623 538 Manichaeum,
648 492 688 527 et
709 492 857 527 contra
880 481 1137 544 Apostolum
1153 481 1360 527 rebellare
1380 486 1399 529 ,2
1422 485 1562 530 lta-ne
1577 484 1687 531 obli-

310 571 376 604 tus
391 575 432 603 es
450 556 547 620 quis
567 553 746 600 dixerit:
770 575 789 595 «
809 553 944 599 Video
974 552 1098 598 aliam
1123 552 1257 612 legem
1283 554 1327 599 in
1348 556 1555 601 membris
1585 557 1688 602 meis

307 635 662 692 »repugnantem
696 624 772 684 legi
815 623 967 669 mentis
993 640 1099 667 meae
1117 622 1159 675 '¹3
1190 645 1208 664 >a
1234 635 1275 668 et
1309 636 1406 687 post
1433 625 1688 685 hujusmodi

303 700 435 747 verba
467 696 713 756 subjecerit,
757 716 776 735 «
799 694 928 738 Miser
951 710 1027 752 ego
1060 693 1264 738 11011109»
1300 696 1346 739 Si
1379 712 1479 755 ergo
1519 696 1681 753 Adam,

305 787 407 817 cum
431 776 653 832 praecepto
682 764 807 811 vellet
830 764 1130 826 obtemperare
1153 763 1319 820 divino,
1360 766 1600 829 cupiditate
1622 767 1686 812 ir-

302 841 519 888 ritabatur
551 839 703 883 cibum
740 835 1004 881 manducare
1037 835 1342 898 prohibitum,
1382 837 1506 900 eique
1547 838 1688 884 carnis

303 908 677 973 concupiscentia,
699 906 870 969 qualem
887 905 1009 949 illum
1026 915 1067 949 et
1088 916 1193 950 tunc
1214 905 1321 950 dicis
1344 906 1564 963 habuisse,
1585 924 1688 953 con-

306 993 369 1027 tra
389 977 720 1041 concupiscenti
743 975 914 1038 spiritui
934 974 1177 1030 resistebat,
1210 991 1353 1020 nonne
1377 977 1593 1023 verissime
1616 976 1686 1022 di-

304 1062 436 1105 ceret,
459 1050 493 1095 si
517 1047 643 1095 vellet
670 1047 836 1102 dicere,
860 1067 878 1086 «
908 1045 1200 1093 Condelector
1222 1045 1303 1105 legi
1341 1047 1419 1092 Dei
1447 1048 1687 1094 secundum

303 1144 324 1164 »
348 1121 598 1167 interiorem
613 1117 854 1171 hominem,
874 1115 1000 1161 video
1020 1126 1162 1160 autem
1183 1115 1522 1176 ali21a11legemi11
1548 1136 1686 1164 mem-

302 1215 322 1236 »
341 1192 433 1239 bris
457 1192 558 1235 meis
579 1198 894 1252 repugnantem
919 1186 1003 1246 legi
1034 1186 1188 1231 mentis
1222 1188 1426 1233 meacm»
1454 1189 1689 1245 Quomodo

303 1280 403 1324 ergo
429 1279 515 1307 non
549 1271 641 1306 erat
668 1262 797 1304 miser
826 1257 978 1312 homo,
1017 1274 1119 1302 cum
1156 1269 1256 1320 post
1276 1259 1409 1304 verba
1444 1259 1548 1305 talia
1569 1260 1688 1306 dicat

302 1333 537 1398 Apostolus
561 1353 581 1373 (ι
605 1331 731 1376 Miser
755 1346 831 1389 ego
861 1329 1025 1374 homo?
1063 1330 1287 1375 Postremo
1313 1331 1536 1394 quomodo
1562 1332 1692 1378 miser

303 1423 391 1452 non
409 1415 516 1457 erat,
534 1414 576 1448 et
589 1400 978 1446 habebatliberam
998 1399 1283 1456 voluntatem,
1303 1403 1336 1445 si
1351 1403 1691 1465 concupiscente

303 1478 506 1525 adversus
526 1475 731 1538 spiritum
758 1489 905 1528 carne,
932 1481 1035 1516 teste
1055 1472 1151 1534 ipso
1179 1473 1386 1535 Apostolo
1402 1510 1413 1530 ,
1447 1491 1535 1520 11011
1553 1474 1691 1522 facie-

310 1551 390 1595 bat
418 1549 568 1611 utique
584 1545 705 1609 quod
723 1543 925 1591 Volebat?

372 1620 593 1678 Quoniam
614 1633 714 1676 ergo
732 1615 767 1660 si
786 1613 958 1670 dixeris,
983 1613 1124 1676 qualis
1148 1630 1268 1660 nunc
1292 1625 1372 1672 est,
1400 1615 1527 1662 talem
1562 1616 1692 1664 fuisse

307 1689 710 1754 concupiscentiam
732 1685 872 1732 carnis
898 1695 996 1730 ante
1032 1696 1283 1748 peccatum,
1310 1687 1455 1733 vincet
1478 1699 1518 1733 te
1534 1688 1691 1752 procul

306 1763 445 1810 dubio
463 1760 766 1808 Manichaeus:
792 1757 837 1802 in
857 1757 1112 1801 sententiam
1142 1773 1283 1802 meam
1304 1759 1455 1813 transi,
1496 1770 1537 1805 et
1579 1764 1692 1806 Am-

307 1836 501 1881 brosium
528 1832 763 1884 dicentem,
792 1845 870 1891 per
894 1826 1302 1890 praevaricationem
1323 1828 1512 1875 hominis
1538 1831 1688 1894 primi,

308 1907 354 1952 in
373 1916 575 1951 naturam
613 1902 787 1948 vertisse
807 1897 1071 1943 discordiam
1093 1898 1234 1942 carnis
1268 1909 1310 1943 et
1337 1899 1532 1962 spiritus,
1561 1903 1692 1948 ambo

311 1975 628 2040 approbemus,
646 1982 694 2017 ut
707 1968 1007 2015 Manichaeum
1028 1968 1158 2013 ambo
1176 1968 1416 2016 vincamus.
1440 1972 1529 2026 Qui
1549 1971 1692 2018 verbis

310 2050 412 2105 tuis,
444 2063 545 2110 quae
580 2042 644 2089 illi
676 2039 959 2105 composuisti
995 2039 1119 2102 quasi
1155 2040 1407 2097 recitaturo,
1448 2052 1489 2086 et
1506 2043 1625 2106 quod
1646 2043 1692 2089 in

313 2118 475 2165 scholis
492 2117 719 2162 rhetorum
746 2112 897 2173 agitari
921 2110 1043 2167 solet,
1067 2110 1202 2156 aliena
1221 2111 1394 2157 dicturo
1416 2130 1426 2157 :
1451 2134 1469 2154 α
1495 2115 1592 2159 Non
1619 2132 1692 2160 so-

310 2191 402 2237 lum
429 2202 744 2240 aeruniiiosum‚
766 2182 1047 2229 verumetiam
1065 2198 1233 2227 caecum
1258 2193 1451 2228 creatum
1476 2201 1562 2229 esse
1585 2184 1693 2231 dixit

313 2261 453 2309 Adam
485 2276 496 2304 ι
525 2278 545 2301 »
571 2256 688 2302 unde
715 2270 881 2300 caecum
900 2290 912 2309 ‚
950 2252 1032 2297 nisi
1066 2252 1168 2315 quia
1205 2269 1293 2297 non
1322 2265 1501 2300 noverat
1530 2272 1691 2318 pecca-

316 2343 408 2378 tum
422 2331 464 2389 33
483 2328 603 2393 quod
628 2326 796 2372 dictum
815 2334 876 2370 est
892 2323 937 2368 in
951 2322 1158 2368 laudibus
1176 2323 1371 2369 Christi?
1390 2324 1693 2390 Quaecumque

314 2404 427 2449 enim
452 2400 566 2447 mala
583 2416 671 2445 non
695 2392 1052 2461 persapienfiam,
1072 2393 1145 2439 sed
1167 2411 1268 2457 quae
1290 2412 1369 2458 per
1386 2397 1690 2459 experientiam

315 2474 568 2526 discuntur,
592 2469 776 2516 feliciter
809 2465 1075 2512 nesciuntur.
1109 2465 1195 2511 Sed
1228 2465 1314 2511 hoc
1350 2477 1501 2512 contra
1542 2468 1691 2514 Mani-

315 2545 493 2592 chaeum
520 2541 574 2589 de
603 2538 847 2601 ignorantia
883 2536 1012 2601 primi
1042 2536 1234 2583 hominis
1257 2536 1622 2593 calumniantem,
1645 2549 1691 2585 tu

299 2614 304 2618 ,
364 2627 373 2649 ¹
394 2629 487 2658 Rom.
508 2635 564 2662 vix,
585 2625 699 2655 23.—-
716 2619 827 2654 2Ibid.
851 2631 908 2654 2².
931 2637 973 2644 ——
992 2616 1007 2642 ³
1028 2631 1046 2650 2
1069 2620 1142 2652 Cor.
1164 2630 1219 2658 xv,
1241 2630 1296 2653 αι,
