1824 3236
193 308 346 339 OPERIS
382 309 639 340 IMPERFECTI
677 309 848 340 CONTRA
889 310 1134 354 JL'LIANUM,
1176 316 1261 345 ΗΒ.
1305 317 1364 347 Vt.
1415 300 1506 367 497

138 374 331 421 »dentes
356 375 546 422 filiorum
584 377 950 439 obstupueruntl.
975 402 994 421 »
1028 397 1114 425 non
1153 393 1341 428 vestrum
1377 401 1510 444 argu-

136 458 356 504 mentum,
396 446 469 493 sed
510 447 684 493 Novum
727 449 1078 507 Testamentum,
1114 469 1191 498 nec
1228 456 1511 513 generationis

135 528 288 564 natura
305 555 316 574 ,
346 517 418 564 sed
436 517 570 578 gratia
591 519 920 578 regenerationis
935 521 1145 569 absolvat.

201 589 406 635 Definitio
435 605 538 635 vero
566 589 639 635 illa
677 591 874 654 peccati,
916 592 992 637 ubi
1028 592 1282 653 intelligitur
1311 596 1512 643 voluntas

135 670 342 722 appetens
356 659 475 724 quod
486 660 653 720 justitia
668 671 801 719 vetat,
818 673 860 707 et
873 662 985 708 unde
1002 662 1188 709 liberum
1205 676 1266 710 est
1277 666 1508 723 abstinere,

133 727 248 776 illius
278 732 448 795 peccati
481 731 676 777 definitio
697 743 780 788 cst„
806 732 924 796 quod
952 734 1254 780 tantummodo
1282 749 1512 798 peccatum

133 811 220 859 est,
243 819 332 848 non
348 802 613 866 quodetiam
643 820 776 866 poena
805 805 975 867 peccati
1000 822 1010 849 :
1035 805 1153 868 quod
1181 809 1324 852 nescio
1348 811 1515 871 quoties

134 876 215 922 tibi
241 880 334 936 jam
364 874 418 920 ad
442 874 521 920 ista
547 890 800 937 responsum
826 886 901 922 est.
942 876 1031 932 Qui
1055 877 1168 921 enim
1204 877 1311 923 dicit
1337 897 1347 924 :
1373 900 1391 920 α
1418 880 1516 925 Nou

134 945 298 1010 »quod
332 944 431 991 volo
456 944 623 989 bonum
646 945 782 1002 sacio‚
824 946 894 992 sed
932 946 1052 1010 quod
1091 947 1192 993 nolo
1232 949 1392 995 malum
1430 950 1515 996 hoc

133 1022 153 1058 >3
180 1015 317 1076 ago-⁹³3
339 1037 359 1058 »
378 1032 464 1061 non
488 1015 549 1060 illi
574 1016 628 1060 ab
661 1016 745 1062 lioc
768 1016 879 1062 malo
912 1017 1097 1064 liberum
1123 1030 1184 1064 est
1209 1020 1444 1077 abstinere,
1473 1033 1515 1068 et

132 1086 229 1133 ideo
243 1087 418 1133 invocat
432 1086 708 1132 liberatorem
725 1124 735 1143 ‚
757 1089 856 1150 quia
875 1088 1067 1152 perdidit
1086 1090 1344 1139 libertatem.

196 1159 343 1208 XXII.
373 1159 471 1204 JUL.
502 1179 521 1199 α
541 1158 734 1220 Tempus
751 1159 956 1205 admonet
978 1171 1025 1206 ut
1045 1161 1096 1206 ad
1113 1161 1193 1208 alia
1215 1172 1479 1211 transeamus
1502 1184 1511 1211 :

134 1229 207 1275 sed
231 1230 274 1275 in
292 1229 556 1276 eodemloco
578 1240 735 1275 restare
750 1229 915 1294 aliquid
941 1232 1238 1293 indignatione
1255 1237 1509 1299 compellor.

130 1305 283 1348 Tu-ne
318 1301 474 1348 audeas
506 1302 651 1348 dicere
694 1300 835 1346 Adam
875 1302 1098 1350 voluntate
1130 1310 1360 1368 peccasse?
1390 1309 1516 1355 Unde

131 1375 214 1420 tibi
236 1374 355 1420 venit
379 1373 466 1420 hoc
494 1372 743 1419 somnium?
769 1372 903 1428 Quia,
939 1374 1138 1437 iniquum
1157 1414 1167 1425 .
1203 1377 1346 1441 inquis
1365 1418 1375 1436 ‚
1404 1394 1513 1439 erat,

129 1457 177 1492 ut
203 1441 444 1510 imputaret
464 1446 508 1491 in
533 1454 765 1508 peccatum
796 1445 908 1489 Deus
925 1482 936 1501 ‚
960 1446 1042 1491 nisi
1067 1464 1089 1491 a
1115 1464 1204 1511 quo
1227 1450 1440 1496 abstinere
1459 1452 1516 1497 li-

127 1516 283 1562 berum
315 1526 475 1562 nosset.
518 1514 641 1572 Quid
674 1519 804 1575 ergo?
837 1515 952 1562 hanc
972 1518 1184 1576 J'ustitiam
1214 1519 1284 1565 ille
1309 1522 1515 1586 princeps

129 1588 404 1634 tenebrarum
442 1603 572 1650 quem
606 1585 771 1641 colitis,
807 1586 860 1632 ad
886 1600 1155 1634 momentum
1181 1590 1217 1635 ei
1243 1592 1510 1649 crediderat,

127 1669 170 1704 et
187 1676 280 1705 eam
304 1658 560 1723 propediem
585 1674 813 1720 reposcens
840 1658 960 1704 hunc
994 1661 1133 1705 Deum
1159 1663 1277 1707 omni
1308 1665 1512 1727 aequitate

127 1728 349 1785 destituit,
382 1728 526 1792 utqui
552 1727 815 1773 intellexerat
847 1747 870 1774 a
892 1729 1137 1792 primordio
1159 1749 1245 1777 non
1265 1750 1350 1779 esse
1367 1735 1510 1798 impu-

128 1801 310 1861 tandum
331 1801 376 1846 in
399 1810 648 1864 peccatum,
671 1799 751 1844 nisi
773 1799 887 1845 unde
908 1800 1097 1846 liberum
1115 1802 1255 1848 fuerat
1274 1804 1504 1864 abstinere,

126 1888 204 1934 per
228 1888 356 1916 omne
375 1870 590 1932 reliquum
614 1880 786 1932 tempus
806 1888 829 1915 a
856 1872 1024 1916 cunctis
1044 1875 1322 1921 nascentibus
1340 1880 1508 1924 noverit

127 1942 339 1987 abstinere
361 1941 548 1987 liberum
571 1957 657 1985 non
669 1939 826 1986 fuisse?
845 1941 1067 1987 Postremo
1093 1943 1206 1989 unde
1225 1955 1267 1990 tu
1288 1948 1423 2003 nosti,
1448 1948 1505 1993 il-

124 2013 203 2059 lud
223 2010 526 2058 tantummodo
546 2015 716 2071 J'ustum
740 2009 893 2066 fuisse,
931 2022 977 2056 ut
1002 2013 1046 2057 in
1074 2014 1212 2059 Adam
1237 2015 1318 2060 nisi
1350 2017 1503 2063 volun-

126 2085 283 2130 tarium
305 2083 470 2130 crimen
493 2100 580 2128 non
619 2081 752 2145 possit
783 2081 961 2135 ulcisci3
999 2083 1033 2128 si
1057 2083 1267 2144 injustum
1303 2104 1388 2133 esse
1415 2107 1501 2135 non

124 2155 260 2210 nosti,
284 2154 493 2218 imputari
520 2153 722 2216 cuiquam
752 2153 793 2197 in
827 2153 1019 2209 crimen,
1061 2155 1180 2218 quod
1218 2155 1387 2203 fatearis
1415 2160 1504 2205 sine

124 2223 347 2270 voluntate
370 2226 648 2286 susceptum?
681 2224 883 2283 Autergo
911 2225 1162 2286 opinionem
1191 2227 1382 2274 traducis
1403 2233 1501 2289 jus-

126 2306 213 2340 tam
249 2295 452 2357 putabis‚
487 2304 536 2340 ut
574 2294 651 2339 Dei
687 2296 820 2357 possit
857 2295 1088 2340 convenire
1122 2298 1368 2355 sententiae‚
1400 2317 1502 2347 cum

123 2365 553 2429 imputatpeccatum
581 2363 788 2426 parvulo,
820 2364 938 2427 quod
960 2365 1145 2410 sitnulla
1166 2370 1256 2426 ejus
1282 2368 1504 2418 voluntate

124 2437 431 2492 commissum3
456 2446 497 2481 et
523 2437 687 2495 cogeris
715 2435 824 2481 illud
853 2440 1208 2499 quoquejustum
1228 2449 1269 2483 et
1289 2440 1366 2485 Dei
1392 2459 1502 2489 con-

123 2507 489 2568 veniensjudiciis
507 2505 702 2570 profiteri
723 2543 732 2561 ‚
767 2517 813 2552 ut
843 2507 950 2552 Adae
970 2508 1252 2570 imputaverit
1276 2509 1320 2555 in
1340 2528 1497 2574 pecca-

125 2587 218 2622 tum
235 2614 246 2635 ‚
277 2577 398 2640 quod
422 2588 603 2623 noverat
620 2577 676 2622 ab
703 2594 752 2622 eo
766 2595 853 2623 non
878 2578 1127 2636 voluntate,
1151 2579 1222 2626 sed
1250 2582 1504 2630 substantiae

175 2661 325 2694 ¹Jerem.
344 2672 431 2698 xxxx,
452 2673 506 2703 29.
523 2680 565 2687 —-
581 2660 596 2683 ²
616 2665 708 2694 Rom.
731 2672 793 2699 vu,
815 2664 867 2695 15.

287 2729 428 2759 nxmv.
1317 2716 1374 2762 32
