1863 3262
960 256 978 279 θ

339 307 400 352 36
764 322 798 352 Β.
842 321 1085 352 AUGUSTINI
1121 321 1324 354 EPISCOPI

339 389 484 453 placet
502 397 550 433 ut
574 387 692 433 dicat
712 388 828 432 Deus
852 405 862 432 ε
884 410 904 429 «
933 388 1258 451 Iniquissimum
1277 399 1317 435 et
1335 387 1543 435 stolidum
1570 399 1649 444 est,
1669 399 1719 436 ut

339 477 431 504 mea
457 476 545 513 res,
592 475 685 503 mea
726 458 866 517 imago
894 457 1039 503 alienis
1080 470 1280 518 gravetur
1304 459 1509 522 operibus
1538 477 1549 504 t
1585 479 1606 503 η
1639 476 1718 506 cur

340 547 427 575 non
450 529 609 592 quaeris
634 529 747 574 unde
767 529 819 573 sit
838 532 1004 588 justum
1020 567 1031 583 ,
1055 540 1103 574 ut,
1127 530 1266 576 anima
1291 548 1418 576 carne
1442 529 1494 575 de
1521 530 1717 594 parenti-

338 600 421 646 bus
442 610 576 645 tracta
599 610 639 644 et
662 600 796 662 ipsius
822 600 899 644 Dei
922 610 1123 659 gravetur
1145 600 1380 663 operibus?
1405 604 1578 664 Corpus
1602 600 1717 646 enim

336 669 622 733 corruptibile
642 679 854 729 aggravat
873 668 1099 716 animam1.
1132 672 1180 714 tit
1200 682 1306 733 puto
1324 681 1361 716 te
1374 687 1618 729 agnoscere,
1637 671 1717 716 Dei

336 758 450 805 opus
471 758 557 785 esse
575 740 704 784 ctiam
745 740 1034 802 corruptibile
1053 757 1227 803 corpus.
1261 741 1379 797 Quid
1410 741 1542 801 igitur
1558 741 1717 787 meruit

335 813 479 871 imago
508 813 604 866 Dei,
634 822 681 856 ut
706 811 757 855 ad
777 810 1139 873 impedimentum
1162 828 1300 856 rerum
1321 811 1593 857 sciendarum
1614 828 1717 857 cor-

332 883 535 947 ruptibili
562 899 745 945 corpore
784 892 1009 941 gravetur,
1048 883 1080 926 si
1095 882 1265 927 nullum
1282 894 1344 927 est
1380 882 1588 942 originale
1607 899 1716 946 pec-

330 958 509 1001 catum?
550 955 636 999 (lut
675 963 816 997 autem
845 969 931 997 non
969 952 1097 997 etiam
1124 952 1210 997 hoc
1248 952 1350 997 facis
1377 954 1514 998 Deum
1544 953 1710 1009 dicere,

335 1025 659 1089 Iniquissimum
678 1034 717 1069 et
736 1023 939 1068 stolidum
961 1034 1039 1078 est,
1064 1033 1110 1068 ut
1136 1040 1225 1068 mea
1247 1040 1328 1078 res,
1355 1040 1447 1068 mea
1478 1023 1618 1083 imago
1638 1040 1716 1086 per

327 1098 629 1144 infidelitatem
650 1095 716 1139 vel
745 1094 1049 1153 negligentiam
1072 1106 1300 1157 parentum
1327 1094 1393 1139 vel
1418 1094 1715 1157 quorumlibet

328 1169 439 1214 inter
463 1184 573 1229 quos
593 1166 716 1219 vivit,
746 1164 811 1210 vel
837 1182 914 1226 per
939 1181 1264 1227 quamcumque
1288 1166 1601 1219 necessitatem,
1625 1164 1716 1211 sine

325 1240 547 1304 baptismo
577 1237 629 1281 de
650 1252 831 1298 corpore
848 1245 981 1289 exeat,
1008 1234 1117 1280 etad
1148 1251 1328 1294 regnum
1351 1252 1492 1280 meum
1521 1251 1609 1280 non
1634 1234 1716 1280 ad·-

326 1314 525 1359 mittatur
571 1324 649 1353 nec
673 1306 761 1351 vita
782 1306 916 1357 vivat,
940 1305 1041 1367 quia
1066 1322 1238 1350 carnem
1264 1316 1456 1351 sanctam
1476 1323 1562 1351 non
1589 1322 1715 1351 man-

325 1384 520 1436 ducavit,
542 1397 620 1427 nec
633 1377 882 1437 sanguinem
900 1375 1068 1420 bihit2?
1087 1378 1152 1422 An
1167 1387 1208 1422 et
1228 1386 1380 1422 contra
1403 1377 1525 1422 istam
1548 1374 1715 1422 Christi

324 1454 579 1502 sententiam
604 1448 848 1512 disputabis
891 1457 1020 1509 atque
1044 1447 1271 1501 clamabis,
1311 1446 1474 1499 (licens,
1510 1448 1708 1504 Prorsus,

320 1526 486 1572 etiamsi
510 1541 598 1569 non
621 1518 947 1566 manducaverit
975 1534 1148 1562 carnem
1184 1517 1368 1573 Christi,
1394 1534 1533 1582 neque
1550 1518 1713 1564 biberit

323 1602 414 1657 ejus
458 1594 728 1654 sanguinem.v
757 1590 846 1635 vita
870 1589 1016 1634 vivet?
1050 1588 1089 1633 O
1128 1604 1299 1643 vocem,
1320 1592 1461 1648 cujus,
1492 1589 1572 1634 nisi
1597 1588 1714 1635 anti-

324 1666 506 1713 christi?
530 1662 666 1719 Vade,
702 1660 773 1706 dic
796 1660 876 1705 ista
918 1658 1026 1704 doce
1059 1658 1138 1703 ista
1169 1676 1180 1703 t
1212 1659 1390 1704 audiant
1411 1670 1450 1704 te
1475 1658 1715 1705 Christiani

324 1738 405 1785 viri
424 1748 465 1782 et
481 1734 697 1787 foeminae,
717 1728 1112 1775 audianthomines
1136 1739 1278 1774 mente
1292 1729 1509 1792 corrupti,
1535 1729 1713 1792 reprobi

324 1811 440 1856 circa
470 1807 598 1852 fidem
630 1823 641 1849 ι
667 1802 846 1849 audiant
868 1811 924 1856 te,
946 1810 1090 1845 ament
1112 1810 1167 1858 te,
1189 1800 1406 1846 honorent
1425 1811 1483 1854 te,
1505 1812 1706 1863 pascant,

321 1879 524 1932 vestiant,
555 1885 709 1921 ornent
736 1884 795 1925 te,
828 1881 869 1916 et
896 1870 1114 1933 perditum
1136 1870 1356 1932 sequendo
1377 1870 1566 1934 perdant
1583 1881 1625 1916 et
1647 1888 1703 1919 se.

321 1971 342 1991 α
369 1949 453 1994 Sed
478 1946 597 1992 novit
618 1943 830 1989 Dominus
845 1942 921 2003 qui
945 1950 1046 1985 sunt
1068 1943 1159 1998 ejus
1184 1939 1218 1996 3,
1243 1962 1261 1981 ›>
1288 1958 1367 1986 nec
1388 1940 1709 2003 desperandum

324 2030 387 2066 est
408 2029 448 2065 et
475 2018 528 2063 de
543 2015 686 2068 vobis,
714 2012 910 2076 quandin
935 2011 1144 2074 patientla
1171 2013 1262 2069 eJ'us
1280 2011 1550 2076 impenditur
1568 2012 1704 2060 vobis,

396 2088 530 2135 XLV.
550 2087 649 2130 JUL.
674 2105 693 2123 «
712 2083 795 2127 Cui
818 2082 938 2126 hunc
959 2091 1117 2125 statum
1140 2080 1258 2134 dedi,
1283 2082 1382 2125 utei
1398 2081 1559 2126 nolenti
1583 2098 1709 2128 nemo

326 2169 500 2206 noceret
515 2166 726 2207 externus,
755 2151 826 2197 sed
845 2161 998 2213 sponte
1032 2160 1268 2212 capesseret
1299 2151 1366 2197 vel
1391 2162 1620 2214 peccatum
1642 2151 1710 2199 vel

322 2230 561 2292 J‘ustitiam,
586 2224 653 2270 vel
678 2222 908 2286 praemium
931 2220 997 2265 vel
1014 2230 1195 2266 reatum.
1222 2242 1242 2262 »

396 2302 510 2346 Ano.
546 2298 608 2340 De
626 2294 770 2356 prima
802 2290 992 2336 hominis
1018 2301 1173 2336 natura
1194 2290 1279 2336 hoc
1316 2291 1403 2336 dici
1428 2303 1584 2355 potest,
1618 2310 1708 2339 non

330 2371 383 2418 de
403 2371 481 2416 ista
502 2367 651 2413 vitiata
681 2374 810 2426 atque
831 2361 1051 2406 damnata.
1083 2362 1232 2424 Neque
1252 2362 1364 2406 enim
1384 2373 1424 2407 et
1442 2363 1486 2407 in
1504 2363 1706 2426 paradiso

325 2452 423 2487 ante
451 2446 681 2502 peccatum
707 2432 969 2492 aggravabat
989 2431 1175 2476 animam
1196 2448 1355 2494 corpus
1378 2433 1668 2496 corruptibile
1689 2451 1701 2478 ε

325 2523 399 2558 aut
423 2526 524 2556 vero
550 2522 685 2568 usque
709 2503 814 2548 adeo
837 2519 910 2547 vos
938 2512 1077 2547 mente
1113 2502 1310 2565 corrupti
1341 2503 1467 2559 estis,
1495 2514 1544 2549 ut
1575 2504 1703 2549 etiam

323 2583 413 2629 hoc
429 2580 573 2626 dicere
596 2574 802 2622 audeatis.
831 2572 877 2619 Si
906 2583 1048 2618 autem
1084 2589 1173 2618 non
1196 2572 1362 2619 audetis
1379 2610 1392 2631 ,
1415 2573 1549 2621 dicite
1571 2590 1705 2638 quare

369 2665 382 2690 ι
399 2666 472 2707 Sap,
491 2673 540 2705 1x,
564 2661 617 2695 15.
637 2676 682 2684 -
701 2655 717 2682 ²
736 2659 833 2692 Joan.
854 2667 899 2696 vx,
918 2657 974 2693 54.
993 2673 1039 2682 —
1057 2653 1072 2680 ³
1091 2667 1109 2689 2
1127 2655 1213 2703 Τὶω.
1233 2667 1272 2697 11,
1295 2667 1348 2698 19.
