1863 3262
376 204 469 259 254
782 219 815 247 s.
860 217 1102 248 Accus'rint
1140 218 1343 246 Episcovi

375 285 516 329 titutae
540 293 657 337 sunt,
682 299 782 345 qnze
806 283 893 327 sine
915 283 1219 328 commixtione
1238 300 1323 329 esse
1344 299 1431 328 non
1446 293 1642 346 possunt,
1665 281 1755 326 dia-

375 353 479 398 bolo
509 353 789 416 mancipasse.
818 375 836 394 ›>

441 425 553 469 Aua.
575 424 671 468 Hoc
696 422 814 468 nulla
831 423 995 468 ratione
1015 422 1170 469 docere
1192 423 1388 486 potuisti,
1411 422 1609 487 quamvis
1627 421 1757 467 fueris

377 492 515 538 multa
539 493 813 538 contentione
837 505 1018 539 conatus
1041 512 1052 539 ι
1077 495 1196 557 quod
1220 505 1401 557 possunt
1426 493 1588 548 videre,
1610 493 1686 556 qui
1702 492 1758 536 le-

381 574 488 623 gunt
514 573 555 608 et
585 574 682 609 tuas
707 563 970 619 calumnias,
997 576 1039 610 et
1066 565 1342 610 refutationes
1369 582 1497 612 meas.

377 650 395 685 {5
420 683 422 686 ,
446 633 573 680 CVL.
601 637 699 680 JtJL.
731 655 751 675 «
767 634 862 679 Hoc
878 651 977 694 ergo
990 652 1105 680 nunc
1123 635 1204 679 sibi
1222 635 1450 697 proponit,
1476 645 1517 680 et
1533 632 1763 697 praemittit

378 703 759 763 interrogationem
776 721 930 751 meam.
959 727 978 746 >2
996 704 1113 749 Dicis
1132 721 1250 763 ergo,
1270 705 1432 767 inquit,
1455 704 1552 750 ideo
1567 703 1661 749 illos
1678 719 1764 748 csse

379 773 462 818 sub
483 772 681 830 diabolo,
726 774 827 837 quia
852 773 905 819 de
936 791 1055 820 sexus
1081 774 1304 836 utriusque
1329 774 1635 819 commixtione
1655 790 1758 818 nas-

379 854 543 889 cuntur
565 842 583 872 1
610 862 620 888 :
651 865 670 885 α
695 844 761 890 Ad
784 844 902 907 quod
926 845 1099 908 qualem
1129 843 1462 890 satisfactionem
1487 844 1659 898 referat,
1685 859 1766 889 au—

380 914 567 960 diamus.
602 936 622 956 »
644 914 773 969 Dico,
798 916 961 978 inquit,
988 915 1118 978 plane
1135 926 1317 978 propter
1332 914 1543 961 delictum
1562 915 1656 960 illos
1682 930 1767 959 esse

382 984 465 1029 sub
484 984 662 1029 diabolo
687 1002 697 1029 :
726 985 824 1030 ideo
865 996 1010 1031 autem
1049 997 1239 1049 expertes
1262 1003 1350 1031 non
1370 1003 1456 1031 esse
1473 985 1639 1040 delicti,
1664 984 1768 1047 quia

379 1053 433 1098 de
452 1054 525 1099 illa
543 1056 851 1101 commixtione
871 1067 971 1101 sunt
1000 1058 1105 1113 nati,
1131 1073 1230 1119 quae
1249 1055 1337 1101 sine
1356 1056 1564 1119 pudenda
1583 1055 1767 1101 libidine

380 1141 466 1170 non
487 1135 631 1188 potest
653 1127 781 1171 etiam
824 1127 945 1190 quod
983 1127 1216 1172 honestum
1239 1139 1301 1172 est
1325 1128 1496 1190 operari
1519 1145 1529 1172 :
1554 1126 1661 1173 dixit
1680 1125 1767 1171 hoc

379 1195 509 1240 etiam
527 1196 788 1242 beatissimae
813 1198 1033 1243 memoriae
1058 1198 1326 1244 Ambrosius.
1358 1219 1377 1239 α
1405 1198 1444 1244 O
1466 1197 1767 1243 calamitosam

383 1264 576 1311 hominis
592 1267 879 1330 pravitatem!
906 1286 930 1313 o
957 1268 1244 1314 intentionem
1270 1267 1530 1314 nefandam!
1558 1267 1767 1313 ofalsita-

382 1344 468 1381 tem
492 1336 859 1384 erubescendam!

451 1409 565 1453 Am.
592 1407 814 1464 Exclama,
845 1408 1035 1455 exclama
1056 1420 1272 1472 qnantum
1296 1420 1419 1473 potes
1443 1426 1455 1453 ε
1479 1407 1591 1454 adde
1622 1406 1767 1452 excla-

383 1477 650 1523 mationibus
676 1478 779 1535 tuis,
804 1496 828 1524 o
853 1480 926 1524 bia
961 1480 994 1526 2.
1039 1480 1184 1524 Homo
1205 1480 1371 1543 quippe
1406 1480 1640 1534 innocens,
1679 1477 1769 1524 vim

382 1547 562 1610 pateris,
593 1558 640 1592 ut
670 1549 968 1594 Manichaeum
997 1549 1140 1594 dicere
1160 1549 1327 1610 cogaris
1353 1549 1646 1595 Ambrosium.
1672 1548 1768 1593 Ab-

383 1617 454 1673 sit,
483 1617 645 1681 inquis,
667 1629 714 1663 ut
728 1618 887 1666 dicam.
915 1623 1006 1664 Cur
1024 1623 1204 1683 quaeso?
1221 1628 1287 1665 An
1303 1620 1377 1666 hic
1396 1619 1586 1665 ostendis
1604 1628 1769 1682 quanta

386 1688 440 1734 sit
466 1688 680 1735 fortitudo
707 1689 834 1734 liberi
861 1690 1048 1746 arbitrii,
1089 1691 1267 1754 quando
1312 1701 1475 1736 tantam
1496 1691 1582 1735 vim
1610 1689 1769 1752 pateris

386 1769 436 1804 ut
453 1758 590 1816 dicas,
621 1777 700 1805 nec
724 1770 866 1806 tamen
884 1761 1006 1808 dicis.
1034 1762 1126 1806 Cur
1147 1779 1248 1821 ergo
1264 1780 1330 1807 me
1351 1762 1476 1816 dicis,
1506 1760 1625 1824 quod
1644 1759 1768 1805 illum

385 1846 470 1874 esse
495 1846 582 1874 non
611 1828 736 1886 dicis,
769 1847 870 1875 cnm
892 1831 978 1876 hoc
997 1831 1067 1877 ille
1099 1842 1223 1877 tanto
1246 1843 1342 1878 ante
1365 1832 1535 1887 dixerit,
1554 1830 1673 1895 quod
1692 1847 1768 1890 ego

383 1916 502 1944 nunc
521 1899 638 1956 dico,
668 1911 798 1963 atque
824 1902 869 1946 in
892 1901 976 1947 hac
1000 1903 1208 1948 sententia
1245 1914 1429 1967 propter
1449 1919 1583 1965 quam
1621 1901 1765 1946 Mani-

387 1969 562 2015 chaeum
588 1987 655 2015 me
680 1970 788 2016 dicis
812 2008 823 2027 ,
852 1971 963 2017 mihi
1003 1982 1044 2017 et
1079 1972 1144 2018 illi
1168 1973 1220 2018 sit
1244 1991 1372 2019 causa
1413 1971 1770 2017 c01n1nunist>An

387 2041 598 2104 qnoniam
638 2058 726 2086 non
762 2042 929 2087 invenis
947 2059 1033 2106 qua
1057 2060 1198 2099 exeas,
1226 2044 1336 2089 iram
1369 2042 1547 2107 quidem
1572 2041 1765 2097 simulas,

382 2127 472 2156 non
496 2121 639 2156 tamen
663 2112 797 2156 iratus
824 2112 896 2156 sed
921 2113 1119 2157 turbatus
1147 2113 1388 2158 exclamas?
1417 2112 1578 2157 Verum
1595 2112 1640 2156 in
1664 2111 1769 2174 ipsis

383 2181 771 2227 exclamationibus
807 2182 890 2227 tuis
925 2182 1055 2227 audio
1085 2201 1095 2227 ε
1126 2205 1145 2224 α
1172 2183 1211 2228 O
1247 2183 1543 2229 calamitosam
1577 2181 1768 2226 hominis

380 2251 662 2314 pravitatem!
693 2252 731 2307 Q
742 2251 809 2297 uia
828 2251 1027 2298 videlicet
1044 2253 1178 2298 homo
1200 2271 1295 2299 sum
1314 2253 1591 2299 calamitosus
1610 2262 1652 2297 et
1668 2269 1769 2314 pra-

384 2338 483 2378 vus,
510 2323 588 2386 qui
615 2323 855 2368 consentire
891 2323 1000 2383 eligo
1022 2324 1284 2369 Ambrosio:
1328 2341 1459 2370 essem
1489 2340 1590 2369 vero
1614 2322 1769 2367 beatus

385 2403 427 2437 et
446 2403 605 2448 rectus,
635 2393 669 2437 si
687 2392 885 2452 eligerem
921 2395 1163 2440 consentire
1193 2395 1381 2442 Juliano.
1413 2393 1556 2440 Audio
1585 2410 1596 2438 ε
1624 2392 1663 2438 Ο
1695 2392 1768 2438 in·-

385 2464 623 2510 tentionem
655 2463 913 2511 nefandam!
945 2486 965 2507 >2
989 2466 1179 2512 Intentio
1200 2467 1369 2530 quippe
1396 2475 1542 2511 nostra
1580 2462 1767 2509 nefanda

434 2547 444 2570 ¹
462 2549 544 2589 Aug.
561 2547 620 2581 lib.
645 2558 677 2580 2.
697 2546 736 2578 de
750 2549 850 2590 Nupt.
868 2554 899 2580 et
916 2550 1012 2581 Cone.
1032 2561 1060 2583 e.
1083 2553 1114 2583 3.
1129 2569 1173 2575 —
1194 2549 1208 2571 ²
1224 2538 1255 2583 εἶ
1269 2547 1336 2590 β’ἴα,
1357 2560 1376 2581 o
1392 2549 1450 2583 vis.
