1863 3262
226 251 382 282 ornias
419 249 680 281 mimarum]
718 251 890 282 (tonna
928 252 1171 294 mimum,
1213 254 1294 283 1111.
1341 254 1398 285 1v.
1457 241 1547 297 245

173 318 288 363 tione
311 317 515 380 punitum
535 327 596 362 est
613 353 624 373 ‚
647 315 847 363 videlicet
865 326 912 362 ut
933 328 1030 363 ante
1049 334 1179 380 quam
1201 319 1245 364 in
1266 330 1426 382 pestem
1445 338 1548 384 pro-

172 387 340 434 cederet
359 387 648 442 audientium,
671 403 797 432 suum
817 386 1152 434 circumveniret
1172 399 1405 437 auctorem.
1434 392 1547 437 Ecce

169 459 284 515 enim
304 476 391 505 non
412 458 621 504 abnuitur
639 458 832 521 primum
850 458 1073 504 hominem
1107 459 1285 523 aliquod
1315 461 1546 508 incurrisse

167 540 423 593 'peccatum3
455 528 528 574 sed
554 529 767 592 quaeritur
797 529 1020 592 quomodo
1040 529 1128 576 1100
1147 542 1377 594 peccatum
1402 544 1546 596 posset

165 599 212 647 in
234 599 512 646 nascentibus
536 599 735 647 inveniri.
762 600 906 646 Defini
924 610 996 657 tu,
1026 601 1196 664 peccati
1213 602 1346 665 primi
1372 603 1544 665 qualem

164 680 292 733 putes
314 669 609 716 conditionem
632 670 760 716 fuisse
782 688 792 716 ε
827 669 937 716 dicis
952 707 963 726 ‚
988 693 1007 713 ›>
1033 671 1242 717 Voluntas
1263 671 1348 717 fuit
1372 672 1510 719 libera
1529 711 1540 730 ‚

163 757 252 786 non
271 740 384 786 enim
404 751 548 804 potest
569 757 654 786 esse
671 740 761 786 sine
778 740 1001 787 voluntate
1018 752 1248 804 peccatum
1274 760 1284 787 :
1309 763 1328 784 c<
1350 743 1438 787 Nos
1456 743 1544 789 1100

161 811 416 875 probamus.
452 812 520 857 Tu
539 828 639 857 vero
663 810 836 867 subdis,
859 834 879 853 »
906 811 990 857 Sed
1023 811 1109 857 1100
1133 823 1365 875 peccatum
1382 849 1393 862 ,
1423 813 1543 875 quod

159 883 252 928 sine
275 882 498 929 voluntate
523 899 610 929 esse
632 901 720 929 non
737 893 880 946 potest
896 920 907 940 ‚
934 883 1074 930 haeret
1092 883 1181 929 sine
1201 883 1424 931 voluntate
1450 901 1543 930 nas-

159 953 374 1000 centibus,

223 1028 340 1071 Aue.
372 1024 520 1069 Haeret
542 1041 620 1087 per
635 1025 885 1085 contagium
906 1061 917 1081 ‚
941 1042 1029 1071 non
1052 1042 1130 1089 per
1154 1025 1400 1072 arbitrium.

221 1095 385 1142 XCIX.
414 1095 513 1141 JUL.
556 1115 575 1136 α
604 1094 778 1140 Falsum
802 1105 864 1140 est
888 1112 988 1156 ergo
1003 1095 1125 1159 quod
1144 1112 1430 1151 concesseraS,
1453 1112 1541 1141 non

156 1183 242 1212 esse
284 1166 374 1212 sine
409 1165 632 1212 voluntate
658 1176 891 1229 peccatum
913 1188 922 1222 3
963 1166 996 1211 si
1033 1166 1135 1212 licet
1172 1166 1451 1212 commissum
1487 1167 1541 1212 sit

156 1253 235 1299 per
271 1236 565 1293 voluntatem,
608 1246 753 1282 tamen
790 1235 844 1282 ad
878 1236 984 1282 alios
1013 1237 1159 1300 potuit
1192 1237 1282 1284 sine
1315 1237 1541 1284 voluntate

157 1308 349 1354 transire.
375 1329 396 1350 2>

219 1380 332 1425 Aue.
376 1379 475 1425 Non
508 1388 570 1424 est
606 1377 766 1424 salsum
801 1377 923 1441 quod
959 1394 1285 1437 concesseram,
1322 1380 1427 1443 quia
1450 1381 1540 1428 sine

152 1449 377 1495 voluntate
393 1449 534 1505 illius,
558 1467 580 1495 a
605 1465 693 1513 quo
713 1459 776 1494 est
801 1449 920 1509 origo
945 1451 1215 1496 nascentium
1234 1488 1244 1507 ,
1270 1461 1434 1496 nonest
1450 1450 1535 1498 fac-

153 1530 244 1565 tum
266 1520 474 1579 originale
500 1529 730 1582 peccatum
752 1537 762 1565 :
795 1520 943 1583 potuit
962 1531 1106 1566 autem
1128 1520 1183 1566 ad
1213 1521 1316 1566 alios
1339 1538 1417 1584 per
1431 1539 1534 1568 con-

152 1592 313 1651 tagium
335 1592 424 1637 sine
446 1591 667 1637 voluntate
699 1592 878 1637 transire
895 1628 907 1648 ,
934 1591 1055 1655 quod
1084 1609 1171 1638 non
1196 1593 1345 1656 potuit
1369 1593 1426 1638 ab
1458 1593 1532 1639 illo

150 1662 239 1707 sine
263 1662 488 1708 voluntate
506 1663 736 1710 committi.
773 1667 837 1709 Ac
857 1680 932 1726 per
952 1662 1040 1709 hoc
1054 1700 1064 1720 ‚
1097 1663 1187 1709 sine
1204 1663 1428 1710 voluntate
1446 1681 1533 1710 esse

149 1749 236 1778 non
250 1743 410 1796 posset,
438 1743 485 1778 ut
505 1744 612 1778 esset
627 1732 749 1796 quod
765 1733 810 1778 in
829 1732 934 1778 alios
953 1734 1043 1779 sine
1060 1733 1285 1780 voluntate
1303 1735 1526 1780 transiret:

147 1804 258 1849 sicut
280 1803 496 1850 frumenta
521 1805 610 1850 sine
633 1804 859 1850 radicibus
878 1821 965 1850 esse
983 1822 1071 1850 non
1092 1816 1297 1868 possent,
1323 1816 1370 1851 ut
1394 1817 1530 1852 essent

148 1890 248 1937 quae
266 1874 310 1919 111
329 1874 410 1920 alia
431 1874 525 1920 loca
549 1875 728 1920 transire
756 1875 846 1920 sine
865 1874 1090 1920 radicibus
1104 1887 1295 1938 possent.

213 1945 263 1990 (2.
289 1944 390 1992 JUL.
419 1966 439 1984 (ι
465 1946 540 1989 Est
556 1948 762 2004 ergojam
781 1945 870 1990 sine
890 1944 1111 1990 voluntate
1136 1956 1366 2008 peccatum
1387 1983 1398 2003 ,
1423 1963 1524 1992 00111

145 2015 364 2060 invenitur
383 2015 426 2060 in
454 2015 521 2061 his
536 2016 696 2078 quibus
711 2015 870 2060 malam
892 2015 1023 2078 eripis
1043 2016 1364 2063 voluntatem.»

211 2088 328 2133 Auo.
364 2087 648 2132 Estomnino
684 2086 774 2132 sine
802 2085 1028 2132 voluntate
1064 2097 1324 2149 peccatum,
1356 2087 1402 2133 id
1430 2097 1491 2134 est
1514 2125 1524 2141 ‚

144 2167 300 2204 manet.
335 2159 430 2203 Non
454 2157 567 2202 enim
596 2168 787 2204 maneret
808 2194 818 2212 ,
840 2157 923 2202 11151
941 2167 1048 2203 05501
1069 2158 1221 2222 utique
1238 2157 1359 2223 quod
1382 2177 1528 2205 mane-

142 2238 237 2273 ret:
261 2227 332 2274 sed
359 2239 408 2274 ut
436 2239 539 2274 esset
565 2228 684 2291 quod
717 2238 912 2274 maneret
939 2227 1028 2274 sine
1055 2228 1305 2285 voluntate,
1344 2247 1431 2276 non
1466 2241 1529 2276 est

142 2296 305 2344 facturn
335 2299 416 2345 nisi
447 2299 702 2345 voluntate:
728 2299 763 2344 si
785 2309 928 2344 tamen
967 2309 1196 2362 peccatum
1222 2300 1527 2347 tantummodo

141 2379 372 2432 peccatum
395 2369 478 2425 sit,
501 2386 588 2415 non
612 2369 741 2415 etiam
764 2386 927 2433 poena3
955 2369 1040 2415 hac
1068 2371 1184 2416 enim
1210 2372 1396 2436 quisque
1418 2389 1528 2435 pec-

141 2449 213 2484 cat
238 2439 414 2487 invitus.
459 2439 532 2485 Sic
557 2457 658 2500 ergo
687 2451 923 2504 utrumque
947 2458 1098 2487 verum
1131 2452 1224 2498 est,
1257 2453 1297 2488 et
1321 2459 1407 2488 esse
1439 2459 1527 2487 non

140 2526 264 2573 posse
286 2510 375 2555 sine
393 2509 615 2556 voluntate
639 2521 867 2574 peccatum
886 2548 896 2568 ,
928 2522 969 2557 01
994 2529 1079 2557 0550
1099 2529 1222 2575 posse
1247 2513 1338 2559 sine
1367 2512 1527 2560 volun-

144 2589 228 2625 tate
250 2590 513 2644 peccatum3
554 2579 777 2644 quomodo
804 2592 1039 2645 utrumque
1064 2599 1214 2630 verum
1240 2593 1331 2640 est,
1368 2593 1410 2630 et
1440 2598 1526 2628 esse
