1863 3262
174 298 330 330 OPEnts
368 296 624 328 IMPERFEC'H
664 293 836 324 CONTRA
873 294 1116 333 JtttmNt'M,
1157 294 1243 326 Lm.
1289 294 1348 326 lv.
1401 278 1493 342 249

121 380 222 411 cum
247 363 390 410 vvideas
410 361 701 408 necessitatem
727 359 1050 406 consuetudinis
1075 360 1266 407 fructum
1289 377 1375 406 6556
1401 377 1498 406 ma·-

121 434 444 481 nifestissimum
479 431 729 478 voluntatis.
768 431 948 486 Nonne,
977 431 1095 494 quod
1119 432 1199 477 tibi
1232 430 1499 494 impossibile

122 505 262 551 visum
297 514 380 562 est,
405 524 426 544 «
451 502 538 548 Sua
562 519 603 547 se
626 500 826 548 voluntas
850 501 1213 564 multiplicatione
1247 501 1436 558 delevit,
1459 511 1501 548 et

121 586 280 622 statum
301 574 534 639 proprium
570 584 746 637 operata
781 573 994 628 mutavit,
1017 594 1036 614 ›>
1073 589 1173 636 quae
1207 571 1500 636 multiplicata

122 646 417 693 necessitatem
445 644 771 690 consuetudinis
788 643 917 697 fecit3
944 643 976 689 si
1009 643 1277 690 voluntatem
1313 643 1501 690 necessi-

121 727 213 775 taS,
243 727 284 763 te
308 726 482 763 auctore
498 755 508 773 ‚
531 716 774 762 consumit?
799 715 843 761 Si
861 726 1004 760 autem
1026 731 1114 761 non
1140 715 1372 768 consumit,
1390 731 1502 778 pro-

119 786 234 834 fecto
256 788 302 834 in
339 787 517 834 homine
548 787 660 834 mole
697 786 1022 834 consuetudinis
1060 803 1207 849 presso
1249 786 1377 832 simul
1415 803 1502 832 esse

120 867 306 922 possunt
334 868 378 904 et
396 857 579 918 justitiae
607 857 807 904 voluntas
833 868 874 903 et
895 857 1063 921 peccati
1102 855 1341 923 necessitas.
1374 856 1503 912 Quo-

120 929 239 975 niam
258 965 270 985 ,
301 950 322 972 c<
339 928 457 974 Velle
481 928 650 988 adjacet
672 927 812 974 mihi1
829 966 839 985 ,
860 950 879 970 »
909 926 1118 991 professio
1138 937 1201 973 est
1227 926 1462 973 voluntatis
1488 943 1500 972 :

122 1020 143 1042 «
164 1000 376 1045 Perficere
400 1010 545 1046 autem
586 999 753 1044 bonum
791 1016 877 1044 non
919 999 1093 1044 invenio
1117 1035 1127 1054 ,
1149 1020 1168 1040 ›>
1210 996 1418 1043 confessio
1442 1006 1505 1042 est

120 1070 398 1118 necessitatis.
429 1071 497 1116 Tu
522 1087 622 1116 vero
643 1070 783 1116 dixisti
805 1092 823 1112 ι(
845 1069 1124 1116 Voluntatem
1150 1079 1192 1115 et
1210 1070 1501 1116 necessitatem

122 1140 251 1187 simul
271 1158 358 1187 esse
392 1159 478 1188 non
502 1159 652 1205 posse3
679 1163 698 1183 >2
734 1158 834 1187 cum
859 1159 1008 1188 cernas
1032 1141 1162 1186 simul
1192 1158 1260 1186 eas
1285 1157 1372 1187 esse
1401 1157 1504 1187 cum

122 1211 422 1269 concordant,
447 1212 576 1258 simul
600 1229 684 1257 esse
710 1228 810 1257 cum
832 1221 1044 1275 pugnant.
1082 1211 1198 1256 lllud
1225 1228 1356 1274 porro
1390 1211 1504 1257 ridi-

122 1281 270 1327 culum
292 1293 378 1339 est,
417 1282 536 1346 quod
564 1300 645 1345 pro
680 1282 939 1345 impossibili
966 1281 1173 1344 posuisti,
1205 1301 1224 1322 «
1252 1280 1405 1337 Nihil,
1433 1281 1503 1326 di-

121 1368 248 1408 66115,
279 1352 509 1398 obtunsius
527 1388 538 1405 ,
569 1353 659 1398 imo
687 1352 890 1398 furiosius
932 1352 1114 1411 cogitari
1135 1388 1145 1407 ‚
1176 1362 1224 1397 ut
1247 1361 1346 1414 post
1369 1368 1503 1416 quam

123 1422 261 1486 coepit
282 1422 481 1469 voluntas
506 1440 616 1480 esse,
648 1422 852 1469 voluntas
878 1440 964 1468 esse
985 1422 1158 1468 desierit
1181 1440 1191 1467 :
1217 1444 1237 1464 »
1266 1422 1390 1486 quasi
1414 1439 1504 1468 non

123 1494 207 1539 hoc
224 1494 319 1547 fiat,
346 1511 448 1541 cum
475 1495 610 1540 homo
634 1494 811 1558 quando
841 1495 1028 1558 coeperit
1049 1493 1159 1539 male
1181 1492 1348 1557 aliquid
1371 1493 1504 1549 velle,

123 1580 220 1610 mox
243 1581 342 1611 eum
373 1565 561 1629 poenitet
591 1576 632 1611 et
655 1564 812 1611 desinit
833 1565 955 1611 velle.
984 1564 1293 1611 Verumtamen
1312 1563 1413 1609 talia
1432 1563 1502 1610 lo-

124 1650 286 1697 quens,
310 1656 329 1678 (ι
358 1637 597 1694 Contorto,
628 1646 676 1682 ut
712 1636 821 1682 dicis
839 1673 849 1692 ‚
877 1646 1051 1696 gutture
1084 1653 1149 1681 me
1172 1635 1290 1695 cogis
1317 1651 1505 1680 annuere

123 1704 295 1751 nullum
325 1705 371 1751 in
401 1706 597 1770 parvulis
632 1724 717 1753 esse
748 1717 977 1770 peccatum
1001 1723 1011 1751 ε
1038 1728 1058 1747 2»
1082 1723 1183 1751 cum
1215 1715 1263 1751 tu
1288 1722 1368 1750 nec
1395 1721 1506 1750 con-

126 1785 240 1821 torto
276 1787 449 1836 gutture
490 1778 730 1841 abrumpas
761 1777 986 1824 vinculum
1016 1776 1252 1822 catholicae
1283 1775 1504 1833 veritatis,

123 1863 213 1911 quo
228 1847 310 1894 nisi
331 1848 370 1894 ei
391 1849 632 1895 consentias
649 1886 659 1906 ,
677 1849 912 1894 miserrime
930 1847 1225 1908 strangularis·

192 1917 306 1965 CIV.
336 1920 437 1966 Jur„
474 1942 487 1960 a
510 1919 643 1976 Quod
663 1936 764 1964 vero
786 1918 1010 1974 addidisti,
1027 1919 1111 1963 Per
1130 1934 1265 1963 unum
1282 1916 1505 1962 hominem

126 1997 358 2050 peccatum
382 1989 559 2035 intravit
580 1990 624 2035 in
655 1988 870 2035 mundum
887 2025 899 2044 ‚
936 1999 983 2034 ut
1007 1988 1082 2033 hic
1104 1998 1322 2033 ostensum
1349 1997 1411 2032 est
1437 1986 1506 2031 in-

127 2057 529 2105 convenientissime
548 2059 809 2106 collocatum
832 2093 842 2114 ‚
863 2059 922 2104 ita
942 2058 986 2104 in
1006 2057 1197 2103 secundo
1215 2057 1329 2103 libro
1351 2074 1506 2120 quem-

127 2127 366 2175 admodum
388 2129 655 2190 intelligatur
676 2130 916 2192 expositum
937 2139 1013 2174 est.
1052 2127 1135 2172 Sed
1156 2131 1246 2187 jam
1265 2163 1274 2180 ‚
1304 2126 1507 2190 praesenti

127 2197 426 2262 disputatione
448 2200 651 2264 suppleta
667 2237 679 2257 ,
707 2200 816 2246 libet
845 2198 1137 2245 acutissimam
1163 2208 1397 2244 retractare
1415 2215 1507 2243 sen-

128 2270 304 2317 tsntiam
321 2308 332 2327 ‚
354 2271 414 2318 516
446 2272 560 2317 6111111
587 2272 731 2336 inquis
752 2309 763 2324 ‚
792 2275 912 2317 «Per
937 2287 1072 2316 unum
1105 2269 1324 2315 hominem
1352 2285 1508 2332 pecca-

129 2361 150 2383 »
170 2350 263 2386 tum
281 2341 462 2389 intravit
489 2342 533 2388 in
564 2342 782 2388 mundum
801 2352 843 2388 et
864 2358 942 2406 per
974 2352 1204 2405 peccatum
1231 2357 1366 2394 mors;
1389 2351 1430 2385 et
1448 2340 1507 2385 ita

131 2431 151 2453 »
165 2410 211 2457 in
233 2428 380 2457 omnes
406 2412 604 2458 homines
627 2413 905 2476 pertransiit,
933 2411 979 2458 in
1007 2428 1095 2475 quo
1122 2428 1270 2457 omnes
1301 2427 1508 2474 peccave-

131 2502 153 2524 »
175 2483 324 2530 runt2.
350 2504 369 2526 »
399 2487 479 2529 Per
511 2483 639 2530 unius
662 2483 778 2530 illius
803 2484 1073 2530 voluntatem
1097 2483 1258 2530 malam
1285 2499 1432 2528 omnes
1463 2481 1507 2528 in

180 2591 190 2613 ¹
212 2594 306 2623 Rom.
329 2602 390 2634 vn,
411 2592 463 2624 18.
483 2589 625 2625 —21d.
646 2600 676 2635 v,
701 2603 753 2626 12.
