1824 3236
118 288 274 318 ovinus
312 287 573 318 inretitum
611 285 787 316 conruit
823 285 1068 328 συιιΛΝυΜ,
1111 288 1195 318 mn.
1240 290 1299 320 vi.
1353 271 1446 320 525

72 373 94 395 »
116 351 336 416 paradiso,
362 352 531 416 operari
550 368 648 397 cum
667 361 709 396 et
732 350 949 397 custodire
968 351 1001 399 1.
1021 374 1040 394 n
1065 353 1111 399 Si
1134 370 1232 413 ergo
1252 354 1381 401 etiam
1399 355 1445 401 in

73 421 276 486 paradiso
302 422 442 468 noluit
478 438 574 468 eum
602 423 717 467 Deus
735 421 900 484 pabula
938 424 1190 470 examussim
1213 424 1441 472 illaborata

72 493 305 557 suscipere,
329 492 403 539 sed
428 491 595 538 indicto
626 492 888 556 operationis
903 528 915 549 ,
941 510 1073 557 quam
1101 494 1317 541 indiderat
1337 496 1447 542 exci-

74 563 182 611 tavit
204 563 463 610 industriam
485 581 496 621 ;
532 562 640 626 quid
664 562 701 609 ei
729 579 891 609 novum
924 563 1130 611 accidisse
1155 565 1388 624 credimuS,
1415 566 1450 614 si

73 634 250 682 sentiret
276 634 496 690 sudorem,
522 635 598 698 qui
619 633 920 697 experiebatur
962 634 1187 682 laborem?
1204 658 1224 678 »

139 725 161 748 «
178 705 387 768 Sequitur
400 715 542 751 autem
562 722 609 750 2«
622 706 770 751 Donec
784 705 1049 752 convertaris
1062 705 1107 751 in
1124 716 1281 752 terram
1302 723 1348 753 ex
1363 723 1449 770 qua

74 797 97 821 ›>
118 786 320 840 sumptus
335 793 403 831 es;
430 776 636 840 quoniam
659 787 771 822 terra
791 793 850 833 es,
874 776 975 822 etin
996 786 1153 822 terram
1175 777 1272 824 ibis.
1299 798 1319 819 »
1343 779 1452 824 Haec

79 865 180 895 sane
204 864 306 911 pars
334 857 519 893 extrema
542 848 782 904 sententiae,
800 847 998 894 sicutilla
1023 847 1232 905 mulieris,
1262 849 1315 895 ad
1336 849 1455 895 indi-

76 922 213 977 cium,
239 936 328 966 non
352 919 407 966 ad
431 919 697 983 supplicium
712 919 888 983 respicit
915 936 926 965 ε
953 919 1061 983 quin
1079 919 1167 966 imo
1181 930 1307 967 utres
1332 919 1454 966 indi-

77 1000 165 1047 cat,
182 989 395 1054 promisso
416 991 500 1036 fine
516 990 766 1037 consolatur
778 990 1020 1037 hominem.
1051 990 1167 1047 Quia
1185 991 1297 1038 enim
1322 1008 1454 1056 supra

78 1071 492 1107 commemoraverat
530 1059 716 1117 dolores,
741 1060 933 1116 laboreS,
957 1059 1134 1106 sudores
1149 1077 1336 1124 quorum
1357 1079 1459 1108 sen-

78 1147 174 1178 sum
195 1140 370 1186 natura,
407 1130 672 1177 nimietatem
703 1147 886 1194 persona
913 1141 1181 1194 susceperat:
1207 1149 1261 1178 ne
1299 1131 1387 1178 hoc
1412 1131 1458 1178 in

80 1211 292 1247 aeternum
318 1201 539 1248 videretur
556 1201 744 1258 extendi,
763 1201 963 1246 mitificat
984 1200 1289 1262 aegritudinem
1314 1202 1458 1248 termi-

79 1288 161 1318 nus
179 1270 397 1317 indicatus
421 1289 432 1316 ε
455 1289 505 1318 ac
521 1272 556 1318 si
575 1272 756 1328 diceret,
782 1272 942 1319 Verum
967 1288 1056 1317 non
1077 1289 1246 1336 semper
1267 1272 1347 1319 ista
1372 1290 1457 1336 pa·-

83 1341 222 1396 tieris3
245 1341 356 1388 sed«
383 1344 531 1389 Donec
545 1342 809 1390 convertaris
829 1342 872 1387 in
895 1352 1051 1388 terram
1075 1341 1130 1388 de
1152 1359 1239 1407 qua
1257 1353 1459 1406 sumptus

82 1435 102 1456 n
125 1430 194 1469 es;
215 1413 319 1477 quia
343 1423 454 1459 terra
470 1430 530 1469 es,
569 1413 730 1478 inquit,
764 1424 805 1459 ct
831 1413 876 1459 in
902 1423 1059 1460 terram
1094 1413 1192 1461 ibis.
1223 1435 1244 1456 »
1264 1415 1355 1462 Cur
1373 1432 1462 1461 non

82 1495 316 1549 postquam
339 1484 469 1531 dixit:
497 1506 519 1527 «
546 1487 696 1531 Donec
729 1486 993 1532 convertaris
1020 1485 1065 1531 in
1097 1495 1253 1532 terram
1288 1486 1341 1532 de
1373 1503 1460 1550 qua

84 1579 104 1599 ))
129 1566 331 1620 sumptus
351 1573 420 1610 es;
444 1577 464 1598 ›>
478 1556 693 1613 subdidit,
717 1557 820 1620 quia
843 1556 1051 1620 peccasti,
1072 1567 1114 1603 et
1134 1574 1225 1603 mea
1240 1567 1463 1621 praecepta

85 1638 368 1687 transgressus
387 1630 459 1673 es?
485 1627 582 1673 Hoc
600 1627 712 1673 enim
729 1627 966 1673 dicendum
979 1638 1070 1673 erat
1088 1627 1122 1673 si
1139 1628 1343 1674 resolutio
1363 1645 1462 1674 cor—

84 1714 245 1762 porum
269 1697 324 1744 ad
348 1697 530 1744 crimina
562 1698 810 1762 pertineret.
841 1698 1000 1745 Verum
1019 1697 1127 1761 quid
1151 1698 1283 1745 dixit?
1302 1720 1322 1741 <‹
1350 1699 1465 1757 Quia

86 1779 199 1815 terra
211 1785 274 1824 es,
292 1767 456 1831 inquit,
483 1789 502 1809 «
531 1778 573 1815 et
598 1768 643 1814 in
668 1779 824 1814 terram
842 1768 939 1816 ibis.
961 1770 1184 1815 »Causam
1205 1786 1284 1816 cur
1309 1771 1354 1816 in
1376 1780 1463 1816 ter-

87 1857 180 1885 ram
207 1838 434 1885 ‘rediturus
463 1849 587 1895 esset,
612 1838 801 1885 ostendit
823 1856 834 1883 ε
862 1861 881 1880 α
901 1838 1017 1895 Quia
1044 1848 1155 1885 terra
1176 1856 1236 1896 es,
1262 1861 1282 1881 >2
1298 1839 1456 1904 inquit.

90 1907 325 1966 Quomodo
343 1919 485 1955 autem
516 1919 622 1956 esset
652 1920 780 1966 terra,
802 1909 999 1973 superior
1011 1926 1149 1955 sermo
1162 1910 1426 1974 patefecerat
1451 1928 1462 1956 ι

88 2000 110 2021 «
136 1978 250 2036 Quia
269 1978 322 2024 de
351 1989 482 2036 terra,
509 1979 670 2043 inquit,
699 1991 900 2042 sumptus
925 1996 982 2028 es.
1013 2002 1033 2022 »
1056 1979 1101 2025 Si
1127 1997 1226 2040 ergo
1253 1980 1467 2027 redeundi

89 2049 136 2095 in
175 2059 332 2095 terram
355 2049 473 2096 hanc
500 2066 586 2096 esse
603 2050 813 2096 rationem
835 2049 942 2096 dixit
963 2051 1076 2096 Deus
1092 2050 1301 2114 quoniam
1326 2051 1467 2098 fuerat

91 2130 338 2184 assumptus
360 2137 382 2166 e
400 2129 530 2179 terra,
560 2137 693 2184 porro
718 2131 765 2166 ut
780 2131 1085 2179 assumeretur,
1112 2120 1167 2166 ad
1192 2121 1467 2184 iniquitatem

94 2201 291 2255 spectare
312 2208 401 2237 non
429 2191 783 2256 potuit3p10cul
815 2191 953 2238 dubio
983 2209 1072 2238 non
1112 2191 1370 2255 iniquitatis,
1396 2192 1469 2239 sed

98 2271 265 2308 naturae
281 2261 569 2308 mortalisfuit
590 2273 638 2309 ut
660 2264 736 2327 qui
759 2272 943 2308 aeteinus
963 2279 1050 2308 non
1070 2272 1185 2317 erat,
1204 2262 1248 2308 in
1271 2262 1468 2326 corporis

94 2343 217 2397 parto
236 2332 488 2380 solveietur.

161 2403 242 2449 Illa
264 2420 363 2464 crgo
388 2404 586 2451 sterilitas
609 2405 839 2461 arborum,
863 2403 938 2450 illa
960 2404 1161 2468 veprium
1179 2404 1373 2462 ubertas,
1397 2404 1468 2451 illa

97 2475 187 2535 agri
205 2484 358 2538 partus
378 2486 506 2521 aucta
536 2476 785 2533 calamitas,
811 2475 1006 2540 personis
1034 2475 1263 2522 hominum
1298 2485 1397 2522 sunt
1420 2476 1470 2522 il-

97 2545 181 2593 lata
199 2583 211 2603 ‚
241 2563 329 2592 non
356 2547 512 2607 generi.
539 2548 735 2612 Denique
755 2552 845 2608 jam
870 2547 981 2594 natis
1005 2548 1116 2594 Cain
1142 2558 1184 2594 ct
1209 2547 1318 2595 Abel
1343 2548 1470 2595 unius

149 2632 259 2665 ¹Gcn.
285 2642 322 2670 ιι,
347 2632 398 2665 15.
