1824 3236
342 278 432 331 43⁴2
750 287 784 314 s.
828 285 1074 316 Aususrmi
1110 287 1313 317 El‘lSCoPt

340 354 467 399 vobis
491 351 648 396 suturis
668 354 758 409 jam
781 352 1045 396 occurrebat
1065 363 1272 407 armatus,
1302 369 1390 398 non
1411 353 1588 416 quidem
1617 356 1717 401 Nu·-

340 423 454 470 mida
471 459 481 478 ,
507 422 577 467 sed
601 432 741 466 tamen
767 422 930 466 Poenus
954 421 1024 467 ille
1052 423 1322 485 Cyprianus,
1352 441 1439 487 quo
1464 441 1609 470 rursus
1637 443 1720 471 no-

339 495 454 540 mine
485 504 554 538 tua
595 492 639 536 111
670 508 747 536 1105
771 491 904 536 insilit
941 508 1050 537 vana
1086 493 1351 554 loquacita83
1381 493 1482 549 hoc,
1510 495 1685 558 inquam
1705 533 1715 550 ,

338 575 462 610 scuto
497 573 686 609 armatus
721 564 886 607 Poenus
916 562 988 607 ille
1027 562 1202 607 dicebat
1231 563 1275 608 in
1298 564 1412 610 libro
1439 565 1491 610 de
1513 566 1721 611 Oratione

335 636 554 682 dominica
573 672 583 689 ‚
620 634 667 680 id
689 651 765 679 nos
789 651 909 679 orare
929 671 938 689 ,
979 651 1080 679 cum
1105 633 1292 680 dicimus
1311 672 1321 688 ,
1358 658 1378 677 α
1405 637 1499 681 Fiat
1523 638 1721 683 voluntas

340 729 360 749 »
389 718 461 752 tua
477 708 589 751 sicut
606 706 651 750 111
672 705 785 751 00610
803 715 843 750 et
862 705 908 749 in
926 716 1037 758 terra
1055 704 1093 760 4,
1109 725 1128 745 »
1149 715 1197 749 ut
1214 705 1325 750 inter
1343 706 1430 752 duo
1449 708 1547 763 ista,
1575 708 1619 753 id
1639 719 1717 764 est,

339 794 513 824 carnem
530 788 570 822 et
589 776 809 839 spiritum,
841 775 935 819 Fiat
964 779 1057 820 Deo
1083 774 1326 837 opitulante
1356 777 1603 823 concordia.
1635 778 1722 822 Ubi

341 848 507 894 Christi
526 848 645 893 miles
667 847 859 907 egregius
879 856 921 890 et
942 863 963 890 3
989 846 1249 892 Manichaeis
1268 857 1309 892 et
1332 866 1353 893 a
1371 848 1496 894 vobis
1527 853 1722 908 conjecta

338 918 472 978 ignita
494 918 672 977 maligni
694 916 842 976 jacula
859 915 1070 975 extinguit
1089 933 1099 960 ε
1119 917 1190 961 0111
1207 918 1396 978 maligno
1423 918 1611 963 militant
1626 936 1722 964 om-

338 1007 411 1035 nes
429 989 646 1044 haeretici,
670 998 710 1033 et
734 991 861 1046 cujus
887 998 1026 1032 castra
1046 987 1262 1049 tyrocinio
1286 999 1427 1035 vestro
1446 991 1631 1052 putastis
1650 1007 1723 1035 au-

339 1060 491 1120 genda.
528 1061 639 1104 Nam
677 1058 852 1122 spiritus
891 1068 931 1103 et
966 1059 1106 1104 carnis
1144 1060 1381 1122 quaerendo
1418 1061 1718 1117 concordiam,

338 1142 489 1176 contra
511 1130 782 1176 Manicliaeos
800 1129 945 1183 docet,
968 1129 1118 1174 ambas
1138 1131 1300 1192 quibus
1320 1142 1568 1177 constamus
1586 1132 1723 1177 bonas

339 1219 425 1248 esse
443 1213 635 1256 naturas,
662 1201 695 1246 si
713 1200 946 1246 discordiae
964 1200 1125 1246 malum
1150 1200 1298 1246 divina
1316 1203 1588 1248 miseratione
1604 1219 1722 1247 sane-

340 1284 411 1320 tur
435 1293 445 1319 :
473 1273 597 1320 vobis
632 1282 774 1318 autem
800 1271 982 1326 resistit,
1008 1271 1109 1334 quia
1149 1272 1289 1317 carnis
1320 1273 1721 1335 concupiscentiam

338 1344 482 1391 dicitis
514 1345 696 1397 bonam,
723 1359 808 1406 qua
833 1341 1060 1386 infestante
1077 1342 1216 1386 existit
1235 1343 1312 1387 ista
1330 1343 1566 1398 discordia,
1588 1361 1720 1407 quam

337 1416 479 1478 poscit
503 1415 574 1460 ille
592 1414 757 1466 sanari3
781 1422 823 1457 et
842 1422 946 1456 tunc
971 1412 1109 1457 existit
1129 1413 1306 1474 quando
1327 1414 1435 1458 bene
1454 1414 1638 1473 agimus,
1673 1424 1723 1458 ut

335 1484 541 1530 infestant
583 1481 952 1545 concupiscentiae
988 1482 1157 1537 carnis,
1189 1493 1341 1527 contra
1385 1484 1723 1546 concupiscente

339 1556 496 1619 spiritu
514 1570 818 1618 repugnemus.
849 1553 956 1597 Nam
979 1552 1012 1598 si
1043 1553 1351 1609 consentimus,
1386 1572 1472 1599 non
1494 1553 1718 1616 optabilis,

337 1626 410 1672 sed
447 1625 706 1689 culpabilis,
742 1623 809 1670 vel
843 1622 970 1668 etiam
995 1622 1257 1669 damnabilis
1297 1625 1344 1669 fit
1380 1624 1582 1687 spiritui,
1621 1640 1721 1669 cum

340 1713 469 1741 carne
493 1695 742 1741 concordia.
791 1694 954 1739 Contra
976 1709 1049 1738 vos
1070 1703 1132 1738 est
1158 1694 1305 1750 etiam,
1328 1696 1430 1757 quia
1451 1695 1590 1740 libero
1609 1693 1720 1739 datis

337 1767 537 1822 arbitrio,
565 1765 684 1829 quod
700 1764 769 1809 ille
793 1774 842 1809 ut
860 1764 935 1808 fiat
963 1763 1006 1808 in
1031 1763 1225 1820 homine,
1249 1783 1271 1809 a
1303 1766 1392 1809 Deo
1414 1764 1614 1823 intelligit
1638 1781 1723 1808 esse

338 1837 622 1901 poscendum.
646 1836 714 1880 Tu
741 1845 881 1880 autem
899 1835 974 1898 qui
991 1835 1181 1879 nesciens
1208 1835 1315 1897 quid
1341 1836 1546 1899 loquaris,
1569 1836 1723 1894 objicis

338 1908 448 1953 mihi
476 1907 595 1971 quod
616 1906 757 1951 dicam
791 1907 932 1950 Deum
959 1921 1101 1950 creare
1126 1916 1375 1967 peccatum,
1405 1907 1546 1951 resiste
1573 1907 1721 1950 Mani-

339 1978 464 2024 chaeo
490 1977 653 2023 dicenti
680 1976 722 2021 in
749 1975 966 2021 discordia
1001 1975 1140 2020 carnis
1159 1986 1199 2020 et
1225 1976 1400 2038 spiritus
1420 1975 1528 2021 duas
1552 1975 1664 2020 inter
1681 1992 1722 2020 se

339 2048 577 2095 contrarias
595 2047 698 2093 mali
719 2058 760 2093 et
777 2047 883 2092 boni
903 2062 1114 2109 apparere
1132 2056 1320 2093 naturas.
1361 2048 1507 2092 Unum
1525 2056 1586 2092 est
1607 2045 1722 2090 enim

339 2120 457 2182 quod
494 2118 848 2181 respondeamus,
877 2128 925 2162 ut
948 2117 1080 2179 pestis
1103 2116 1181 2161 ista
1206 2117 1423 2172 vincatur,
1451 2117 1566 2162 113110
1587 2115 1722 2160 silicet

338 2189 601 2235 discordiam
626 2206 704 2252 per
728 2187 1135 2251 praevaricationem
1170 2187 1301 2249 primi
1338 2187 1526 2232 hominis
1548 2186 1593 2231 in
1619 2203 1722 2230 nos-

340 2271 450 2306 tram
475 2261 646 2307 vertisse
665 2270 865 2305 naturam
891 2276 901 2302 ε
925 2257 1042 2321 quod
1067 2267 1112 2301 tu
1134 2257 1331 2316 negando
1358 2258 1526 2303 conaris
1551 2267 1599 2301 ut
1622 2257 1720 2301 vin-

341 2341 461 2387 cant,
487 2332 672 2393 satisque
697 2329 978 2375 manifestaris
1016 2327 1145 2373 falsus
1171 2328 1516 2374 Bilanichaeorum
1543 2344 1720 2390 oppug-

341 2413 484 2458 nator,
508 2419 633 2447 verus
657 2401 844 2462 adjiltor.

402 2474 500 2519 VH.
532 2474 631 2519 Jtzr..
682 2472 886 2532 «Ingerit
918 2471 1083 2534 quippe
1118 2471 1324 2516 omnibus
1350 2469 1575 2534 scripturis
1606 2469 1717 2523 suis,

337 2542 476 2589 Adam
498 2554 624 2607 atque
640 2544 776 2588 Evam
802 2544 938 2588 bonos
959 2552 1126 2587 tantum
1157 2559 1178 2586 3
1204 2541 1295 2586 Deo
1319 2541 1536 2597 conditos,
1560 2540 1605 2585 id
1637 2549 1716 2595 est,

389 2628 399 2649 ¹
421 2626 535 2659 Malth.
555 2638 597 2663 w,
617 2638 664 2657 10.
680 2643 722 2650 ·-—
738 2625 821 2658 Vide
838 2625 893 2658 111).
914 2636 944 2655 2.
963 2623 1077 2666 prioris
1091 2623 1197 2665 operis
1215 2629 1299 2654 cont·
1321 2624 1389 2659 Jut,
1412 2634 1437 2655 c.
1459 2624 1489 2655 3.
