1824 3236
315 277 406 323 :380
733 291 767 320 s,
812 289 1056 320 mensum
1092 288 1293 320 muscom

316 355 522 419 quoniam
556 373 619 402 res
639 371 738 419 quae
762 355 822 401 ita
838 354 966 402 factae
989 366 1108 412 sunt,
1138 367 1186 401 ut
1215 373 1261 401 ex
1282 354 1332 400 iis
1350 355 1444 401 aliae
1465 356 1630 408 fierent,
1652 355 1705 400 de

316 427 446 472 nullis
468 427 712 472 extantibus
733 426 859 473 factae
877 438 993 482 sunt,
1021 427 1107 473 lioc
1127 438 1205 483 est,
1237 427 1415 472 omnino
1454 426 1506 472 de
1537 427 1693 473 nihilo.

322 497 481 542 Mutari
506 508 647 542 autem
676 509 858 561 possunt
890 515 1182 562 quaecumque
1210 498 1293 543 alia
1330 497 1508 542 diversis
1532 508 1573 541 et
1598 514 1706 559 pro-

316 567 421 630 priis
446 567 730 630 qualitatibus
744 569 854 622 suis;
872 569 1095 614 voluntate
1111 586 1228 625 vero,
1248 586 1346 631 quae
1367 568 1529 613 ratione
1546 569 1703 623 utitur,

317 638 405 684 sola
426 649 485 683 est
512 639 732 685 rationalis
760 651 957 685 creatura
992 640 1232 685 mutabilis.
1275 640 1383 684 Haec
1422 638 1649 698 diligenter
1669 649 1710 684 et

318 708 605 768 intelligenter
626 710 821 773 quisquis
844 709 1030 754 advertit
1049 747 1058 764 ,
1086 709 1275 754 multum
1295 721 1335 754 te
1353 709 1406 755 de
1425 709 1563 754 nihilo
1597 708 1711 754 nihil

318 780 437 844 quod
464 780 515 825 ad
533 798 619 826 rem
642 782 857 844 pertineat
881 780 1031 825 dixisse
1051 790 1293 839 cognoscet.

387 853 553 898 Xthl.
577 856 674 899 Jer.
705 874 722 892 «
753 852 873 908 Quid
901 862 963 896 est
995 852 1108 895 enim
1136 851 1318 907 malum,
1354 849 1400 896 id
1436 860 1514 906 est,
1550 865 1712 912 pecca-

325 927 448 968 tum')
476 922 686 969 Voluntas
707 923 914 986 sequendi
953 922 1072 985 quod
1095 923 1264 982 justitia
1290 932 1423 978 vetat,
1451 932 1492 967 et
1516 921 1631 966 tunde
1655 921 1713 966 li·-

317 994 472 1038 berum
494 1004 554 1038 est
570 994 799 1040 abstinere.
827 994 947 1050 Quid
966 994 1130 1056 estipsa
1143 994 1373 1039 voluntas?
1397 997 1545 1038 Motus
1560 992 1711 1047 animi,

316 1075 494 1122 cogente
514 1064 649 1110 nullo.
682 1064 725 1110 Si
754 1081 854 1124 ergo
876 1074 1106 1127 peccatum
1133 1081 1179 1108 ex
1202 1064 1425 1109 voluntate
1450 1074 1602 1108 natum
1628 1072 1707 1117 est,

316 1135 517 1181 Voluntas
538 1153 584 1181 ex
598 1146 720 1180 motu
741 1135 873 1180 animi
899 1146 1076 1194 cogente
1092 1135 1238 1190 nullo;
1270 1151 1348 1180 nec
1371 1134 1517 1189 nihili,
1545 1150 1625 1178 nec
1644 1143 1714 1178 te-

322 1207 558 1252 nebrarum
587 1205 782 1251 conditio
817 1206 921 1251 fecit
948 1216 995 1250 ut
1027 1216 1134 1251 esset
1163 1205 1238 1250 hic
1265 1215 1424 1261 motus,
1451 1204 1528 1268 qui
1553 1203 1651 1249 ideo
1689 1221 1714 1248 a

324 1277 444 1322 nullo
469 1278 658 1338 cogitur,
701 1287 750 1322 ut
769 1277 904 1340 possit
927 1294 1012 1322 esse
1043 1287 1221 1336 cogente
1242 1276 1379 1323 nullo.
1422 1278 1485 1322 Ac
1518 1293 1597 1339 per
1628 1275 1716 1320 hoc

322 1348 492 1394 nullum
520 1360 582 1394 est
614 1348 809 1394 naturale
827 1385 836 1403 ‚
865 1347 1038 1392 nullum
1070 1347 1278 1406 originale
1305 1357 1533 1408 peccatum
1557 1363 1568 1390 ε
1607 1345 1713 1408 quia

322 1420 422 1465 haec
435 1420 523 1465 duo
540 1421 716 1465 nomina
736 1437 870 1466 unum
887 1419 1102 1473 indicant,
1124 1418 1169 1464 id
1182 1429 1259 1469 est,
1277 1429 1507 1481 peccatum
1523 1433 1609 1462 esse
1630 1433 1719 1461 non

297 1545 299 1547 ,
323 1491 622 1537 voluntarium
643 1510 652 1536 ε
676 1491 947 1555 preescripsit
968 1500 1113 1535 autem
1136 1489 1405 1544 veritas‚nisi
1423 1486 1718 1535 voluntarium

326 1579 414 1607 non
438 1579 560 1625 posse
585 1580 670 1608 esse
690 1573 926 1626 peccatum
951 1579 961 1606 τ
992 1571 1033 1606 et
1059 1560 1156 1607 ideo
1187 1562 1265 1624 qui
1289 1559 1398 1606 dicit
1429 1558 1593 1604 malum
1630 1574 1720 1603 esse

329 1633 449 1695 quod
468 1644 639 1679 constat
653 1634 913 1693 ingenitum,
928 1649 1017 1677 non
1034 1631 1259 1678 convincit
1280 1631 1324 1676 in
1345 1641 1500 1676 natura
1517 1645 1603 1674 esse
1622 1643 1720 1691 pec·

328 1714 473 1749 catum
489 1724 499 1758 3
520 1704 592 1750 sed
607 1722 648 1750 se
664 1703 852 1749 ostendit
866 1721 943 1767 per
958 1703 1219 1766 pravitatem
1232 1701 1391 1761 judicii
1412 1700 1712 1747 criminosum.

328 1776 443 1820 Ecce
466 1792 723 1839 responsum
749 1786 827 1830 est,
856 1774 910 1820 ad
946 1773 1065 1837 quod
1093 1784 1140 1818 tu
1168 1771 1425 1836 responderi
1468 1788 1557 1816 non
1597 1785 1723 1832 posse

330 1845 552 1893 credebas.
573 1844 824 1909 Oxymora1
843 1862 1023 1909 prorsus
1046 1844 1130 1890 fuit
1149 1843 1353 1908 quaestio,
1379 1859 1512 1906 quam
1533 1851 1581 1886 tu
1603 1838 1725 1885 arbi-

336 1933 393 1962 rls
423 1929 648 1965 invictam.
679 1940 699 1959 >>

398 1990 451 2033 At
470 2008 515 2034 c.
530 1988 705 2034 Exultas
723 1987 926 2043 inaniter,
948 1997 990 2031 et
1004 1986 1137 2032 dicis:
1160 2006 1179 2026 α
1200 1986 1313 2030 Ecce
1330 1999 1585 2047 responsum
1604 1991 1683 2037 est,
1706 2000 1726 2021 >³

328 2059 406 2104 ubi
433 2070 473 2104 te
499 2060 760 2122 respondere
783 2076 870 2104 non
901 2058 1087 2121 potuisse
1109 2074 1205 2102 mox
1235 2056 1418 2112 invenit,
1454 2055 1728 2119 quicumque

334 2142 490 2177 acutus
513 2131 613 2190 legit
639 2131 736 2176 haee
763 2141 854 2183 tua,
902 2130 969 2174 vel
1014 2146 1101 2174 non
1143 2128 1330 2174 multum
1369 2127 1520 2173 taulus
1546 2135 1589 2170 et
1612 2141 1724 2170 inea.

334 2201 622 2259 Quantalibet
639 2202 753 2247 enim
786 2201 1086 2264 perplexitate,
1110 2217 1195 2245 non
1222 2198 1448 2262 implicata
1489 2196 1723 2260 explicare,

334 2272 407 2318 sed
447 2282 595 2335 aperta
626 2272 852 2335 implicare
874 2271 1069 2324 coneris;
1113 2270 1204 2315 sani
1229 2287 1382 2330 negare
1407 2286 1495 2314 non
1530 2276 1727 2332 possunt,

329 2342 431 2388 oriri
458 2344 514 2387 ab
535 2359 801 2405 unoquoque
818 2341 1086 2388 voluntatem
1105 2357 1246 2396 suam,
1264 2357 1344 2385 nec
1368 2339 1449 2386 nisi
1467 2339 1523 2384 ab
1549 2336 1731 2383 homine

332 2413 436 2459 oriri
463 2413 654 2458 hominis
675 2413 960 2459 voluntatem.
990 2414 1052 2457 Ac
1073 2412 1268 2475 perhoc,
1290 2411 1497 2476 quoniam
1521 2409 1633 2455 mala
1650 2407 1731 2453 ho-

333 2485 500 2530 minum
523 2484 746 2530 voluntate
770 2502 855 2531 esse
875 2493 1124 2548 coeperunt,
1153 2494 1195 2529 et
1218 2495 1315 2530 ante
1339 2483 1605 2530 voluntatem
1633 2495 1732 2524 ma-

336 2555 421 2601 111111
441 2555 545 2600 seint
555 2572 600 2600 us
615 2555 744 2602 fuisse
758 2556 988 2602 hominum
1010 2565 1209 2600 naturam
1225 2556 1387 2601 bonam
1406 2574 1417 2608 3
1435 2571 1482 2599 ex
1498 2551 1624 2597 bonis
1637 2559 1733 2595 orta

384 2639 392 2659 ¹
411 2640 453 2669 Ex
470 2649 572 2679 graeco
591 2636 740 2679 ὁζὶιμορκ,
761 2639 798 2670 de
811 2639 976 2671 sententia³
989 2637 1108 2670 dicitur
1123 2638 1206 2670 fatue
1221 2644 1324 2679 acuta,
1336 2639 1381 2670 vet
1399 2635 1547 2670 celeriter
1562 2633 1731 2677 dissiputa.
