1824 3236
228 289 384 320 oratus
421 290 682 322 lurrurrcn
719 290 893 321 conrua
931 293 1175 336 truttmunt,
1216 295 1300 324 un.
1345 296 1405 326 vl.
1456 281 1548 326 533

171 352 273 401 dere
290 372 300 400 z
316 355 566 418 paradisum
579 355 656 400 Dei
671 356 803 401 corda
826 358 1016 404 fidelium
1035 395 1044 416 ‚
1066 376 1193 423 quem
1207 360 1367 407 debent
1385 379 1544 418 amare,

170 441 258 471 non
278 425 441 472 debent
464 426 713 473 amaricare.
740 428 859 484 Quid
878 430 991 474 enim
1012 447 1085 476 vos
1110 431 1290 477 offendit
1307 468 1318 488 ‚
1342 433 1542 490 obsecro,

168 496 278 560 quid
298 514 373 544 vos
396 497 574 543 offendit
591 496 662 542 ille
681 500 972 546 memorabilis
992 502 1218 548 beatorum
1240 513 1281 547 et
1299 503 1546 566 quietorum

168 566 314 624 locus,
342 577 390 613 ut
409 583 508 614 eum
530 567 745 614 mortibus
768 569 997 616 hominum
1015 608 1025 626 ‚
1047 582 1089 616 et
1112 589 1191 634 per
1211 572 1290 617 has
1311 573 1433 618 malis
1455 589 1546 618 om—

168 638 300 683 nibus
321 638 485 701 quibus
508 637 732 684 abundare
763 640 980 686 cernimus
1003 643 1218 701 angustias
1250 643 1545 690 necessitates-

168 724 252 771 que
275 708 553 755 morientium
574 748 585 765 ,
613 709 751 755 oculis
776 709 932 756 clausis
951 749 961 765 ‚
985 712 1125 757 ,fronte
1140 713 1514 776 impudentissima
1530 751 1541 770 ‚

166 790 309 826 mente
335 780 678 844 pertinacissima
698 817 708 837 ‚
746 781 894 842 lingua
923 782 1254 846 loquacissima,
1293 784 1432 830 velitis
1458 785 1547 831 im-

165 849 284 914 plere
297 869 308 905 ;
323 868 378 897 ne
397 851 612 912 cogamini
633 852 831 898 confiteri
853 853 898 898 in
919 853 997 898 has
1020 853 1209 899 miserias
1224 891 1234 910 ‚
1253 854 1414 917 quibus
1429 854 1548 901 vide-

165 923 220 967 tis
253 920 457 968 refertum
503 938 636 982 genus
676 922 920 968 humanum
954 942 977 969 a
1013 925 1230 984 vagitibus
1260 924 1546 988 parvulorum

163 1004 301 1055 usque
336 991 391 1037 ad
417 992 630 1038 anhelitus
652 992 975 1057 decrepitorum
994 1031 1004 1049 ,
1029 1011 1107 1057 per
1142 999 1373 1058 peccatum
1395 996 1539 1055 maxia

162 1076 284 1109 mum
308 1063 442 1126 primi
472 1063 662 1110 hominis
700 1063 938 1110 humanam
976 1066 1191 1112 corruisse
1227 1069 1465 1112 naturam?
1502 1077 1544 1112 et

161 1133 266 1197 quia
287 1133 498 1194 injustum
532 1151 617 1180 esse
650 1134 862 1198 respicitis
897 1146 1127 1199 parentum
1163 1137 1208 1182 in
1238 1147 1432 1200 posteros
1455 1136 1544 1183 sine

161 1202 294 1276 culpa
313 1205 494 1250 transire
509 1220 688 1269 poenam
707 1242 719 1261 ‚
743 1206 938 1251 transisse
957 1207 1205 1253 concedatis
1223 1217 1264 1252 et
1281 1207 1474 1270 culpam.

223 1275 462 1321 Maximam
501 1274 670 1339 quippe
707 1274 883 1338 culpam
923 1276 1057 1339 primi
1097 1275 1289 1322 hominis
1329 1277 1513 1324 extitisse
1529 1314 1540 1334 ,

161 1360 295 1410 quam
317 1355 366 1391 tu
391 1356 627 1409 propterea
644 1381 656 1400 ‚
683 1357 897 1408 quantum
926 1346 1133 1409 potuisti,
1154 1357 1382 1392 extenuare
1402 1364 1542 1393 cona-

160 1426 229 1462 tus
249 1429 319 1473 es,
352 1430 409 1462 ne
428 1426 612 1480 propter
631 1416 752 1461 illam
780 1416 1028 1462 crederetur
1056 1428 1211 1463 natura
1235 1417 1428 1463 humana
1454 1434 1542 1480 po-

161 1486 289 1534 tuisse
313 1487 505 1534 mutari:
533 1503 633 1547 ergo
657 1486 778 1532 illam
800 1486 976 1550 culpam
1002 1488 1235 1534 maximam
1266 1486 1419 1544 fuisse,
1453 1505 1540 1534 non

158 1557 298 1604 solum
315 1571 394 1621 per
418 1557 534 1620 ipsas
555 1557 745 1602 miserias
769 1558 933 1617 generis
951 1557 1158 1614 humani,
1181 1575 1282 1621 quae
1311 1558 1367 1604 ab
1388 1558 1538 1604 infan⁴

157 1628 269 1675 tium
282 1624 514 1674 cunalmlis
524 1628 764 1691 incipiunt,
775 1629 1058 1674 verumetiam
1073 1646 1151 1691 per
1164 1639 1204 1674 te
1214 1629 1357 1692 ipsum
1372 1629 1531 1692 probo.

158 1700 216 1745 Et
238 1697 430 1745 tu'enim
466 1699 512 1744 in
541 1697 733 1744 secundo
757 1699 818 1744 tui
839 1699 972 1759 hujus
991 1700 1134 1763 operis
1165 1699 1282 1745 libro
1307 1699 1536 1746 maximam

155 1768 340 1817 formam
355 1769 527 1833 peccati
547 1770 593 1815 in
615 1769 759 1832 primo
783 1769 962 1815 homine
984 1769 1214 1832 posuisti1‚
1243 1780 1291 1815 ut
1313 1787 1334 1815 e
1357 1779 1535 1816 contrae-

154 1841 222 1887 rio
244 1841 431 1887 maxima
465 1840 604 1886 forma
627 1840 810 1900 J'ustitiae
843 1840 1223 1886 commendaretur
1251 1840 1297 1886 in
1325 1839 1531 1895 Christog

155 1910 276 1976 quod
299 1922 342 1958 te
361 1908 513 1957 dixisse
531 1910 640 1955 mihi
664 1909 823 1956 videris
844 1909 1006 1956 oblitus
1030 1927 1041 1955 ι
1068 1927 1171 1955 nam
1189 1910 1222 1956 si
1246 1925 1411 1955 memor
1428 1909 1534 1956 fuis-

155 1996 246 2039 ses,
279 1996 507 2044 nunquam
548 1979 747 2044 profecto
782 1991 1014 2043 peccatum
1038 1980 1147 2026 Adae
1170 1991 1258 2026 tam
1290 1979 1534 2043 loquaciter

155 2053 350 2099 minuere
372 2051 580 2098 nitereris.
620 2052 710 2111 Ego
737 2061 880 2097 autem
905 2051 1138 2097 maximum
1166 2050 1276 2096 illud
1300 2060 1534 2113 peccatum

152 2122 282 2170 fuisse
295 2157 307 2180 ,
327 2137 477 2187 poenae
497 2121 634 2185 ipsius
651 2121 894 2181 granditate
913 2121 1163 2167 demonstro
1187 2137 1199 2166 t
1225 2137 1314 2166 non
1334 2119 1451 2165 enim
1472 2130 1536 2166 est

155 2198 309 2255 major,
333 2206 467 2257 quam
486 2203 535 2238 ut
557 2191 611 2237 de
630 2191 833 2255 paradiso
856 2191 1156 2254 projiceretur,
1171 2202 1212 2236 et
1238 2208 1260 2236 a
1284 2190 1402 2250 ligno
1427 2189 1533 2235 vitae

154 2273 426 2328 separaretur
452 2279 505 2308 ne
527 2262 689 2309 viveret
712 2262 757 2307 in
782 2272 990 2308 aeternum
1014 2279 1025 2306 ε
1051 2260 1210 2307 additis
1235 2259 1362 2306 etiam
1401 2258 1536 2318 hujus

155 2334 392 2396 angoribus
414 2333 517 2381 vitae
531 2369 543 2389 ,
566 2343 616 2379 ut
631 2332 721 2379 dies
737 2336 828 2392 ejus
842 2343 883 2378 et
905 2332 950 2377 in
975 2331 1202 2377 laboribus
1227 2338 1465 2391 gemerent,
1492 2338 1535 2374 et

154 2406 269 2453 sicut
293 2405 453 2452 umbra
486 2405 732 2450 transirent.
775 2403 1010 2449 Enimvero
1038 2401 1314 2448 haereditaria
1339 2400 1432 2463 ipsa
1457 2415 1535 2458 ge-

153 2477 267 2522 neris
296 2475 507 2532 humani,
536 2476 591 2521 ab
620 2473 860 2520 infantibus
886 2490 1022 2536 usque
1047 2472 1102 2518 ad
1128 2489 1245 2518 senes
1262 2508 1273 2526 ‚
1310 2469 1534 2516 calamitas

154 2547 274 2593 testis
295 2556 384 2600 est3
416 2562 516 2609 quae
535 2545 719 2592 miseriae
748 2561 838 2591 non
863 2544 1076 2590 haberent
1107 2542 1403 2590 conditionem
1423 2555 1534 2602 sup-

202 2629 214 2652 1
233 2627 356 2663 Lib5‘2.
375 2639 410 2662 n.
433 2629 496 2671 189
511 2634 541 2661 et
560 2640 633 2670 ¹9⁰·
1469 2630 1472 2633 '
