1863 3262
367 239 426 286 62
774 255 809 285 s.
854 255 1099 287 Aucusrmt
1134 256 1338 287 EPISCOPI

356 318 695 383 praedicatorem
719 356 729 375 ‚
756 322 833 384 qui
863 323 1036 386 scripsit
1066 323 1335 385 Epistolam‚
1373 334 1415 370 et
1448 323 1611 370 diceres
1644 341 1744 371 eum

359 411 379 431 ι(
403 394 508 435 Arte
532 389 673 436 laudis
698 390 986 441 admonitum.
1006 416 1026 435 »
1049 393 1168 449 Quid
1192 393 1466 441 admonitum
1485 398 1664 458 quaeso?
1690 413 1745 441 an

360 471 410 505 ut
446 461 730 518 mentiretur,
771 464 827 508 ab
857 481 943 510 uno
975 481 1159 510 asserens
1191 475 1305 510 ortos
1326 502 1336 522 9
1373 467 1450 529 qui
1486 465 1571 512 orti
1597 476 1696 511 sunt
1722 483 1747 511 a

361 529 564 577 duobus?
603 553 623 573 «
648 535 1032 580 Accommodatius
1063 534 1293 592 videlicet,
1326 547 1374 582 ut
1411 537 1625 582 existimas
1647 574 1659 592 ,
1700 535 1746 582 id

359 619 449 647 esse
471 603 762 666 perpendens,
786 604 840 649 ad
864 605 1038 653 laudem
1060 606 1202 669 operis
1223 607 1318 654 Dei.
1345 629 1366 650 »
1386 608 1579 654 Multum
1601 625 1741 653 erras:

360 689 449 718 non
475 672 660 718 delectat
688 678 829 718 Deum
855 673 958 722 falsa
994 676 1203 723 laudatio,
1236 678 1354 723 Soles
1382 696 1476 724 eam
1500 689 1546 723 tu
1566 678 1743 741 quidem

359 743 546 789 libenter
562 744 765 789 exhibere
782 745 959 792 libidini
984 765 994 792 ι
1022 748 1094 793 sed
1120 747 1250 793 valde
1267 747 1468 811 displicet
1492 748 1653 794 falsitas
1675 765 1746 794 ve-

359 814 492 860 ritati.
527 815 638 859 Nam
663 826 705 860 et
723 815 806 878 ipsi
830 815 1006 863 libidini
1027 830 1067 864 te
1086 836 1167 865 cur
1190 819 1403 881 praebeas,
1427 837 1516 864 non
1538 819 1744 868 laudato-

360 902 447 930 rem
472 921 483 940 ‚
511 884 585 930 sed
624 885 896 933 adulatorem
917 925 927 943 ‚
969 890 1127 937 nescio.
1164 890 1390 953 Numquid
1428 890 1524 936 ideo
1565 901 1607 935 te
1643 890 1744 953 plus

361 956 563 1001 amabit?
588 957 769 1002 Prorsus
795 957 954 1004 falleris
986 978 996 1004 ε
1029 960 1103 1006 illa
1128 979 1216 1007 non
1250 972 1363 1006 amat
1386 960 1610 1010 hominem
1629 996 1640 1017 ‚
1670 960 1745 1006 sed

357 1026 488 1089 plane
507 1027 718 1084 stimulat,
741 1039 789 1073 ut
813 1041 928 1075 amet
949 1032 1068 1094 quod
1089 1050 1232 1078 amare
1257 1050 1344 1078 non
1364 1032 1508 1079 debet.

425 1097 471 1142 Si
497 1116 585 1144 non
610 1109 752 1160 potest
784 1117 1065 1164 quocumque
1088 1103 1322 1149 locutionis
1347 1103 1478 1149 modo
1504 1120 1594 1148 non
1617 1120 1743 1148 men—

358 1165 548 1225 daciter,
589 1168 662 1213 sed
693 1173 902 1215 veraciter
925 1170 1014 1216 dici
1033 1209 1044 1227 ‚
1078 1190 1126 1218 ex
1158 1190 1247 1218 uno
1271 1191 1358 1219 esse
1392 1184 1507 1220 ortos
1526 1210 1536 1230 ,
1558 1173 1635 1237 qui
1660 1174 1743 1219 orti

359 1252 459 1287 sunt
485 1257 531 1285 ex
566 1238 741 1286 duobus
766 1258 776 1285 ι
804 1258 883 1286 cur
913 1252 1041 1304 putas
1064 1243 1161 1290 ideo
1187 1245 1505 1304 generationem
1541 1260 1632 1288 non
1656 1260 1742 1307 po-

357 1312 487 1358 tuisse
507 1311 743 1367 insinuari,
780 1311 858 1356 ubi
883 1311 1052 1358 dictum
1078 1325 1167 1369 est,
1201 1337 1221 1357 «
1244 1320 1324 1361 Per
1346 1332 1481 1362 unum
1515 1314 1741 1360 hominem

358 1404 379 1425 2>
397 1393 630 1446 peccatum
663 1382 843 1427 intravit
876 1383 921 1428 in
948 1384 1227 1439 mundum&
1254 1408 1274 1427 »
1303 1385 1405 1449 quia
1442 1385 1657 1445 generatio
1692 1384 1742 1429 fit

356 1471 435 1518 per
459 1454 568 1501 duos
591 1491 600 1504 ,
622 1471 710 1498 non
733 1470 812 1515 per
838 1457 1007 1499 unum?
1030 1455 1145 1500 Cum
1170 1456 1224 1501 sit
1242 1457 1448 1501 omnibus
1467 1466 1642 1510 notum,
1665 1465 1741 1502 aut

356 1543 455 1571 eum
484 1525 630 1588 potius
648 1561 658 1579 ,
688 1534 762 1569 aut
786 1525 909 1587 prius
933 1542 1132 1584 generare
1159 1527 1235 1589 qui
1267 1528 1476 1579 seminat3
1511 1525 1741 1571 foeminam

356 1614 458 1645 vero
479 1607 553 1642 aut
581 1612 668 1640 non
700 1612 924 1654 generare,
948 1596 1019 1641 sed
1043 1614 1196 1659 parere
1213 1635 1224 1654 ‚
1253 1609 1327 1643 aut
1350 1598 1383 1643 si
1408 1608 1450 1643 et
1473 1597 1566 1660 ipse
1588 1606 1739 1659 partus

356 1680 471 1716 recte
495 1666 710 1729 generatio
731 1666 819 1711 dici
846 1677 1007 1728 potest,
1038 1669 1159 1730 prius
1179 1687 1273 1714 eam
1302 1669 1355 1715 de
1378 1669 1473 1715 viro
1508 1677 1739 1728 generante

356 1741 610 1803 concipere,
638 1748 679 1782 et
707 1748 856 1799 postea
885 1737 1041 1783 foetum
1066 1757 1197 1803 quem
1229 1750 1488 1803 conceperat
1516 1755 1730 1798 generare.

350 1810 542 1859 Proinde
581 1808 811 1871 Apostolus
844 1826 944 1854 cum
977 1821 1212 1871 peccatum
1237 1812 1282 1856 in
1323 1810 1571 1865 mundum,
1614 1807 1738 1872 quod

355 1884 557 1930 Christus
579 1879 896 1940 regeneratione
919 1880 1119 1937 dilueret,
1149 1882 1421 1941 generatione
1444 1883 1622 1927 intrasse
1648 1879 1736 1926 vel„

313 1943 315 1946 Α
354 1952 636 2011 let'intelligi3
663 1968 741 2013 per
755 1967 890 1996 unum
916 1951 1141 1998 hominem
1162 1952 1293 2008 dixit,
1314 1953 1391 2015 qui
1415 1963 1517 1998 tunc
1535 1951 1736 2013 Velprius

354 2027 423 2076 vel
450 2026 591 2089 potius
624 2022 842 2081 generavit
865 2040 874 2067 ε
903 2024 1144 2085 praesertim
1170 2024 1291 2087 quia,
1324 2034 1371 2068 ut
1394 2027 1489 2082 jam
1513 2021 1699 2068 diximus
1719 2057 1730 2077 ,

356 2110 398 2146 et
418 2095 498 2141 tibi
524 2091 839 2139 inculcandum
864 2103 925 2136 est
941 2129 952 2148 ,
987 2094 1019 2138 si
1043 2093 1131 2139 hoc
1160 2104 1341 2156 propter
1364 2092 1547 2155 exempli
1572 2091 1736 2138 diceret

353 2168 683 2236 principatum3
710 2180 786 2225 per
810 2180 939 2208 unam
970 2164 1163 2220 diceret,
1192 2182 1237 2210 ex
1261 2181 1347 2228 qua
1372 2165 1564 2228 primum
1592 2165 1638 2210 in
1657 2181 1733 2224 ge-

353 2257 454 2288 nere
489 2238 685 2282 humano
727 2233 941 2296 peccandi
970 2235 1181 2297 processit
1212 2235 1484 2298 exemplunm
1520 2246 1563 2280 et
1597 2235 1732 2294 magis

352 2306 703 2376 praetermitteret
718 2304 879 2358 virum,
901 2322 1030 2368 quem
1051 2306 1241 2351 mulieris
1255 2306 1517 2369 exemplum,
1539 2316 1588 2350 ut
1602 2306 1730 2351 etiam

346 2384 438 2447 ipse
462 2385 662 2442 peccaret
679 2373 910 2429 imitando,
938 2387 1117 2422 noverat
1141 2377 1440 2422 subsecutum.

411 2448 655 2498 LXXXVI.
675 2449 696 2490 J
703 2463 771 2492 UL.
789 2467 808 2487 c<
832 2446 898 2492 Ad
924 2447 1264 2507 Hehreeosergo9
1290 2448 1367 2492 ubi
1391 2447 1443 2494 de
1459 2448 1730 2507 generatione

343 2540 484 2576 sermo
500 2531 581 2575 est,
596 2535 642 2564 ex
653 2534 738 2563 uno
750 2516 958 2564 dicuntur
970 2518 1098 2565 multi
1122 2519 1327 2565 extitisse:
1348 2518 1632 2565 adPtomanos
1646 2534 1728 2564 au-

388 2609 516 2640 lRom,
536 2614 567 2643 v,
590 2613 642 2633 12.
