<?xml version="1.0" encoding="UTF-8"?>
<!DOCTYPE html PUBLIC "-//W3C//DTD XHTML 1.0 Transitional//EN"
    "http://www.w3.org/TR/xhtml1/DTD/xhtml1-transitional.dtd">
<html xmlns="http://www.w3.org/1999/xhtml" xml:lang="en" lang="en">
 <head>
  <title>
</title>
<meta http-equiv="Content-Type" content="text/html;charset=utf-8" />
  <meta name='ocr-system' content='tesseract 3.04.00' />
  <meta name='ocr-capabilities' content='ocr_page ocr_carea ocr_par ocr_line ocrx_word'/>
</head>
<body>
  <div class='ocr_page' id='page_1' title='image "./operaomniaaccura37auguuoft/operaomniaaccura37auguuoft_0210.png"; bbox 0 0 1863 3262; ppageno 0'>
   <div class='ocr_carea' id='block_1_1' title="bbox 289 223 1692 2614">
    <p class='ocr_par' dir='ltr' id='par_1_1' title="bbox 294 223 1274 258">
     <span class='ocr_line' id='line_1_1' title="bbox 294 223 1274 258; baseline 0.004 -5"><span class='ocrx_word' id='word_1_1' title='bbox 294 223 384 253; x_wconf 82' lang='lat'>200</span> <span class='ocrx_word' id='word_1_2' title='bbox 712 224 746 253; x_wconf 77' lang='lat' dir='ltr'>s,</span> <span class='ocrx_word' id='word_1_3' title='bbox 792 223 1033 254; x_wconf 67' lang='lat' dir='ltr'>Auous‘rml</span> <span class='ocrx_word' id='word_1_4' title='bbox 1070 226 1274 258; x_wconf 76' lang='lat' dir='ltr'>EPISCOPI</span> 
     </span>
    </p>

    <p class='ocr_par' dir='ltr' id='par_1_2' title="bbox 289 286 1687 1535">
     <span class='ocr_line' id='line_1_2' title="bbox 298 286 1670 349; baseline 0.006 -16"><span class='ocrx_word' id='word_1_5' title='bbox 298 298 452 333; x_wconf 83' lang='lat' dir='ltr'>natura</span> <span class='ocrx_word' id='word_1_6' title='bbox 473 286 599 333; x_wconf 79' lang='lat' dir='ltr'>inditi</span> <span class='ocrx_word' id='word_1_7' title='bbox 616 325 626 344; x_wconf 84' lang='lat'><strong><em>‚</em></strong></span> <span class='ocrx_word' id='word_1_8' title='bbox 652 305 739 333; x_wconf 90' lang='lat' dir='ltr'>non</span> <span class='ocrx_word' id='word_1_9' title='bbox 764 305 866 344; x_wconf 79' lang='lat' dir='ltr'>usu,</span> <span class='ocrx_word' id='word_1_10' title='bbox 891 288 963 334; x_wconf 86' lang='lat' dir='ltr'>sed</span> <span class='ocrx_word' id='word_1_11' title='bbox 990 307 1158 336; x_wconf 70' lang='lat' dir='ltr'>excessu</span> <span class='ocrx_word' id='word_1_12' title='bbox 1200 291 1252 336; x_wconf 84' lang='lat' dir='ltr'>ad</span> <span class='ocrx_word' id='word_1_13' title='bbox 1291 291 1394 338; x_wconf 88' lang='lat' dir='ltr'>vitia</span> <span class='ocrx_word' id='word_1_14' title='bbox 1430 292 1670 349; x_wconf 76' lang='lat' dir='ltr'>labuntur3</span> 
     </span>
     <span class='ocr_line' id='line_1_3' title="bbox 297 358 1674 428; baseline 0.006 -26"><span class='ocrx_word' id='word_1_15' title='bbox 297 358 397 403; x_wconf 81' lang='lat' dir='ltr'>haec</span> <span class='ocrx_word' id='word_1_16' title='bbox 415 358 557 403; x_wconf 84' lang='lat' dir='ltr'>omnia</span> <span class='ocrx_word' id='word_1_17' title='bbox 576 375 675 421; x_wconf 59' lang='lat' dir='ltr'>quse</span> <span class='ocrx_word' id='word_1_18' title='bbox 699 376 721 403; x_wconf 86' lang='lat' dir='ltr'>a</span> <span class='ocrx_word' id='word_1_19' title='bbox 746 359 972 404; x_wconf 85' lang='lat' dir='ltr'>catholicis</span> <span class='ocrx_word' id='word_1_20' title='bbox 992 360 1124 405; x_wconf 85' lang='lat' dir='ltr'>relata</span> <span class='ocrx_word' id='word_1_21' title='bbox 1149 373 1268 418; x_wconf 80' lang='lat' dir='ltr'>sunt,</span> <span class='ocrx_word' id='word_1_22' title='bbox 1295 364 1554 425; x_wconf 60' lang='lat' dir='ltr'>praejudicio</span> <span class='ocrx_word' id='word_1_23' title='bbox 1578 366 1674 428; x_wconf 82' lang='lat' dir='ltr'>opi-</span> 
     </span>
     <span class='ocr_line' id='line_1_4' title="bbox 295 428 1676 495; baseline 0.006 -23"><span class='ocrx_word' id='word_1_24' title='bbox 295 428 436 472; x_wconf 89' lang='lat' dir='ltr'>nionis</span> <span class='ocrx_word' id='word_1_25' title='bbox 456 445 545 473; x_wconf 83' lang='lat' dir='ltr'>suae</span> <span class='ocrx_word' id='word_1_26' title='bbox 564 438 708 473; x_wconf 87' lang='lat' dir='ltr'>mutus</span> <span class='ocrx_word' id='word_1_27' title='bbox 727 429 906 491; x_wconf 80' lang='lat' dir='ltr'>excepit.</span> <span class='ocrx_word' id='word_1_28' title='bbox 934 430 1103 474; x_wconf 79' lang='lat' dir='ltr'>Horum</span> <span class='ocrx_word' id='word_1_29' title='bbox 1129 432 1295 495; x_wconf 79' lang='lat' dir='ltr'><strong>quippe</strong></span> <span class='ocrx_word' id='word_1_30' title='bbox 1322 445 1583 478; x_wconf 89' lang='lat' dir='ltr'>cunctorum</span> <span class='ocrx_word' id='word_1_31' title='bbox 1609 434 1676 480; x_wconf 87' lang='lat' dir='ltr'>af-</span> 
     </span>
     <span class='ocr_line' id='line_1_5' title="bbox 296 498 1677 565; baseline 0.006 -24"><span class='ocrx_word' id='word_1_32' title='bbox 296 498 542 543; x_wconf 85' lang='lat' dir='ltr'>firmatione</span> <span class='ocrx_word' id='word_1_33' title='bbox 560 499 828 544; x_wconf 78' lang='lat' dir='ltr'>construitur</span> <span class='ocrx_word' id='word_1_34' title='bbox 849 498 1068 546; x_wconf 78' lang='lat' dir='ltr'>catholica</span> <span class='ocrx_word' id='word_1_35' title='bbox 1087 500 1193 546; x_wconf 85' lang='lat' dir='ltr'>fides</span> <span class='ocrx_word' id='word_1_36' title='bbox 1210 539 1220 557; x_wconf 87' lang='lat'>‚</span> <span class='ocrx_word' id='word_1_37' title='bbox 1245 520 1433 565; x_wconf 87' lang='lat' dir='ltr'>quorum</span> <span class='ocrx_word' id='word_1_38' title='bbox 1452 505 1677 563; x_wconf 80' lang='lat' dir='ltr'>negatione</span> 
     </span>
     <span class='ocr_line' id='line_1_6' title="bbox 298 568 1678 637; baseline 0.005 -24"><span class='ocrx_word' id='word_1_39' title='bbox 298 568 364 614; x_wconf 84' lang='lat' dir='ltr'>vel</span> <span class='ocrx_word' id='word_1_40' title='bbox 385 570 691 614; x_wconf 87' lang='lat' dir='ltr'>consecutione</span> <span class='ocrx_word' id='word_1_41' title='bbox 712 569 974 632; x_wconf 85' lang='lat' dir='ltr'>Apollinaris</span> <span class='ocrx_word' id='word_1_42' title='bbox 1002 570 1180 616; x_wconf 57' lang='lat' dir='ltr'>haeresis</span> <span class='ocrx_word' id='word_1_43' title='bbox 1204 585 1436 636; x_wconf 86' lang='lat' dir='ltr'>compacta</span> <span class='ocrx_word' id='word_1_44' title='bbox 1463 584 1524 619; x_wconf 85' lang='lat' dir='ltr'>est</span> <span class='ocrx_word' id='word_1_45' title='bbox 1549 585 1678 637; x_wconf 84' lang='lat' dir='ltr'>atque</span> 
     </span>
     <span class='ocr_line' id='line_1_7' title="bbox 298 639 1673 704; baseline 0.004 -20"><span class='ocrx_word' id='word_1_46' title='bbox 298 639 518 685; x_wconf 84' lang='lat' dir='ltr'>damnata.</span> <span class='ocrx_word' id='word_1_47' title='bbox 552 641 619 685; x_wconf 86' lang='lat' dir='ltr'>Tu</span> <span class='ocrx_word' id='word_1_48' title='bbox 641 640 774 700; x_wconf 82' lang='lat' dir='ltr'>igitur</span> <span class='ocrx_word' id='word_1_49' title='bbox 796 641 964 700; x_wconf 75' lang='lat' dir='ltr'><strong>conjice</strong></span> <span class='ocrx_word' id='word_1_50' title='bbox 988 641 1095 702; x_wconf 82' lang='lat' dir='ltr'>quid</span> <span class='ocrx_word' id='word_1_51' title='bbox 1121 641 1173 686; x_wconf 76' lang='lat' dir='ltr'>tle</span> <span class='ocrx_word' id='word_1_52' title='bbox 1199 654 1237 687; x_wconf 88' lang='lat' dir='ltr'>te</span> <span class='ocrx_word' id='word_1_53' title='bbox 1269 643 1425 689; x_wconf 83' lang='lat' dir='ltr'>debeat</span> <span class='ocrx_word' id='word_1_54' title='bbox 1449 644 1640 704; x_wconf 80' lang='lat' dir='ltr'>judicari</span> <span class='ocrx_word' id='word_1_55' title='bbox 1663 682 1673 700; x_wconf 86' lang='lat'>‚</span> 
     </span>
     <span class='ocr_line' id='line_1_8' title="bbox 294 710 1678 772; baseline 0.004 -18"><span class='ocrx_word' id='word_1_56' title='bbox 294 710 369 772; x_wconf 88' lang='lat' dir='ltr'>qui</span> <span class='ocrx_word' id='word_1_57' title='bbox 392 710 740 755; x_wconf 73' lang='lat' dir='ltr'>commixtionem</span> <span class='ocrx_word' id='word_1_58' title='bbox 761 727 935 755; x_wconf 78' lang='lat' dir='ltr'>sexuum</span> <span class='ocrx_word' id='word_1_59' title='bbox 959 710 1163 767; x_wconf 84' lang='lat' dir='ltr'>damnas,</span> <span class='ocrx_word' id='word_1_60' title='bbox 1196 723 1243 756; x_wconf 90' lang='lat' dir='ltr'>ut</span> <span class='ocrx_word' id='word_1_61' title='bbox 1268 714 1567 768; x_wconf 74' lang='lat' dir='ltr'>Manichaeus3</span> <span class='ocrx_word' id='word_1_62' title='bbox 1596 732 1678 759; x_wconf 88' lang='lat' dir='ltr'>na-</span> 
     </span>
     <span class='ocr_line' id='line_1_9' title="bbox 295 780 1675 848; baseline 0.004 -24"><span class='ocrx_word' id='word_1_63' title='bbox 295 790 437 825; x_wconf 86' lang='lat' dir='ltr'>tnram</span> <span class='ocrx_word' id='word_1_64' title='bbox 456 780 598 825; x_wconf 86' lang='lat' dir='ltr'>caruis</span> <span class='ocrx_word' id='word_1_65' title='bbox 616 781 782 826; x_wconf 76' lang='lat' dir='ltr'>Christi</span> <span class='ocrx_word' id='word_1_66' title='bbox 801 800 823 825; x_wconf 86' lang='lat' dir='ltr'>a</span> <span class='ocrx_word' id='word_1_67' title='bbox 840 781 1149 826; x_wconf 84' lang='lat' dir='ltr'>communione</span> <span class='ocrx_word' id='word_1_68' title='bbox 1167 781 1398 828; x_wconf 83' lang='lat' dir='ltr'>hominum</span> <span class='ocrx_word' id='word_1_69' title='bbox 1420 795 1675 848; x_wconf 81' lang='lat' dir='ltr'>sequestras,</span> 
     </span>
     <span class='ocr_line' id='line_1_10' title="bbox 294 851 1676 913; baseline 0.002 -18"><span class='ocrx_word' id='word_1_70' title='bbox 294 852 533 896; x_wconf 85' lang='lat' dir='ltr'>secundum</span> <span class='ocrx_word' id='word_1_71' title='bbox 559 851 856 904; x_wconf 79' lang='lat' dir='ltr'>Mauichaeos3</span> <span class='ocrx_word' id='word_1_72' title='bbox 879 851 1282 913; x_wconf 77' lang='lat' dir='ltr'>concupiscentiam</span> <span class='ocrx_word' id='word_1_73' title='bbox 1308 855 1448 899; x_wconf 86' lang='lat' dir='ltr'>carnis</span> <span class='ocrx_word' id='word_1_74' title='bbox 1473 871 1676 910; x_wconf 81' lang='lat' dir='ltr'>accusas,</span> 
     </span>
     <span class='ocr_line' id='line_1_11' title="bbox 289 922 1683 988; baseline 0.002 -20"><span class='ocrx_word' id='word_1_75' title='bbox 289 925 412 981; x_wconf 69' lang='lat' dir='ltr'>Juxta</span> <span class='ocrx_word' id='word_1_76' title='bbox 434 923 719 985; x_wconf 59' lang='lat' dir='ltr'>praeceptoris</span> <span class='ocrx_word' id='word_1_77' title='bbox 757 923 815 968; x_wconf 90' lang='lat' dir='ltr'>tui</span> <span class='ocrx_word' id='word_1_78' title='bbox 854 922 973 967; x_wconf 86' lang='lat' dir='ltr'>dicta</span> <span class='ocrx_word' id='word_1_79' title='bbox 1009 922 1278 977; x_wconf 77' lang='lat' dir='ltr'>Manichaei3</span> <span class='ocrx_word' id='word_1_80' title='bbox 1307 924 1415 970; x_wconf 88' lang='lat' dir='ltr'>dicis</span> <span class='ocrx_word' id='word_1_81' title='bbox 1443 925 1683 988; x_wconf 84' lang='lat' dir='ltr'>concupis-</span> 
     </span>
     <span class='ocr_line' id='line_1_12' title="bbox 295 993 1685 1055; baseline 0.003 -18"><span class='ocrx_word' id='word_1_82' title='bbox 295 993 482 1037; x_wconf 82' lang='lat' dir='ltr'>centiam</span> <span class='ocrx_word' id='word_1_83' title='bbox 503 1010 703 1038; x_wconf 87' lang='lat' dir='ltr'>sensuum</span> <span class='ocrx_word' id='word_1_84' title='bbox 725 993 769 1037; x_wconf 80' lang='lat' dir='ltr'>in</span> <span class='ocrx_word' id='word_1_85' title='bbox 790 993 951 1037; x_wconf 79' lang='lat' dir='ltr'>Christi</span> <span class='ocrx_word' id='word_1_86' title='bbox 973 1009 1158 1055; x_wconf 85' lang='lat' dir='ltr'>corpore</span> <span class='ocrx_word' id='word_1_87' title='bbox 1178 1011 1265 1038; x_wconf 90' lang='lat' dir='ltr'>non</span> <span class='ocrx_word' id='word_1_88' title='bbox 1285 994 1428 1051; x_wconf 81' lang='lat' dir='ltr'>fuisse,</span> <span class='ocrx_word' id='word_1_89' title='bbox 1449 995 1514 1041; x_wconf 89' lang='lat' dir='ltr'>vel</span> <span class='ocrx_word' id='word_1_90' title='bbox 1534 1012 1685 1040; x_wconf 88' lang='lat' dir='ltr'>secun-</span> 
     </span>
     <span class='ocr_line' id='line_1_13' title="bbox 295 1061 1685 1125; baseline 0.001 -18"><span class='ocrx_word' id='word_1_91' title='bbox 295 1061 402 1107; x_wconf 87' lang='lat' dir='ltr'>dum</span> <span class='ocrx_word' id='word_1_92' title='bbox 430 1062 721 1118; x_wconf 72' lang='lat' dir='ltr'>Mani0hae0s‚</span> <span class='ocrx_word' id='word_1_93' title='bbox 748 1062 814 1109; x_wconf 90' lang='lat' dir='ltr'>vel</span> <span class='ocrx_word' id='word_1_94' title='bbox 832 1062 1072 1107; x_wconf 88' lang='lat' dir='ltr'>secundum</span> <span class='ocrx_word' id='word_1_95' title='bbox 1094 1063 1423 1125; x_wconf 81' lang='lat' dir='ltr'>Apollinaristas</span> <span class='ocrx_word' id='word_1_96' title='bbox 1445 1083 1455 1110; x_wconf 73' lang='grc' dir='ltr'>ε</span> <span class='ocrx_word' id='word_1_97' title='bbox 1483 1077 1524 1111; x_wconf 87' lang='lat' dir='ltr'>et</span> <span class='ocrx_word' id='word_1_98' title='bbox 1542 1076 1685 1110; x_wconf 86' lang='lat' dir='ltr'>tamen</span> 
     </span>
     <span class='ocr_line' id='line_1_14' title="bbox 296 1133 1679 1197; baseline 0.001 -19"><span class='ocrx_word' id='word_1_99' title='bbox 296 1133 360 1178; x_wconf 88' lang='lat' dir='ltr'>vis</span> <span class='ocrx_word' id='word_1_100' title='bbox 393 1151 415 1178; x_wconf 86' lang='lat' dir='ltr'>a</span> <span class='ocrx_word' id='word_1_101' title='bbox 451 1133 578 1179; x_wconf 84' lang='lat' dir='ltr'>nobis</span> <span class='ocrx_word' id='word_1_102' title='bbox 606 1150 687 1179; x_wconf 89' lang='lat' dir='ltr'>nec</span> <span class='ocrx_word' id='word_1_103' title='bbox 712 1133 1054 1197; x_wconf 83' lang='lat' dir='ltr'>Apollinarista,</span> <span class='ocrx_word' id='word_1_104' title='bbox 1088 1151 1168 1179; x_wconf 85' lang='lat' dir='ltr'>nec</span> <span class='ocrx_word' id='word_1_105' title='bbox 1204 1135 1482 1181; x_wconf 61' lang='lat' dir='ltr'>Manichacus</span> <span class='ocrx_word' id='word_1_106' title='bbox 1515 1135 1679 1182; x_wconf 88' lang='lat' dir='ltr'>vocari.</span> 
     </span>
     <span class='ocr_line' id='line_1_15' title="bbox 298 1204 1687 1268; baseline 0.004 -22"><span class='ocrx_word' id='word_1_107' title='bbox 298 1206 565 1268; x_wconf 84' lang='lat' dir='ltr'>Quanquam</span> <span class='ocrx_word' id='word_1_108' title='bbox 582 1204 639 1250; x_wconf 87' lang='lat' dir='ltr'>do</span> <span class='ocrx_word' id='word_1_109' title='bbox 672 1223 851 1262; x_wconf 80' lang='lat' dir='ltr'>manus,</span> <span class='ocrx_word' id='word_1_110' title='bbox 885 1216 1133 1268; x_wconf 85' lang='lat' dir='ltr'>praestoque</span> <span class='ocrx_word' id='word_1_111' title='bbox 1162 1205 1460 1264; x_wconf 62' lang='lat' dir='ltr'>&gt;beneficium3</span> <span class='ocrx_word' id='word_1_112' title='bbox 1497 1224 1577 1253; x_wconf 86' lang='lat' dir='ltr'>nec</span> <span class='ocrx_word' id='word_1_113' title='bbox 1609 1223 1687 1252; x_wconf 87' lang='lat' dir='ltr'>nos</span> 
     </span>
     <span class='ocr_line' id='line_1_16' title="bbox 296 1275 1687 1340; baseline 0 -19"><span class='ocrx_word' id='word_1_114' title='bbox 296 1275 571 1321; x_wconf 76' lang='lat' dir='ltr'>liberalitatis</span> <span class='ocrx_word' id='word_1_115' title='bbox 589 1277 804 1339; x_wconf 83' lang='lat' dir='ltr'>poenitet:</span> <span class='ocrx_word' id='word_1_116' title='bbox 834 1294 911 1340; x_wconf 83' lang='lat' dir='ltr'>per</span> <span class='ocrx_word' id='word_1_117' title='bbox 932 1294 997 1321; x_wconf 87' lang='lat' dir='ltr'>me</span> <span class='ocrx_word' id='word_1_118' title='bbox 1021 1287 1068 1321; x_wconf 87' lang='lat' dir='ltr'>ut</span> <span class='ocrx_word' id='word_1_119' title='bbox 1098 1277 1365 1339; x_wconf 83' lang='lat' dir='ltr'>Apollinaris</span> <span class='ocrx_word' id='word_1_120' title='bbox 1393 1288 1578 1323; x_wconf 84' lang='lat' dir='ltr'>sectator</span> <span class='ocrx_word' id='word_1_121' title='bbox 1598 1294 1687 1323; x_wconf 84' lang='lat' dir='ltr'>non</span> 
     </span>
     <span class='ocr_line' id='line_1_17' title="bbox 297 1347 1687 1411; baseline -0.001 -18"><span class='ocrx_word' id='word_1_122' title='bbox 297 1347 483 1394; x_wconf 82' lang='lat' dir='ltr'>videaris</span> <span class='ocrx_word' id='word_1_123' title='bbox 514 1347 665 1393; x_wconf 83' lang='lat' dir='ltr'>licebit</span> <span class='ocrx_word' id='word_1_124' title='bbox 691 1366 701 1392; x_wconf 90' lang='lat'>:</span> <span class='ocrx_word' id='word_1_125' title='bbox 727 1347 905 1393; x_wconf 85' lang='lat' dir='ltr'>minoris</span> <span class='ocrx_word' id='word_1_126' title='bbox 941 1348 1109 1411; x_wconf 84' lang='lat' dir='ltr'>quippe</span> <span class='ocrx_word' id='word_1_127' title='bbox 1145 1359 1205 1393; x_wconf 84' lang='lat' dir='ltr'>est</span> <span class='ocrx_word' id='word_1_128' title='bbox 1243 1347 1316 1393; x_wconf 89' lang='lat' dir='ltr'>ille</span> <span class='ocrx_word' id='word_1_129' title='bbox 1341 1349 1577 1411; x_wconf 86' lang='lat' dir='ltr'>impietatis</span> <span class='ocrx_word' id='word_1_130' title='bbox 1613 1348 1687 1393; x_wconf 91' lang='lat' dir='ltr'>in·-</span> 
     </span>
     <span class='ocr_line' id='line_1_18' title="bbox 295 1418 1685 1481; baseline -0.001 -18"><span class='ocrx_word' id='word_1_131' title='bbox 295 1428 475 1471; x_wconf 89' lang='lat' dir='ltr'>ventor;</span> <span class='ocrx_word' id='word_1_132' title='bbox 502 1435 580 1480; x_wconf 81' lang='lat' dir='ltr'>per</span> <span class='ocrx_word' id='word_1_133' title='bbox 604 1429 644 1463; x_wconf 88' lang='lat' dir='ltr'>te</span> <span class='ocrx_word' id='word_1_134' title='bbox 675 1429 817 1464; x_wconf 87' lang='lat' dir='ltr'>autem</span> <span class='ocrx_word' id='word_1_135' title='bbox 853 1434 942 1463; x_wconf 87' lang='lat' dir='ltr'>non</span> <span class='ocrx_word' id='word_1_136' title='bbox 975 1418 1077 1463; x_wconf 90' lang='lat' dir='ltr'>licet</span> <span class='ocrx_word' id='word_1_137' title='bbox 1116 1428 1164 1463; x_wconf 90' lang='lat' dir='ltr'>ut</span> <span class='ocrx_word' id='word_1_138' title='bbox 1201 1419 1368 1464; x_wconf 86' lang='lat' dir='ltr'>voceris</span> <span class='ocrx_word' id='word_1_139' title='bbox 1405 1419 1525 1464; x_wconf 88' lang='lat' dir='ltr'>aliud</span> <span class='ocrx_word' id='word_1_140' title='bbox 1551 1434 1685 1481; x_wconf 86' lang='lat' dir='ltr'>quam</span> 
     </span>
     <span class='ocr_line' id='line_1_19' title="bbox 298 1488 587 1535; baseline 0.003 -1"><span class='ocrx_word' id='word_1_141' title='bbox 298 1488 587 1535; x_wconf 81' lang='lat' dir='ltr'>Manichaeus.</span> 
     </span>
    </p>

    <p class='ocr_par' dir='ltr' id='par_1_3' title="bbox 296 1557 1691 2325">
     <span class='ocr_line' id='line_1_20' title="bbox 363 1557 1688 1621; baseline -0.001 -17"><span class='ocrx_word' id='word_1_142' title='bbox 363 1559 483 1604; x_wconf 82' lang='lat' dir='ltr'><strong>AUG.</strong></span> <span class='ocrx_word' id='word_1_143' title='bbox 527 1559 617 1604; x_wconf 89' lang='lat' dir='ltr'>Nec</span> <span class='ocrx_word' id='word_1_144' title='bbox 655 1558 966 1621; x_wconf 83' lang='lat' dir='ltr'>Apollinarista</span> <span class='ocrx_word' id='word_1_145' title='bbox 988 1595 997 1614; x_wconf 81' lang='grc'>,</span> <span class='ocrx_word' id='word_1_146' title='bbox 1040 1575 1120 1604; x_wconf 90' lang='lat' dir='ltr'>nec</span> <span class='ocrx_word' id='word_1_147' title='bbox 1162 1558 1437 1604; x_wconf 80' lang='lat' dir='ltr'>Manichaeus</span> <span class='ocrx_word' id='word_1_148' title='bbox 1466 1557 1576 1613; x_wconf 83' lang='lat' dir='ltr'>fuit,</span> <span class='ocrx_word' id='word_1_149' title='bbox 1614 1557 1688 1603; x_wconf 85' lang='lat' dir='ltr'>sed</span> 
     </span>
     <span class='ocr_line' id='line_1_21' title="bbox 297 1629 1688 1692; baseline -0.001 -18"><span class='ocrx_word' id='word_1_150' title='bbox 297 1629 607 1675; x_wconf 81' lang='lat' dir='ltr'>haereticorum</span> <span class='ocrx_word' id='word_1_151' title='bbox 633 1640 904 1692; x_wconf 80' lang='lat' dir='ltr'>expugnator</span> <span class='ocrx_word' id='word_1_152' title='bbox 927 1629 1210 1686; x_wconf 76' lang='lat' dir='ltr'>Ambrosius,</span> <span class='ocrx_word' id='word_1_153' title='bbox 1236 1629 1312 1692; x_wconf 87' lang='lat' dir='ltr'>qui</span> <span class='ocrx_word' id='word_1_154' title='bbox 1336 1646 1418 1691; x_wconf 82' lang='lat' dir='ltr'>per</span> <span class='ocrx_word' id='word_1_155' title='bbox 1444 1640 1559 1674; x_wconf 85' lang='lat' dir='ltr'>tuam</span> <span class='ocrx_word' id='word_1_156' title='bbox 1592 1645 1688 1674; x_wconf 88' lang='lat' dir='ltr'>sus-</span> 
     </span>
     <span class='ocr_line' id='line_1_22' title="bbox 296 1698 1689 1764; baseline -0.001 -19"><span class='ocrx_word' id='word_1_157' title='bbox 296 1711 467 1764; x_wconf 90' lang='lat' dir='ltr'>ceptam</span> <span class='ocrx_word' id='word_1_158' title='bbox 487 1699 712 1764; x_wconf 86' lang='lat' dir='ltr'>quidquid</span> <span class='ocrx_word' id='word_1_159' title='bbox 737 1700 969 1746; x_wconf 85' lang='lat' dir='ltr'>hominum</span> <span class='ocrx_word' id='word_1_160' title='bbox 997 1710 1263 1755; x_wconf 78' lang='lat' dir='ltr'>nasceretur,</span> <span class='ocrx_word' id='word_1_161' title='bbox 1288 1700 1378 1744; x_wconf 86' lang='lat' dir='ltr'>sine</span> <span class='ocrx_word' id='word_1_162' title='bbox 1399 1699 1559 1744; x_wconf 86' lang='lat' dir='ltr'>delicto</span> <span class='ocrx_word' id='word_1_163' title='bbox 1582 1698 1689 1744; x_wconf 76' lang='lat' dir='ltr'>dixit</span> 
     </span>
     <span class='ocr_line' id='line_1_23' title="bbox 298 1770 1689 1833; baseline -0.001 -17"><span class='ocrx_word' id='word_1_164' title='bbox 298 1788 385 1816; x_wconf 87' lang='lat' dir='ltr'>esse</span> <span class='ocrx_word' id='word_1_165' title='bbox 409 1788 497 1816; x_wconf 90' lang='lat' dir='ltr'>non</span> <span class='ocrx_word' id='word_1_166' title='bbox 529 1787 676 1833; x_wconf 80' lang='lat' dir='ltr'>posse,</span> <span class='ocrx_word' id='word_1_167' title='bbox 705 1770 952 1833; x_wconf 80' lang='lat' dir='ltr'>apostolum</span> <span class='ocrx_word' id='word_1_168' title='bbox 987 1770 1172 1815; x_wconf 87' lang='lat' dir='ltr'>Paulum</span> <span class='ocrx_word' id='word_1_169' title='bbox 1193 1807 1203 1826; x_wconf 82' lang='lat'>‚</span> <span class='ocrx_word' id='word_1_170' title='bbox 1235 1770 1348 1815; x_wconf 88' lang='lat' dir='ltr'>sicut</span> <span class='ocrx_word' id='word_1_171' title='bbox 1387 1770 1613 1833; x_wconf 82' lang='lat' dir='ltr'>oportuit,</span> <span class='ocrx_word' id='word_1_172' title='bbox 1648 1779 1689 1814; x_wconf 90' lang='lat' dir='ltr'>et</span> 
     </span>
     <span class='ocr_line' id='line_1_24' title="bbox 299 1840 1690 1904; baseline -0.001 -17"><span class='ocrx_word' id='word_1_173' title='bbox 299 1841 543 1902; x_wconf 82' lang='lat' dir='ltr'>intelligens</span> <span class='ocrx_word' id='word_1_174' title='bbox 581 1851 623 1887; x_wconf 87' lang='lat' dir='ltr'>et</span> <span class='ocrx_word' id='word_1_175' title='bbox 650 1858 879 1904; x_wconf 83' lang='lat' dir='ltr'>exponens.</span> <span class='ocrx_word' id='word_1_176' title='bbox 912 1842 979 1886; x_wconf 87' lang='lat' dir='ltr'>Tu</span> <span class='ocrx_word' id='word_1_177' title='bbox 1011 1852 1155 1886; x_wconf 86' lang='lat' dir='ltr'>autem</span> <span class='ocrx_word' id='word_1_178' title='bbox 1182 1851 1302 1886; x_wconf 90' lang='lat' dir='ltr'>tanto</span> <span class='ocrx_word' id='word_1_179' title='bbox 1339 1841 1475 1900; x_wconf 85' lang='lat' dir='ltr'>magis</span> <span class='ocrx_word' id='word_1_180' title='bbox 1511 1840 1690 1900; x_wconf 81' lang='lat' dir='ltr'>adjuvas</span> 
     </span>
     <span class='ocr_line' id='line_1_25' title="bbox 303 1910 1690 1976; baseline -0.002 -18"><span class='ocrx_word' id='word_1_181' title='bbox 303 1913 591 1968; x_wconf 77' lang='lat' dir='ltr'>Maniehaeos,</span> <span class='ocrx_word' id='word_1_182' title='bbox 610 1915 731 1975; x_wconf 85' lang='lat' dir='ltr'>quod</span> <span class='ocrx_word' id='word_1_183' title='bbox 752 1913 987 1976; x_wconf 85' lang='lat' dir='ltr'>saepissime</span> <span class='ocrx_word' id='word_1_184' title='bbox 1001 1911 1192 1967; x_wconf 75' lang='lat' dir='ltr'>ostendi,</span> <span class='ocrx_word' id='word_1_185' title='bbox 1215 1921 1383 1974; x_wconf 85' lang='lat' dir='ltr'>quanto</span> <span class='ocrx_word' id='word_1_186' title='bbox 1402 1911 1537 1971; x_wconf 84' lang='lat' dir='ltr'>magis</span> <span class='ocrx_word' id='word_1_187' title='bbox 1560 1911 1614 1956; x_wconf 90' lang='lat' dir='ltr'>ab</span> <span class='ocrx_word' id='word_1_188' title='bbox 1633 1910 1690 1955; x_wconf 88' lang='lat' dir='ltr'>eis</span> 
     </span>
     <span class='ocr_line' id='line_1_26' title="bbox 303 1982 1691 2029; baseline -0.002 -1"><span class='ocrx_word' id='word_1_189' title='bbox 303 1994 341 2029; x_wconf 88' lang='lat' dir='ltr'>te</span> <span class='ocrx_word' id='word_1_190' title='bbox 364 2001 451 2029; x_wconf 88' lang='lat' dir='ltr'>esse</span> <span class='ocrx_word' id='word_1_191' title='bbox 469 1982 692 2028; x_wconf 82' lang='lat' dir='ltr'>arbitraris</span> <span class='ocrx_word' id='word_1_192' title='bbox 708 1983 896 2028; x_wconf 87' lang='lat' dir='ltr'>alienum</span> <span class='ocrx_word' id='word_1_193' title='bbox 920 2000 929 2027; x_wconf 92' lang='lat'>:</span> <span class='ocrx_word' id='word_1_194' title='bbox 952 2000 993 2028; x_wconf 89' lang='lat' dir='ltr'>es</span> <span class='ocrx_word' id='word_1_195' title='bbox 1020 1993 1161 2027; x_wconf 87' lang='lat' dir='ltr'>autem</span> <span class='ocrx_word' id='word_1_196' title='bbox 1185 1999 1323 2027; x_wconf 84' lang='lat' dir='ltr'>novus</span> <span class='ocrx_word' id='word_1_197' title='bbox 1348 1982 1582 2027; x_wconf 71' lang='lat' dir='ltr'>haereticus</span> <span class='ocrx_word' id='word_1_198' title='bbox 1605 1982 1691 2025; x_wconf 88' lang='lat' dir='ltr'>Pe-</span> 
     </span>
     <span class='ocr_line' id='line_1_27' title="bbox 301 2051 1689 2116; baseline -0.004 -17"><span class='ocrx_word' id='word_1_199' title='bbox 301 2055 521 2114; x_wconf 71' lang='lat' dir='ltr'>lagianos,</span> <span class='ocrx_word' id='word_1_200' title='bbox 548 2053 594 2099; x_wconf 89' lang='lat' dir='ltr'>in</span> <span class='ocrx_word' id='word_1_201' title='bbox 616 2053 911 2116; x_wconf 85' lang='lat' dir='ltr'>disputatione</span> <span class='ocrx_word' id='word_1_202' title='bbox 937 2052 1266 2115; x_wconf 84' lang='lat' dir='ltr'>loquacissimus</span> <span class='ocrx_word' id='word_1_203' title='bbox 1283 2089 1293 2107; x_wconf 84' lang='lat'><em>‚</em></span> <span class='ocrx_word' id='word_1_204' title='bbox 1332 2051 1378 2096; x_wconf 90' lang='lat' dir='ltr'>in</span> <span class='ocrx_word' id='word_1_205' title='bbox 1413 2051 1689 2097; x_wconf 87' lang='lat' dir='ltr'>contentione</span> 
     </span>
     <span class='ocr_line' id='line_1_28' title="bbox 303 2121 1689 2187; baseline -0.004 -17"><span class='ocrx_word' id='word_1_206' title='bbox 303 2124 735 2178; x_wconf 79' lang='lat' dir='ltr'>calumniosissimus,</span> <span class='ocrx_word' id='word_1_207' title='bbox 750 2125 795 2169; x_wconf 91' lang='lat' dir='ltr'>in</span> <span class='ocrx_word' id='word_1_208' title='bbox 810 2123 1074 2187; x_wconf 85' lang='lat' dir='ltr'>professione</span> <span class='ocrx_word' id='word_1_209' title='bbox 1091 2122 1402 2168; x_wconf 78' lang='lat' dir='ltr'>fallacissimus,</span> <span class='ocrx_word' id='word_1_210' title='bbox 1430 2121 1553 2167; x_wconf 84' lang='lat' dir='ltr'>Nihil</span> <span class='ocrx_word' id='word_1_211' title='bbox 1574 2122 1689 2166; x_wconf 89' lang='lat' dir='ltr'>enim</span> 
     </span>
     <span class='ocr_line' id='line_1_29' title="bbox 303 2191 1690 2260; baseline -0.003 -20"><span class='ocrx_word' id='word_1_212' title='bbox 303 2195 425 2260; x_wconf 85' lang='lat' dir='ltr'>quod</span> <span class='ocrx_word' id='word_1_213' title='bbox 450 2194 568 2240; x_wconf 76' lang='lat' dir='ltr'>dicas</span> <span class='ocrx_word' id='word_1_214' title='bbox 590 2194 830 2249; x_wconf 82' lang='lat' dir='ltr'>inveniens,</span> <span class='ocrx_word' id='word_1_215' title='bbox 857 2193 1003 2239; x_wconf 86' lang='lat' dir='ltr'>inania</span> <span class='ocrx_word' id='word_1_216' title='bbox 1028 2193 1165 2238; x_wconf 87' lang='lat' dir='ltr'>multa</span> <span class='ocrx_word' id='word_1_217' title='bbox 1191 2191 1300 2237; x_wconf 87' lang='lat' dir='ltr'>dicis</span> <span class='ocrx_word' id='word_1_218' title='bbox 1316 2229 1326 2247; x_wconf 72' lang='lat'><em>‚</em></span> <span class='ocrx_word' id='word_1_219' title='bbox 1348 2191 1506 2238; x_wconf 78' lang='lat' dir='ltr'>falsum</span> <span class='ocrx_word' id='word_1_220' title='bbox 1525 2191 1690 2237; x_wconf 89' lang='lat' dir='ltr'>crimen</span> 
     </span>
     <span class='ocr_line' id='line_1_30' title="bbox 305 2263 1445 2325; baseline -0.004 -13"><span class='ocrx_word' id='word_1_221' title='bbox 305 2266 533 2313; x_wconf 85' lang='lat' dir='ltr'>catholicis</span> <span class='ocrx_word' id='word_1_222' title='bbox 560 2265 715 2325; x_wconf 89' lang='lat' dir='ltr'>objicis</span> <span class='ocrx_word' id='word_1_223' title='bbox 733 2302 742 2320; x_wconf 87' lang='lat'>‚</span> <span class='ocrx_word' id='word_1_224' title='bbox 769 2264 1038 2311; x_wconf 83' lang='lat' dir='ltr'>catholicum</span> <span class='ocrx_word' id='word_1_225' title='bbox 1067 2273 1107 2308; x_wconf 92' lang='lat' dir='ltr'>te</span> <span class='ocrx_word' id='word_1_226' title='bbox 1130 2280 1216 2308; x_wconf 81' lang='lat' dir='ltr'>esse</span> <span class='ocrx_word' id='word_1_227' title='bbox 1238 2263 1445 2308; x_wconf 83' lang='lat' dir='ltr'>mentiris.</span> 
     </span>
    </p>

    <p class='ocr_par' dir='ltr' id='par_1_4' title="bbox 304 2331 1692 2614">
     <span class='ocr_line' id='line_1_31' title="bbox 369 2331 1692 2399; baseline -0.005 -16"><span class='ocrx_word' id='word_1_228' title='bbox 369 2338 443 2383; x_wconf 91' lang='lat' dir='ltr'>Ll.</span> <span class='ocrx_word' id='word_1_229' title='bbox 485 2337 584 2383; x_wconf 84' lang='lat' dir='ltr'><strong>JUL.</strong></span> <span class='ocrx_word' id='word_1_230' title='bbox 629 2356 649 2377; x_wconf 83' lang='lat'>«</span> <span class='ocrx_word' id='word_1_231' title='bbox 672 2336 859 2382; x_wconf 84' lang='lat' dir='ltr'>Ostendi</span> <span class='ocrx_word' id='word_1_232' title='bbox 898 2334 1077 2399; x_wconf 88' lang='lat' dir='ltr'>quidem</span> <span class='ocrx_word' id='word_1_233' title='bbox 1113 2334 1157 2379; x_wconf 82' lang='lat' dir='ltr'>in</span> <span class='ocrx_word' id='word_1_234' title='bbox 1207 2333 1333 2378; x_wconf 86' lang='lat' dir='ltr'>tertio</span> <span class='ocrx_word' id='word_1_235' title='bbox 1370 2332 1520 2378; x_wconf 86' lang='lat' dir='ltr'>libello</span> <span class='ocrx_word' id='word_1_236' title='bbox 1558 2331 1692 2395; x_wconf 84' lang='lat' dir='ltr'>primi</span> 
     </span>
     <span class='ocr_line' id='line_1_32' title="bbox 306 2403 1692 2474; baseline -0.004 -20"><span class='ocrx_word' id='word_1_237' title='bbox 306 2410 447 2474; x_wconf 89' lang='lat' dir='ltr'>operis</span> <span class='ocrx_word' id='word_1_238' title='bbox 472 2407 580 2462; x_wconf 87' lang='lat' dir='ltr'>mei,</span> <span class='ocrx_word' id='word_1_239' title='bbox 613 2407 941 2453; x_wconf 82' lang='lat' dir='ltr'>irrefutabiliter</span> <span class='ocrx_word' id='word_1_240' title='bbox 972 2423 1140 2451; x_wconf 79' lang='lat' dir='ltr'>necesse</span> <span class='ocrx_word' id='word_1_241' title='bbox 1159 2422 1245 2450; x_wconf 84' lang='lat' dir='ltr'>esse</span> <span class='ocrx_word' id='word_1_242' title='bbox 1265 2404 1353 2450; x_wconf 81' lang='lat' dir='ltr'>dici</span> <span class='ocrx_word' id='word_1_243' title='bbox 1376 2405 1504 2450; x_wconf 88' lang='lat' dir='ltr'>etiam</span> <span class='ocrx_word' id='word_1_244' title='bbox 1536 2403 1692 2449; x_wconf 63' lang='lat' dir='ltr'>Chris-</span> 
     </span>
     <span class='ocr_line' id='line_1_33' title="bbox 305 2475 1692 2531; baseline -0.005 -5"><span class='ocrx_word' id='word_1_245' title='bbox 305 2492 399 2526; x_wconf 87' lang='lat' dir='ltr'>tum</span> <span class='ocrx_word' id='word_1_246' title='bbox 426 2487 593 2524; x_wconf 85' lang='lat' dir='ltr'>reatum</span> <span class='ocrx_word' id='word_1_247' title='bbox 617 2476 670 2523; x_wconf 89' lang='lat' dir='ltr'>de</span> <span class='ocrx_word' id='word_1_248' title='bbox 689 2479 844 2524; x_wconf 81' lang='lat' dir='ltr'>Mariae</span> <span class='ocrx_word' id='word_1_249' title='bbox 865 2495 992 2524; x_wconf 87' lang='lat' dir='ltr'>carne</span> <span class='ocrx_word' id='word_1_250' title='bbox 1017 2477 1190 2522; x_wconf 75' lang='lat' dir='ltr'>traxisse</span> <span class='ocrx_word' id='word_1_251' title='bbox 1206 2513 1217 2531; x_wconf 82' lang='lat'>‚</span> <span class='ocrx_word' id='word_1_252' title='bbox 1242 2477 1276 2520; x_wconf 83' lang='lat' dir='ltr'>si</span> <span class='ocrx_word' id='word_1_253' title='bbox 1298 2475 1547 2521; x_wconf 87' lang='lat' dir='ltr'>crederetur</span> <span class='ocrx_word' id='word_1_254' title='bbox 1566 2485 1692 2520; x_wconf 88' lang='lat' dir='ltr'>natu-</span> 
     </span>
     <span class='ocr_line' id='line_1_34' title="bbox 304 2544 1691 2614; baseline -0.006 -15"><span class='ocrx_word' id='word_1_255' title='bbox 304 2552 392 2599; x_wconf 89' lang='lat' dir='ltr'>rale</span> <span class='ocrx_word' id='word_1_256' title='bbox 419 2558 681 2613; x_wconf 80' lang='lat' dir='ltr'>peecatum3</span> <span class='ocrx_word' id='word_1_257' title='bbox 709 2565 896 2614; x_wconf 88' lang='lat' dir='ltr'>eumque</span> <span class='ocrx_word' id='word_1_258' title='bbox 920 2567 943 2595; x_wconf 85' lang='lat' dir='ltr'>a</span> <span class='ocrx_word' id='word_1_259' title='bbox 970 2558 1009 2594; x_wconf 88' lang='lat' dir='ltr'>te</span> <span class='ocrx_word' id='word_1_260' title='bbox 1024 2549 1104 2595; x_wconf 88' lang='lat' dir='ltr'>sub</span> <span class='ocrx_word' id='word_1_261' title='bbox 1124 2555 1335 2611; x_wconf 85' lang='lat' dir='ltr'>potestate</span> <span class='ocrx_word' id='word_1_262' title='bbox 1359 2544 1526 2592; x_wconf 87' lang='lat' dir='ltr'>diaboli</span> <span class='ocrx_word' id='word_1_263' title='bbox 1550 2544 1691 2591; x_wconf 90' lang='lat' dir='ltr'>collo-</span> 
     </span>
    </p>
   </div>
  </div>
 </body>
</html>
