1824 3236
208 289 364 321 OPEntS
402 289 666 322 IMPERFECTI
703 288 878 318 CONTRA
914 291 1161 331 JtJL1ANUM,
1200 292 1286 323 Ltss.
1330 295 1390 324 vl.
1441 279 1526 326 501

158 356 366 402 rationem
402 356 536 403 virilis
578 354 766 409 seminis,
803 371 881 417 per
921 373 1051 419 quam
1088 357 1264 404 fuerunt
1293 360 1337 405 in
1372 360 1535 407 lumbis

157 428 350 473 Abrahae
372 426 626 492 quosinillo
647 424 881 471 decimatos
906 444 990 472 esse
1010 446 1128 474 sacra
1148 430 1378 493 Scriptura
1402 443 1534 478 testa-

154 507 238 544 tur.
268 496 634 561 Concupiscentia
667 512 798 558 porro
821 497 977 551 carnis,
1012 516 1088 560 per
1115 517 1250 562 quani
1271 505 1415 560 jactus
1437 521 1536 548 car-

154 568 319 614 nalium
345 569 556 614 seminum
576 578 853 631 provocatur]
875 579 949 612 aut
972 568 1089 613 nulla
1108 571 1150 614 iu
1175 571 1314 617 Adam
1338 572 1420 618 fuit
1441 584 1538 619 ante

152 650 402 701 peccatum,
432 639 567 684 autin
591 638 664 683 illo
690 638 837 683 vitiata
855 649 916 683 est
934 656 1012 701 per
1032 652 1275 701 peccatum.
1316 646 1398 688 Aut
1417 644 1533 689 enim

153 709 242 755 sine
259 709 332 755 illa
359 720 561 773 poterant
584 720 625 754 ct
644 709 841 768 genitalia
863 720 1146 769 congruenter
1164 713 1345 769 moveri,
1374 724 1416 759 et
1432 731 1535 759 con-

148 782 263 840 jugis
295 782 457 840 gremio
482 798 623 825 semen
663 779 854 835 infundi,
897 781 927 825 si
952 780 1070 825 nulla
1102 792 1205 827 tunc
1242 782 1355 836 fuit3
1384 795 1456 829 aut
1480 784 1536 830 ad

151 862 306 898 nutum
336 851 571 898 voluntatis
589 851 717 896 etiam
750 852 842 915 ipsa
864 852 1040 906 servire,
1070 852 1102 896 si
1122 851 1218 898 fuit.
1246 854 1374 900 Nunc
1392 866 1536 900 autem

151 923 184 968 si
211 922 305 968 talis
330 934 452 979 esset,
482 939 705 985 nunquam
725 939 825 968 caro
847 933 999 968 contra
1022 923 1223 986 spiritum
1247 924 1536 988 eoncupisce-

150 1004 229 1040 ret.
255 996 342 1040 Aut
365 1011 464 1054 ergo
486 994 578 1056 ipsa
593 994 744 1039 vitium
760 1004 838 1047 est,
858 994 890 1039 si
906 994 1025 1039 nulla
1048 994 1248 1040 fuitante
1275 1006 1533 1058 peccatum3

150 1074 226 1109 aut
247 1064 341 1128 ipsa
354 1065 443 1111 sine
463 1064 601 1110 dubio
628 1065 854 1110 estvitiata
881 1075 1062 1127 peccato
1080 1086 1090 1119 ;
1108 1065 1261 1111 etideo
1287 1083 1334 1110 ex
1359 1065 1430 1111 illa
1451 1077 1535 1112 tra-

149 1134 269 1180 hitur
299 1136 506 1197 originale
532 1147 776 1199 peccatum.
831 1136 926 1180 Fuit
950 1153 1049 1195 ergo
1078 1137 1121 1181 in
1167 1136 1318 1182 Mariae
1350 1153 1534 1200 corpore

149 1208 335 1253 carnalis
356 1207 554 1262 materia,
575 1206 688 1252 unde
703 1223 877 1252 carnem
892 1207 1078 1269 sumpsit
1096 1207 1294 1252 Christus
1320 1225 1330 1251 ε
1352 1207 1424 1253 sed
1444 1224 1532 1253 non

147 1278 192 1322 in
217 1295 265 1323 ea
297 1278 522 1325 Christum
541 1277 724 1324 earnalis
742 1278 1096 1340 concupiscentia
1121 1278 1364 1324 seminavit.
1406 1277 1532 1324 Unde

146 1350 218 1396 ille
245 1361 372 1396 natus
393 1361 455 1397 est
481 1369 529 1397 ex
553 1367 682 1396 carne
707 1366 809 1395 cuin
836 1366 983 1404 carne,
1011 1350 1056 1394 in
1081 1348 1364 1395 similitudine
1384 1360 1528 1395 tamen

146 1421 286 1466 carnis
323 1421 511 1484 peccati,
537 1438 623 1466 non
646 1420 759 1466 sicut
790 1419 861 1464 alii
882 1419 1077 1465 homines
1100 1421 1144 1465 in
1172 1437 1298 1465 carne
1323 1421 1525 1483 peccati:

146 1502 378 1555 propterea
399 1491 606 1552 originale
630 1501 859 1554 peccatum
883 1490 926 1535 in
971 1489 1065 1535 aliis
1102 1491 1418 1550 regeneratione
1447 1490 1534 1535 dis-

144 1562 288 1619 solvit,
313 1580 400 1608 non
417 1563 508 1626 ipse
525 1561 798 1622 generatione
824 1560 1049 1607 contraxit.
1080 1560 1183 1605 Ideo
1203 1560 1341 1605 Adam
1359 1560 1531 1622 primus

144 1633 234 1690 ille,
261 1634 475 1680 secundus
492 1634 593 1690 iste3
613 1632 714 1696 quia
738 1632 826 1677 sine
850 1632 991 1676 carnis
1006 1631 1362 1693 concupiscentia
1384 1631 1526 1676 faetus

143 1705 232 1761 ille,
260 1716 386 1752 natus
428 1715 490 1751 est
513 1705 588 1750 iste
617 1722 626 1749 ε
660 1703 730 1749 sed
756 1703 826 1748 ille
855 1714 1022 1748 tantum
1061 1702 1223 1758 hoino,
1257 1702 1333 1747 iste
1360 1719 1460 1748 vero
1491 1713 1534 1747 et

149 1776 259 1821 Deus
278 1787 320 1821 et
342 1776 476 1822 homo
506 1793 516 1821 z
539 1786 581 1820 et
600 1774 695 1820 ideo
720 1774 792 1819 ille
810 1774 953 1837 potuit
974 1790 1060 1819 non
1082 1790 1282 1836 peecare,
1314 1790 1400 1818 non
1420 1772 1534 1819 sieut

143 1847 220 1892 iste
248 1864 428 1910 peccare
448 1864 534 1892 non
554 1846 712 1909 potuit.

213 1920 385 1964 Frustra
401 1935 502 1978 ergo
522 1928 706 1981 peceato
726 1916 840 1962 illius
858 1926 1037 1979 peccata
1059 1915 1248 1960 filiorum
1275 1919 1364 1975 ejus
1378 1931 1531 1978 quam·

142 1988 251 2035 libet
278 2007 427 2052 magna
455 2000 490 2035 et
528 1988 766 2043 horrenda,
786 1988 851 2032 vel
875 2004 1064 2052 aequare,
1094 1987 1157 2033 vel
1176 1986 1303 2032 etiam
1323 2005 1373 2050 pl·
1390 1986 1529 2032 ieserre

143 2060 324 2107 conaris.
374 2059 497 2106 Illius
528 2070 683 2106 natura
725 2069 889 2122 quanto
925 2058 1060 2118 magis
1098 2057 1343 2103 sublimiter
1364 2057 1526 2113 mahat,

143 2141 262 2176 tanto
287 2131 422 2192 magis
438 2133 624 2192 graviter
651 2129 861 2176 concidit.
886 2130 1052 2174 Natura
1066 2128 1140 2173 illa
1157 2128 1250 2173 talis
1268 2127 1370 2185 fuit,
1386 2137 1435 2173 ut
1455 2144 1536 2173 nec

142 2201 254 2247 mori
276 2212 435 2264 posset,
461 2204 495 2248 si
511 2219 693 2265 peccare
714 2200 942 2246 noluisset:
970 2209 1125 2245 natura
1151 2198 1223 2244 illa
1246 2197 1342 2243 talis
1359 2198 1460 2254 fuit,
1481 2207 1531 2243 ut

141 2277 184 2322 in
210 2294 251 2323 se
268 2274 529 2322 discordiam
553 2272 733 2328 carnis]
748 2282 790 2317 et
812 2271 990 2334 spiritus
1013 2287 1101 2315 non
1128 2268 1310 2314 liaberet
1336 2285 1346 2312 ε
1374 2278 1531 2313 natura

140 2348 213 2394 illa
240 2347 333 2393 talis
347 2346 449 2402 fuit,
472 2356 521 2390 ut
536 2355 687 2390 contra
707 2343 809 2389 vitia
831 2359 906 2387 sua
922 2340 1040 2386 nulla
1063 2349 1276 2392 certarem
1305 2355 1393 2383 non
1405 2338 1527 2403 quod

141 2420 179 2465 ei
201 2419 400 2473 cedebat,
425 2416 496 2463 sed
517 2415 636 2479 quod
661 2415 706 2460 in
730 2431 779 2459 eo
805 2412 923 2458 nulla
950 2422 1085 2457 erant.
1121 2411 1248 2455 Tunc
1272 2426 1372 2469 ergo
1396 2409 1528 2454 debes

141 2500 322 2553 peccata
340 2499 612 2552 posterorum
633 2488 727 2544 ejus
750 2494 932 2547 peccato
957 2486 1048 2542 ejus
1085 2497 1275 2543 tequam,
1299 2480 1331 2524 si
1365 2479 1490 2525 talem
1511 2499 1522 2534 ς

142 2572 246 2606 tunc
263 2577 364 2606 vero
389 2569 429 2605 et
455 2561 617 2617 majOra
638 2574 686 2601 ea
708 2555 869 2610 dicere,
903 2554 936 2598 si
961 2552 1183 2598 meliorem
1210 2559 1410 2595 naturam
1432 2567 1520 2613 po-

145 2632 272 2685 tueris
299 2629 504 2678 invenire.
536 2629 699 2675 Natura
724 2627 891 2690 quippe
911 2623 1130 2671 rationalis
1151 2631 1316 2687 quanto
1340 2632 1402 2667 est
1426 2621 1521 2686 ipsa

1687 2217 1743 2289 Γ)
