1863 3262
340 292 401 339 90
769 291 806 321 s.
846 291 1092 323 Aneusrtm
1128 292 1331 323 EPISCOPI

411 358 524 403 Aua.
567 356 658 402 Nec
683 355 937 402 innocentes
958 357 1121 417 origine
1140 394 1151 412 ,
1178 375 1258 403 nec
1282 368 1463 422 propter
1481 359 1599 422 quod
1622 359 1727 406 facit

345 428 476 472 Deus,

411 496 593 543 CXXX.
627 499 727 544 JUL.
765 518 787 538 «
811 497 868 541 Et
895 514 920 541 a
954 496 1132 543 diabolo
1170 498 1463 561 possidentur,
1503 499 1607 562 quia
1641 499 1730 546 hoc

344 566 451 613 facit
478 567 608 613 Deus.
641 587 662 608 »

413 637 525 684 Ano.
572 638 628 681 Et
661 636 895 700 Apostolus
932 637 1114 684 tradidit
1136 638 1360 685 hominem
1392 638 1621 696 Satanae13
1657 639 1731 685 sed

341 708 514 768 justitia
530 744 541 764 ,
567 725 656 752 non
675 707 839 753 malitia
862 726 872 752 :
896 718 937 753 et
957 710 1072 755 Deus
1088 710 1272 756 tradidit
1289 710 1504 774 quosdam
1523 711 1568 756 in
1585 726 1732 773 repro-

345 778 455 824 bum
479 794 650 823 sensum
665 777 682 806 2
706 799 716 833 ;
742 789 873 842 atque
895 779 1061 825 utinam
1088 798 1177 826 non
1198 780 1262 826 ibi
1280 780 1421 825 essetis
1439 791 1482 826 et
1508 797 1599 827 vos,

414 848 618 895 CXXXI.
658 853 759 896 JUL.
794 871 813 890 «
837 850 893 895 Et
922 850 1114 915 imputat
1146 851 1405 898 hominibus
1436 851 1602 897 crimen
1638 868 1736 897 ma-

348 936 488 966 nuum
513 937 690 967 suarum
710 922 840 968 Deus.
869 943 890 963 >2

414 994 535 1039 Am.
579 994 679 1038 Non
711 1003 773 1038 est
797 993 963 1039 crimen
984 1011 1196 1041 manuum
1227 995 1334 1052 Dei,
1363 993 1485 1059 quod
1511 992 1565 1039 de
1587 993 1737 1039 vitiata

350 1063 517 1122 origine
538 1080 614 1108 sua
633 1064 816 1109 trahunt
833 1064 1024 1127 parvuli.

416 1134 644 1180 CXXXII.
676 1138 776 1181 JUL.
810 1156 829 1176 «
853 1137 908 1180 Et
930 1136 1051 1199 quod
1072 1135 1284 1199 persuasit
1305 1135 1508 1181 diabolus
1535 1135 1736 1191 tenuiter,

351 1204 530 1250 solerter
558 1215 600 1249 et
621 1216 945 1268 perseveranter
965 1207 1091 1266 fingit
1109 1244 1119 1262 ,
1144 1217 1187 1252 et
1214 1207 1427 1271 protegit,
1455 1216 1496 1252 et
1526 1204 1738 1262 custodit,

354 1285 395 1320 et
414 1275 574 1321 format
591 1277 724 1322 Deus.
752 1298 772 1317 »

421 1347 542 1393 Aue.
575 1348 671 1392 Non
693 1347 814 1411 quod
839 1348 1052 1411 persuasit
1073 1348 1298 1405 diabolus,
1322 1347 1481 1394 format
1495 1347 1611 1391 Deus
1632 1363 1642 1390 :
1670 1345 1742 1392 sed

354 1434 403 1463 ex
426 1427 581 1462 natura
601 1434 736 1482 quam
756 1418 928 1465 vitiavit
947 1418 1152 1464 diabolus
1169 1456 1179 1476 ,
1208 1420 1318 1464 bene
1336 1419 1497 1465 format
1513 1416 1630 1480 quod
1651 1416 1743 1461 for-

355 1498 447 1533 mat
470 1489 600 1534 Deus.

420 1558 673 1604 CXXXIII.
718 1559 822 1604 JuL.
866 1580 886 1600 ι(
914 1560 969 1604 Et
999 1558 1195 1606 fructum
1238 1560 1294 1604 ab
1325 1558 1503 1605 homine
1533 1556 1746 1603 bonitatis

355 1629 546 1692 reposcit
564 1666 575 1685 ,
594 1629 670 1675 cui
693 1629 857 1674 malum
878 1629 1073 1689 ingenuit
1095 1631 1223 1677 Deus
1252 1651 1272 1672 »

422 1699 540 1746 Aoo.
574 1699 672 1745 Non
705 1699 870 1745 malum
898 1694 1097 1760 ingenuit
1131 1703 1243 1746 Deus
1277 1719 1287 1745 ε
1324 1700 1398 1746 sed
1425 1699 1590 1745 malum
1625 1697 1746 1762 quod

355 1774 575 1833 generatio
600 1774 755 1819 vitiata
778 1774 1000 1833 ingenuit,
1022 1775 1343 1835 regeneratione
1368 1784 1526 1838 purgat
1543 1776 1675 1820 Deus.

424 1845 667 1891 CXXXIV.
699 1849 798 1892 JUL.
832 1867 851 1886 «
880 1847 936 1890 Et
964 1858 1116 1909 postea
1152 1856 1241 1891 tota
1273 1846 1364 1906 lege
1395 1845 1620 1901 mentitur,
1645 1843 1748 1908 quia

354 1918 498 1976 justus
515 1915 570 1960 sit
591 1916 819 1962 Dominus.
843 1937 863 1958 »

424 1987 546 2032 Auo.
576 1986 774 2032 Mentiris
792 2024 802 2043 ,
833 1986 908 2032 sed
941 1997 989 2033 tu
1015 2004 1026 2032 :
1053 1988 1132 2050 qui
1166 2004 1294 2047 negas
1326 1997 1556 2050 peccatum
1582 1986 1748 2031 habere

360 2057 478 2115 gravi
497 2060 604 2116 jugo
631 2056 811 2116 dignum
839 2057 951 2102 filios
973 2057 1138 2114 Adam,
1167 2057 1276 2120 quid
1294 2057 1465 2103 conaris
1496 2055 1719 2102 ostendere
1734 2092 1745 2113 ,

355 2127 439 2172 nisi
458 2127 577 2190 quod
597 2127 783 2187 injustus
801 2128 915 2173 sitm

428 2198 647 2245 CXXXV.
679 2202 780 2246 Jnn.
812 2220 832 2240 «
859 2200 916 2244 Et
935 2199 1011 2262 qui
1031 2209 1096 2244 tot
1116 2198 1300 2245 crimina
1324 2199 1470 2263 capit,
1494 2196 1643 2244 adhuc
1666 2214 1750 2243 vo—

364 2279 490 2315 catur
519 2270 666 2315 Deus?
688 2291 709 2311 >³

430 2341 549 2386 AUG.
581 2340 805 2396 Quoniam
839 2340 964 2387 nulla
1000 2341 1183 2386 crimina
1215 2339 1336 2404 capit
1363 2340 1507 2396 Deus,
1536 2338 1635 2384 ideo
1671 2355 1753 2384 nec

360 2410 447 2456 hoc
467 2409 588 2474 quod
612 2409 651 2455 ei
675 2427 751 2456 vos
777 2411 1020 2476 impingitis
1040 2411 1186 2474 capit,
1209 2421 1257 2456 ut
1275 2412 1366 2456 sine
1385 2410 1514 2457 ullius
1533 2407 1752 2469 originalis

358 2481 535 2544 peccati
550 2480 707 2526 merito
724 2517 734 2537 ‚
754 2481 868 2528 mala
886 2481 1059 2545 parvuli
1083 2491 1149 2527 tot
1168 2491 1214 2527 et
1228 2491 1348 2527 tanta
1367 2481 1464 2545 ipso
1481 2479 1550 2527 vel
1566 2478 1752 2525 faciente

361 2550 430 2597 vel
445 2550 725 2615 permittente
743 2552 986 2615 patiantur.

413 2633 424 2655 ²
444 2645 458 2665 ι
478 2635 555 2668 Cor.
579 2646 613 2679 v,
637 2635 670 2668 5.
688 2632 761 2659 -Ί
779 2638 874 2668 Rom.
898 2647 930 2679 1,
947 2637 1005 2670 28.
1026 2654 1068 2660 --
1088 2632 1102 2658 3
1121 2633 1217 2667 Eedi.
1243 2644 1297 2673 xm,
1320 2645 1349 2665 1.
