1824 3236
181 305 337 335 OPERIS
373 303 635 335 IMPERFECTI
670 302 846 333 CONTRA
880 303 1125 344 JULIANUM,
1167 305 1254 334 LIB.
1298 305 1338 334 V.
1411 289 1503 345 [103

112 370 259 431 ¹etiam
276 385 395 432 pona
417 367 586 431 peccati
600 376 675 414 est.
700 367 788 413 Nec
803 367 1021 413 attendere
1038 368 1186 423 vultis,
1204 368 1322 432 quod
1339 369 1383 414 in
1401 386 1509 415 uno-

130 455 306 503 quoque
328 439 468 498 agitur
487 454 565 500 per
588 436 841 483 violentiam
863 439 1204 495 consuetudinis,
1233 441 1390 502 (quam
1405 440 1508 503 qui-

107 539 109 542 <
129 509 231 561 dam
258 509 377 556 docti
395 508 595 554 dixerunt
615 523 701 553 esse
721 506 956 553 secundam
981 519 1181 554 naturam
1200 509 1234 570 ),
1257 509 1342 554 hoc
1363 520 1510 556 actum

129 598 215 628 esse
253 597 332 643 per
371 579 623 628 violentiam
649 578 870 642 poenalem
910 580 1067 626 summi
1090 580 1224 640 hujus
1251 580 1512 644 maximique

105 651 298 715 peccati
332 650 463 714 primi
483 649 676 696 hominis
715 649 761 695 in
782 650 987 696 omnibus
1012 650 1087 713 qui
1116 660 1237 695 erant
1261 650 1307 695 in
1341 650 1503 699 lumbis

128 724 321 785 ers,per
331 724 366 781 ej
377 738 422 766 us
436 719 836 783 concupiscentiam
852 719 1069 777 exorituri,
1079 737 1180 765 cum
1193 731 1510 783 propagaretur

127 792 375 838 humanum
394 807 551 851 genus;
568 807 700 854 quarn
716 790 1116 853 concupiscentiam
1136 791 1414 853 peccantium
1429 807 1511 853 pu·

129 862 209 909 dor
229 863 403 926 operuit
425 863 470 907 in
485 862 656 920 regione
672 861 945 908 lumborum.

192 934 286 981 LX.
317 934 417 980 Jur„
442 931 564 978 «Sed
594 932 703 996 quid
731 949 810 978 nos
842 932 898 978 ad
925 932 1160 996 parvulos;
1196 949 1298 979 cum
1328 932 1511 996 quaestio

129 1003 480 1050 Manichaeorum
497 1020 576 1048 nec
594 1002 802 1065 perfectae
823 1004 961 1049 {etatis
974 1003 1198 1049 hominem
1214 1003 1333 1049 dicat
1354 1003 1514 1049 volun-

126 1084 212 1120 tute
236 1076 451 1137 peccare?
471 1073 582 1119 Nam
604 1073 638 1118 si
651 1073 748 1119 ideo
765 1085 964 1120 exortum
987 1085 1050 1119 est
1067 1074 1111 1119 in
1128 1074 1306 1120 homine
1323 1073 1506 1123 malum.

127 1145 228 1208 quia
242 1144 296 1191 de
309 1144 449 1190 nihilo
461 1143 601 1190 factus
615 1154 723 1201 erat,
738 1162 760 1190 a
774 1145 1012 1191 necessario
1040 1155 1182 1191 autem
1205 1144 1364 1190 habuit
1376 1144 1508 1189 honio

127 1226 176 1261 ut
199 1215 253 1261 de
265 1215 406 1262 nihilo
423 1216 568 1269 fieret3
594 1215 684 1261 sine
702 1215 841 1262 dubio
860 1215 1023 1262 malum
1046 1233 1132 1262 non
1153 1234 1177 1262 a
1200 1215 1415 1279 possibili,
1437 1214 1509 1261 sed

128 1304 151 1332 a
173 1286 390 1332 necesario
416 1286 594 1349 recepit.
632 1285 766 1342 Quod
788 1287 892 1349 quia
917 1286 1047 1346 longa
1080 1286 1375 1350 disputatione
1411 1285 1513 1331 des-

126 1367 322 1403 tructum
341 1367 430 1411 est3
453 1356 602 1402 adhuc
623 1354 865 1413 modicum,
887 1374 974 1421 quo
999 1358 1133 1418 magis
1156 1374 1205 1404 ac
1230 1357 1362 1418 magis
1381 1357 1515 1403 itera-

126 1428 242 1475 tione
263 1427 471 1483 lucescat,
495 1444 624 1491 super
644 1428 732 1474 hoc
747 1429 897 1474 eodem
914 1428 1187 1475 disseramus.
1218 1427 1392 1484 Quaeris
1411 1445 1512 1489 ergo

103 1542 106 1545 Δ
127 1498 242 1547 unde
263 1499 356 1562 ipsa
379 1499 581 1547 voluntas
608 1499 722 1545 mala
745 1501 788 1545 in
807 1501 952 1562 primo
979 1500 1158 1545 homine
1175 1500 1374 1546 extiterit.
1399 1501 1513 1547 Res-

125 1571 316 1634 pondeo‚
337 1570 392 1617 de
415 1580 539 1616 motu
564 1570 714 1626 animi,
746 1581 926 1630 cogente
949 1570 1087 1617 nullo.
1126 1570 1299 1626 Quaeris
1330 1580 1372 1615 et
1396 1571 1512 1618 unde

123 1642 216 1704 ipse
236 1644 409 1687 motus?
430 1640 711 1704 Respondeo‚
740 1640 861 1696 Quid
886 1640 1097 1703 requiris?
1117 1639 1234 1685 unde
1260 1656 1346 1686 esse
1357 1650 1512 1704 potue-

125 1713 198 1768 rit,
222 1729 276 1757 an
290 1711 406 1758 uncle
429 1729 516 1757 esse
536 1710 789 1775 compulsus
819 1713 901 1758 sit?
941 1712 986 1757 Si
1004 1711 1142 1764 dicas,
1157 1710 1277 1774 quod
1301 1712 1510 1774 scripsisti

123 1800 317 1847 quoque,
340 1782 456 1829 unde
481 1799 568 1828 esse
592 1782 846 1845 compulsus
872 1793 965 1828 est.
994 1782 1171 1828 referam
1195 1793 1232 1827 te
1257 1793 1442 1844 asystata
1465 1794 1507 1828 et

125 1854 344 1900 contraria
362 1853 496 1916 loqui.
522 1853 695 1908 Quaeiis
708 1854 821 1898 enim
846 1854 942 1916 quis
961 1853 1150 1912 coegfflit
1159 1852 1303 1929 ,(1υο(1
1319 1870 1403 1898 esse
1419 1870 1507 1899 non

127 1924 279 1987 possit,
301 1924 575 1983 nisicogcnte
593 1923 740 1968 nullo:
758 1923 875 2001 quod
888 1923 1102 1986 quiaipsa
1121 1940 1183 1968 sui
1200 1933 1505 1969 contrarietate

125 1994 392 2050 dissolvitur,
423 1959 535 2040 nihil
559 1994 694 2039 habet
734 1995 889 2041 virium
934 1995 1136 2058 quaestio,
1176 2010 1276 2056 quae
1307 1994 1504 2041 ordinem

124 2083 211 2113 non
237 2067 386 2113 habet.
416 2067 553 2125 Igitur
572 2066 845 2112 stolidissime
880 2068 1136 2125 interrogas,
1159 2065 1274 2111 unde
1296 2066 1390 2128 ipsa
1422 2083 1503 2112 vo-

123 2138 267 2184 luntas
287 2138 414 2185 mala.
438 2138 534 2182 Hoc
551 2138 664 2182 enim
684 2138 803 2201 quod
824 2138 932 2184 dicis
952 2138 1084 2193 unde,
1103 2154 1192 2182 non
1211 2138 1502 2193 occasionem,

124 2208 197 2254 sed
223 2208 430 2268 originem
456 2211 565 2267 ejus,
590 2207 635 2252 id
659 2220 743 2265 est,
774 2219 974 2254 naturam
1000 2208 1181 2271 requiris
1206 2225 1216 2252 :
1247 2219 1288 2252 at
1309 2207 1372 2261 id,
1394 2208 1506 2252 sicut

124 2294 256 2341 supra
274 2288 508 2324 tractatum
527 2288 605 2334 est,
634 2279 666 2324 si
694 2290 893 2325 naturam
919 2279 1096 2341 accipit,
1119 2278 1417 2324 definitionem
1439 2278 1502 2324 sui

124 2347 287 2411 perdit,
315 2365 401 2412 qua
426 2348 595 2393 dictum
627 2359 706 2406 est,
737 2362 916 2410 cogente
936 2349 1080 2403 nullo;
1105 2350 1138 2394 si
1162 2365 1263 2394 vero
1283 2347 1504 2392 definitio-

124 2435 224 2464 nem
243 2429 374 2474 tenet‚
409 2417 721 2481 praejudicium
763 2420 1001 2468 nativitatis
1040 2418 1242 2465 excludit.
1281 2419 1379 2464 Non
1409 2418 1506 2463 ideo

104 2506 226 2550 ,ergo
239 2489 439 2554 peccavit
463 2488 615 2545 homo,
644 2494 746 2553 quia
769 2491 822 2537 de
859 2491 1002 2536 nihilo
1026 2489 1167 2536 factus
1186 2501 1263 2542 est,
1299 2505 1386 2534 non
1410 2488 1506 2534 ideo

105 2561 230 2624 ¹quia
244 2579 269 2606 a
285 2561 376 2614 Deo
394 2559 535 2606 factus
549 2571 628 2616 est,
647 2579 736 2607 non
753 2563 850 2608 ideo
864 2563 966 2626 quia
988 2561 1041 2606 de
1057 2560 1243 2607 tenebris
1264 2559 1404 2612 factus
1427 2569 1505 2611 est,

128 2647 215 2676 non
240 2631 338 2677 ideo
360 2630 464 2694 quia
483 2631 611 2677 liberi
639 2633 807 2678 arbitrii
841 2633 979 2678 factus
1011 2643 1072 2677 est
1098 2649 1107 2675 :
1137 2630 1207 2675 scd
1231 2629 1327 2679 idco
1349 2647 1509 2692 pecca-

1305 2717 1376 2745 Ἣ».
