<?xml version="1.0" encoding="UTF-8"?>
<!DOCTYPE html PUBLIC "-//W3C//DTD XHTML 1.0 Transitional//EN"
    "http://www.w3.org/TR/xhtml1/DTD/xhtml1-transitional.dtd">
<html xmlns="http://www.w3.org/1999/xhtml" xml:lang="en" lang="en">
 <head>
  <title>
</title>
<meta http-equiv="Content-Type" content="text/html;charset=utf-8" />
  <meta name='ocr-system' content='tesseract 3.04.00' />
  <meta name='ocr-capabilities' content='ocr_page ocr_carea ocr_par ocr_line ocrx_word'/>
</head>
<body>
  <div class='ocr_page' id='page_1' title='image "./operaomniaaccura37auguuoft/operaomniaaccura37auguuoft_0024.png"; bbox 0 0 1863 3262; ppageno 0'>
   <div class='ocr_carea' id='block_1_1' title="bbox 356 287 1337 342">
    <p class='ocr_par' dir='ltr' id='par_1_1' title="bbox 356 287 1337 342">
     <span class='ocr_line' id='line_1_1' title="bbox 356 287 1337 342; baseline -0.004 -15"><span class='ocrx_word' id='word_1_1' title='bbox 356 287 414 342; x_wconf 73' lang='lat'>¹4</span> <span class='ocrx_word' id='word_1_2' title='bbox 771 296 804 327; x_wconf 85' lang='lat' dir='ltr'>s.</span> <span class='ocrx_word' id='word_1_3' title='bbox 849 293 1094 325; x_wconf 78' lang='lat' dir='ltr'>AUGUSTINI</span> <span class='ocrx_word' id='word_1_4' title='bbox 1132 293 1337 324; x_wconf 72' lang='lat' dir='ltr'>EPIScom</span> 
     </span>
    </p>
   </div>
   <div class='ocr_carea' id='block_1_2' title="bbox 347 360 1740 2620">
    <p class='ocr_par' dir='ltr' id='par_1_2' title="bbox 347 360 1736 1123">
     <span class='ocr_line' id='line_1_2' title="bbox 416 360 1729 424; baseline -0.003 -14"><span class='ocrx_word' id='word_1_5' title='bbox 416 365 529 410; x_wconf 83' lang='lat' dir='ltr'>AUG.</span> <span class='ocrx_word' id='word_1_6' title='bbox 572 363 736 422; x_wconf 81' lang='lat' dir='ltr'>Negare</span> <span class='ocrx_word' id='word_1_7' title='bbox 757 371 899 407; x_wconf 85' lang='lat' dir='ltr'>tamen</span> <span class='ocrx_word' id='word_1_8' title='bbox 921 378 1009 405; x_wconf 89' lang='lat' dir='ltr'>non</span> <span class='ocrx_word' id='word_1_9' title='bbox 1028 370 1148 423; x_wconf 83' lang='lat' dir='ltr'>potes</span> <span class='ocrx_word' id='word_1_10' title='bbox 1164 397 1174 415; x_wconf 84' lang='lat'>‚</span> <span class='ocrx_word' id='word_1_11' title='bbox 1202 376 1323 424; x_wconf 84' lang='lat' dir='ltr'>posse</span> <span class='ocrx_word' id='word_1_12' title='bbox 1348 369 1550 423; x_wconf 86' lang='lat' dir='ltr'>parentes</span> <span class='ocrx_word' id='word_1_13' title='bbox 1566 360 1729 406; x_wconf 87' lang='lat' dir='ltr'>imitari</span> 
     </span>
     <span class='ocr_line' id='line_1_3' title="bbox 349 429 1731 496; baseline -0.001 -16"><span class='ocrx_word' id='word_1_14' title='bbox 349 434 461 481; x_wconf 89' lang='lat' dir='ltr'>filios</span> <span class='ocrx_word' id='word_1_15' title='bbox 481 450 580 479; x_wconf 90' lang='lat' dir='ltr'>suos</span> <span class='ocrx_word' id='word_1_16' title='bbox 595 469 606 491; x_wconf 69' lang='lat'>7</span> <span class='ocrx_word' id='word_1_17' title='bbox 624 450 702 479; x_wconf 90' lang='lat' dir='ltr'>nec</span> <span class='ocrx_word' id='word_1_18' title='bbox 721 448 914 496; x_wconf 83' lang='lat' dir='ltr'>unquam</span> <span class='ocrx_word' id='word_1_19' title='bbox 941 432 1080 476; x_wconf 91' lang='lat' dir='ltr'>Deum</span> <span class='ocrx_word' id='word_1_20' title='bbox 1103 429 1255 475; x_wconf 81' lang='lat' dir='ltr'><strong>dixisse</strong></span> <span class='ocrx_word' id='word_1_21' title='bbox 1284 448 1294 474; x_wconf 75' lang='grc' dir='ltr'>ε</span> <span class='ocrx_word' id='word_1_22' title='bbox 1324 430 1523 476; x_wconf 80' lang='lat' dir='ltr'>Reddam</span> <span class='ocrx_word' id='word_1_23' title='bbox 1550 442 1731 495; x_wconf 83' lang='lat' dir='ltr'>peccata</span> 
     </span>
     <span class='ocr_line' id='line_1_4' title="bbox 349 499 1732 567; baseline -0.003 -17"><span class='ocrx_word' id='word_1_24' title='bbox 349 504 539 551; x_wconf 89' lang='lat' dir='ltr'>filiorum</span> <span class='ocrx_word' id='word_1_25' title='bbox 559 503 602 548; x_wconf 91' lang='lat' dir='ltr'>in</span> <span class='ocrx_word' id='word_1_26' title='bbox 627 513 785 567; x_wconf 87' lang='lat' dir='ltr'>patres.</span> <span class='ocrx_word' id='word_1_27' title='bbox 805 506 918 547; x_wconf 90' lang='lat' dir='ltr'>Cum</span> <span class='ocrx_word' id='word_1_28' title='bbox 936 517 1035 560; x_wconf 89' lang='lat' dir='ltr'>ergo</span> <span class='ocrx_word' id='word_1_29' title='bbox 1061 499 1194 554; x_wconf 82' lang='lat' dir='ltr'>dicit,</span> <span class='ocrx_word' id='word_1_30' title='bbox 1216 510 1393 562; x_wconf 85' lang='lat' dir='ltr'>patrum</span> <span class='ocrx_word' id='word_1_31' title='bbox 1413 500 1457 545; x_wconf 89' lang='lat' dir='ltr'>in</span> <span class='ocrx_word' id='word_1_32' title='bbox 1477 500 1617 554; x_wconf 90' lang='lat' dir='ltr'>filios;</span> <span class='ocrx_word' id='word_1_33' title='bbox 1643 518 1732 547; x_wconf 90' lang='lat' dir='ltr'>non</span> 
     </span>
     <span class='ocr_line' id='line_1_5' title="bbox 349 569 1729 634; baseline -0.004 -13"><span class='ocrx_word' id='word_1_34' title='bbox 349 575 634 620; x_wconf 84' lang='lat' dir='ltr'>imitationem</span> <span class='ocrx_word' id='word_1_35' title='bbox 651 611 662 630; x_wconf 86' lang='lat'>‚</span> <span class='ocrx_word' id='word_1_36' title='bbox 684 572 755 618; x_wconf 84' lang='lat' dir='ltr'>sed</span> <span class='ocrx_word' id='word_1_37' title='bbox 779 571 1098 632; x_wconf 78' lang='lat' dir='ltr'>generationem</span> <span class='ocrx_word' id='word_1_38' title='bbox 1120 569 1339 629; x_wconf 77' lang='lat' dir='ltr'>redarguit</span> <span class='ocrx_word' id='word_1_39' title='bbox 1361 588 1371 614; x_wconf 92' lang='lat'>:</span> <span class='ocrx_word' id='word_1_40' title='bbox 1395 587 1483 615; x_wconf 89' lang='lat' dir='ltr'>non</span> <span class='ocrx_word' id='word_1_41' title='bbox 1505 571 1729 634; x_wconf 85' lang='lat' dir='ltr'>quomodo</span> 
     </span>
     <span class='ocr_line' id='line_1_6' title="bbox 349 641 1734 706; baseline -0.004 -14"><span class='ocrx_word' id='word_1_42' title='bbox 349 645 484 692; x_wconf 77' lang='lat' dir='ltr'>exilio</span> <span class='ocrx_word' id='word_1_43' title='bbox 506 663 592 691; x_wconf 91' lang='lat' dir='ltr'>uno</span> <span class='ocrx_word' id='word_1_44' title='bbox 608 682 618 700; x_wconf 86' lang='lat'>‚</span> <span class='ocrx_word' id='word_1_45' title='bbox 637 645 682 690; x_wconf 89' lang='lat' dir='ltr'>in</span> <span class='ocrx_word' id='word_1_46' title='bbox 697 660 785 706; x_wconf 90' lang='lat' dir='ltr'>quo</span> <span class='ocrx_word' id='word_1_47' title='bbox 812 643 905 706; x_wconf 83' lang='lat' dir='ltr'>ipsa</span> <span class='ocrx_word' id='word_1_48' title='bbox 930 643 973 687; x_wconf 89' lang='lat' dir='ltr'>in</span> <span class='ocrx_word' id='word_1_49' title='bbox 993 641 1182 686; x_wconf 81' lang='lat' dir='ltr'>deterius</span> <span class='ocrx_word' id='word_1_50' title='bbox 1199 652 1353 688; x_wconf 85' lang='lat' dir='ltr'>natura</span> <span class='ocrx_word' id='word_1_51' title='bbox 1380 652 1546 687; x_wconf 90' lang='lat' dir='ltr'>mutata</span> <span class='ocrx_word' id='word_1_52' title='bbox 1570 652 1658 697; x_wconf 84' lang='lat' dir='ltr'>est,</span> <span class='ocrx_word' id='word_1_53' title='bbox 1685 652 1734 687; x_wconf 89' lang='lat' dir='ltr'>ut</span> 
     </span>
     <span class='ocr_line' id='line_1_7' title="bbox 347 712 1734 780; baseline -0.004 -18"><span class='ocrx_word' id='word_1_54' title='bbox 347 727 532 780; x_wconf 84' lang='lat' dir='ltr'>propter</span> <span class='ocrx_word' id='word_1_55' title='bbox 562 716 649 761; x_wconf 89' lang='lat' dir='ltr'>hoc</span> <span class='ocrx_word' id='word_1_56' title='bbox 680 714 808 762; x_wconf 87' lang='lat' dir='ltr'>etiam</span> <span class='ocrx_word' id='word_1_57' title='bbox 847 713 956 758; x_wconf 90' lang='lat' dir='ltr'>mori</span> <span class='ocrx_word' id='word_1_58' title='bbox 986 729 1154 758; x_wconf 86' lang='lat' dir='ltr'>necesse</span> <span class='ocrx_word' id='word_1_59' title='bbox 1179 712 1232 757; x_wconf 87' lang='lat' dir='ltr'>sit</span> <span class='ocrx_word' id='word_1_60' title='bbox 1259 712 1457 765; x_wconf 81' lang='lat' dir='ltr'>homini3</span> <span class='ocrx_word' id='word_1_61' title='bbox 1490 712 1562 758; x_wconf 78' lang='lat' dir='ltr'>sed</span> <span class='ocrx_word' id='word_1_62' title='bbox 1591 723 1734 758; x_wconf 90' lang='lat' dir='ltr'>tamen</span> 
     </span>
     <span class='ocr_line' id='line_1_8' title="bbox 350 782 1733 856; baseline -0.004 -22"><span class='ocrx_word' id='word_1_63' title='bbox 350 789 496 856; x_wconf 83' lang='lat' dir='ltr'>aliquo</span> <span class='ocrx_word' id='word_1_64' title='bbox 520 786 651 833; x_wconf 88' lang='lat' dir='ltr'>modo</span> <span class='ocrx_word' id='word_1_65' title='bbox 676 785 888 831; x_wconf 86' lang='lat' dir='ltr'>nonnulla</span> <span class='ocrx_word' id='word_1_66' title='bbox 908 783 1209 849; x_wconf 80' lang='lat' dir='ltr'>quorumlibet</span> <span class='ocrx_word' id='word_1_67' title='bbox 1227 794 1405 846; x_wconf 83' lang='lat' dir='ltr'>patrum</span> <span class='ocrx_word' id='word_1_68' title='bbox 1424 794 1605 846; x_wconf 85' lang='lat' dir='ltr'>peccata</span> <span class='ocrx_word' id='word_1_69' title='bbox 1634 782 1733 831; x_wconf 83' lang='lat' dir='ltr'>red·</span> 
     </span>
     <span class='ocr_line' id='line_1_9' title="bbox 349 853 1730 917; baseline -0.004 -13"><span class='ocrx_word' id='word_1_70' title='bbox 349 858 517 906; x_wconf 83' lang='lat' dir='ltr'>duntur</span> <span class='ocrx_word' id='word_1_71' title='bbox 531 857 574 904; x_wconf 90' lang='lat' dir='ltr'>in</span> <span class='ocrx_word' id='word_1_72' title='bbox 597 856 707 902; x_wconf 89' lang='lat' dir='ltr'>filios</span> <span class='ocrx_word' id='word_1_73' title='bbox 722 893 732 911; x_wconf 84' lang='lat'><strong><em>‚</em></strong></span> <span class='ocrx_word' id='word_1_74' title='bbox 754 872 843 901; x_wconf 89' lang='lat' dir='ltr'>non</span> <span class='ocrx_word' id='word_1_75' title='bbox 864 855 1108 902; x_wconf 75' lang='lat' dir='ltr'>imitatione</span> <span class='ocrx_word' id='word_1_76' title='bbox 1126 891 1137 909; x_wconf 80' lang='grc'>,</span> <span class='ocrx_word' id='word_1_77' title='bbox 1160 853 1233 899; x_wconf 90' lang='lat' dir='ltr'>sed</span> <span class='ocrx_word' id='word_1_78' title='bbox 1257 854 1530 914; x_wconf 73' lang='lat' dir='ltr'>generatione</span> <span class='ocrx_word' id='word_1_79' title='bbox 1545 856 1699 917; x_wconf 86' lang='lat' dir='ltr'>punita</span> <span class='ocrx_word' id='word_1_80' title='bbox 1719 871 1730 898; x_wconf 92' lang='lat'>:</span> 
     </span>
     <span class='ocr_line' id='line_1_10' title="bbox 348 923 1736 987; baseline -0.005 -11"><span class='ocrx_word' id='word_1_81' title='bbox 348 929 446 976; x_wconf 92' lang='lat' dir='ltr'>ideo</span> <span class='ocrx_word' id='word_1_82' title='bbox 471 945 560 974; x_wconf 86' lang='lat' dir='ltr'>non</span> <span class='ocrx_word' id='word_1_83' title='bbox 585 927 693 973; x_wconf 90' lang='lat' dir='ltr'>dicit</span> <span class='ocrx_word' id='word_1_84' title='bbox 725 925 770 971; x_wconf 91' lang='lat' dir='ltr'>in</span> <span class='ocrx_word' id='word_1_85' title='bbox 809 926 980 971; x_wconf 80' lang='lat' dir='ltr'>tertiam</span> <span class='ocrx_word' id='word_1_86' title='bbox 1006 935 1047 970; x_wconf 89' lang='lat' dir='ltr'>et</span> <span class='ocrx_word' id='word_1_87' title='bbox 1075 934 1277 987; x_wconf 79' lang='lat' dir='ltr'>quartam</span> <span class='ocrx_word' id='word_1_88' title='bbox 1313 923 1625 980; x_wconf 86' lang='lat' dir='ltr'>imitationem,</span> <span class='ocrx_word' id='word_1_89' title='bbox 1661 923 1736 970; x_wconf 90' lang='lat' dir='ltr'>sed</span> 
     </span>
     <span class='ocr_line' id='line_1_11' title="bbox 350 994 1736 1060; baseline -0.005 -14"><span class='ocrx_word' id='word_1_90' title='bbox 350 999 666 1060; x_wconf 82' lang='lat' dir='ltr'>generationem</span> <span class='ocrx_word' id='word_1_91' title='bbox 685 1015 695 1054; x_wconf 84' lang='lat'><em>3</em></span> <span class='ocrx_word' id='word_1_92' title='bbox 719 996 848 1042; x_wconf 77' lang='lat' dir='ltr'>vobis</span> <span class='ocrx_word' id='word_1_93' title='bbox 871 995 1050 1058; x_wconf 85' lang='lat' dir='ltr'>quidem</span> <span class='ocrx_word' id='word_1_94' title='bbox 1072 994 1324 1040; x_wconf 83' lang='lat' dir='ltr'>nolentibus</span> <span class='ocrx_word' id='word_1_95' title='bbox 1344 1031 1355 1051; x_wconf 84' lang='grc'>,</span> <span class='ocrx_word' id='word_1_96' title='bbox 1376 1005 1675 1041; x_wconf 77' lang='lat' dir='ltr'>verumtamen</span> <span class='ocrx_word' id='word_1_97' title='bbox 1695 1004 1736 1039; x_wconf 89' lang='lat' dir='ltr'>et</span> 
     </span>
     <span class='ocr_line' id='line_1_12' title="bbox 348 1065 1174 1123; baseline -0.005 -7"><span class='ocrx_word' id='word_1_98' title='bbox 348 1070 475 1116; x_wconf 80' lang='lat' dir='ltr'>vobis</span> <span class='ocrx_word' id='word_1_99' title='bbox 491 1107 502 1123; x_wconf 79' lang='lat'>‚</span> <span class='ocrx_word' id='word_1_100' title='bbox 522 1068 664 1116; x_wconf 77' lang='lat' dir='ltr'>velitis</span> <span class='ocrx_word' id='word_1_101' title='bbox 687 1066 855 1122; x_wconf 67' lang='lat' dir='ltr'>nolitis,</span> <span class='ocrx_word' id='word_1_102' title='bbox 880 1065 1174 1112; x_wconf 67' lang='lat' dir='ltr'>audientibus,</span> 
     </span>
    </p>

    <p class='ocr_par' dir='ltr' id='par_1_3' title="bbox 347 1135 1740 2620">
     <span class='ocr_line' id='line_1_13' title="bbox 412 1135 1736 1199; baseline -0.005 -12"><span class='ocrx_word' id='word_1_103' title='bbox 412 1141 511 1187; x_wconf 78' lang='lat' dir='ltr'>XX.</span> <span class='ocrx_word' id='word_1_104' title='bbox 552 1140 653 1184; x_wconf 63' lang='lat' dir='ltr'><strong>JL‘L.</strong></span> <span class='ocrx_word' id='word_1_105' title='bbox 695 1159 714 1178; x_wconf 87' lang='lat'>«</span> <span class='ocrx_word' id='word_1_106' title='bbox 736 1139 844 1182; x_wconf 87' lang='lat' dir='ltr'>Acta</span> <span class='ocrx_word' id='word_1_107' title='bbox 875 1136 1051 1199; x_wconf 79' lang='lat' dir='ltr'>quidem</span> <span class='ocrx_word' id='word_1_108' title='bbox 1079 1154 1142 1182; x_wconf 85' lang='lat' dir='ltr'>res</span> <span class='ocrx_word' id='word_1_109' title='bbox 1162 1147 1224 1181; x_wconf 86' lang='lat' dir='ltr'>est</span> <span class='ocrx_word' id='word_1_110' title='bbox 1247 1154 1257 1181; x_wconf 89' lang='lat'>:</span> <span class='ocrx_word' id='word_1_111' title='bbox 1286 1136 1359 1181; x_wconf 89' lang='lat' dir='ltr'>sed</span> <span class='ocrx_word' id='word_1_112' title='bbox 1381 1147 1522 1181; x_wconf 83' lang='lat' dir='ltr'>tamen</span> <span class='ocrx_word' id='word_1_113' title='bbox 1541 1146 1590 1181; x_wconf 92' lang='lat' dir='ltr'>ut</span> <span class='ocrx_word' id='word_1_114' title='bbox 1611 1135 1665 1181; x_wconf 89' lang='lat' dir='ltr'>ad</span> <span class='ocrx_word' id='word_1_115' title='bbox 1690 1135 1736 1180; x_wconf 86' lang='lat' dir='ltr'>id</span> 
     </span>
     <span class='ocr_line' id='line_1_14' title="bbox 349 1206 1738 1277; baseline -0.006 -19"><span class='ocrx_word' id='word_1_116' title='bbox 349 1212 469 1277; x_wconf 88' lang='lat' dir='ltr'>quod</span> <span class='ocrx_word' id='word_1_117' title='bbox 502 1212 630 1257; x_wconf 80' lang='lat' dir='ltr'>affero</span> <span class='ocrx_word' id='word_1_118' title='bbox 661 1208 716 1254; x_wconf 88' lang='lat' dir='ltr'>sit</span> <span class='ocrx_word' id='word_1_119' title='bbox 749 1208 938 1253; x_wconf 87' lang='lat' dir='ltr'>intentus</span> <span class='ocrx_word' id='word_1_120' title='bbox 973 1207 1126 1262; x_wconf 85' lang='lat' dir='ltr'>lector,</span> <span class='ocrx_word' id='word_1_121' title='bbox 1171 1206 1398 1253; x_wconf 87' lang='lat' dir='ltr'>admoneo.</span> <span class='ocrx_word' id='word_1_122' title='bbox 1442 1206 1486 1251; x_wconf 84' lang='lat' dir='ltr'>Si</span> <span class='ocrx_word' id='word_1_123' title='bbox 1519 1206 1738 1274; x_wconf 80' lang='lat' dir='ltr'>quispiam</span> 
     </span>
     <span class='ocr_line' id='line_1_15' title="bbox 349 1275 1739 1343; baseline -0.006 -13"><span class='ocrx_word' id='word_1_124' title='bbox 349 1285 544 1330; x_wconf 72' lang='lat' dir='ltr'>existeret</span> <span class='ocrx_word' id='word_1_125' title='bbox 562 1319 572 1336; x_wconf 86' lang='lat'><strong>‚</strong></span> <span class='ocrx_word' id='word_1_126' title='bbox 597 1280 672 1343; x_wconf 89' lang='lat' dir='ltr'>qui</span> <span class='ocrx_word' id='word_1_127' title='bbox 698 1279 784 1323; x_wconf 87' lang='lat' dir='ltr'>hoc</span> <span class='ocrx_word' id='word_1_128' title='bbox 807 1279 1091 1341; x_wconf 79' lang='lat' dir='ltr'>profiteretur</span> <span class='ocrx_word' id='word_1_129' title='bbox 1111 1278 1313 1323; x_wconf 87' lang='lat' dir='ltr'>libertate</span> <span class='ocrx_word' id='word_1_130' title='bbox 1331 1277 1566 1324; x_wconf 77' lang='lat' dir='ltr'>verborum</span> <span class='ocrx_word' id='word_1_131' title='bbox 1586 1314 1596 1332; x_wconf 88' lang='lat'>‚</span> <span class='ocrx_word' id='word_1_132' title='bbox 1618 1275 1739 1339; x_wconf 87' lang='lat' dir='ltr'>quod</span> 
     </span>
     <span class='ocr_line' id='line_1_16' title="bbox 350 1346 1738 1415; baseline -0.008 -13"><span class='ocrx_word' id='word_1_133' title='bbox 350 1349 694 1415; x_wconf 85' lang='lat' dir='ltr'>argumentando</span> <span class='ocrx_word' id='word_1_134' title='bbox 720 1348 1025 1393; x_wconf 86' lang='lat' dir='ltr'>Traducianus</span> <span class='ocrx_word' id='word_1_135' title='bbox 1050 1348 1263 1393; x_wconf 88' lang='lat' dir='ltr'>conficere</span> <span class='ocrx_word' id='word_1_136' title='bbox 1285 1358 1488 1402; x_wconf 72' lang='lat' dir='ltr'>conatur,</span> <span class='ocrx_word' id='word_1_137' title='bbox 1511 1346 1555 1391; x_wconf 89' lang='lat' dir='ltr'>id</span> <span class='ocrx_word' id='word_1_138' title='bbox 1577 1357 1662 1401; x_wconf 86' lang='lat' dir='ltr'>est,</span> <span class='ocrx_word' id='word_1_139' title='bbox 1691 1357 1738 1391; x_wconf 89' lang='lat' dir='ltr'>ut</span> 
     </span>
     <span class='ocr_line' id='line_1_17' title="bbox 347 1415 1738 1491; baseline -0.009 -19"><span class='ocrx_word' id='word_1_140' title='bbox 347 1442 543 1491; x_wconf 77' lang='lat' dir='ltr'>pugnam</span> <span class='ocrx_word' id='word_1_141' title='bbox 564 1421 775 1468; x_wconf 84' lang='lat' dir='ltr'>indiceret</span> <span class='ocrx_word' id='word_1_142' title='bbox 793 1419 873 1478; x_wconf 84' lang='lat' dir='ltr'>legi</span> <span class='ocrx_word' id='word_1_143' title='bbox 898 1420 974 1463; x_wconf 76' lang='lat' dir='ltr'>Dei</span> <span class='ocrx_word' id='word_1_144' title='bbox 993 1456 1002 1473; x_wconf 81' lang='lat'>‚</span> <span class='ocrx_word' id='word_1_145' title='bbox 1032 1429 1072 1463; x_wconf 90' lang='lat' dir='ltr'>et</span> <span class='ocrx_word' id='word_1_146' title='bbox 1100 1419 1356 1464; x_wconf 81' lang='lat' dir='ltr'>sententiam</span> <span class='ocrx_word' id='word_1_147' title='bbox 1383 1434 1515 1480; x_wconf 88' lang='lat' dir='ltr'>quam</span> <span class='ocrx_word' id='word_1_148' title='bbox 1545 1415 1738 1480; x_wconf 78' lang='lat' dir='ltr'>protuli-</span> 
     </span>
     <span class='ocr_line' id='line_1_18' title="bbox 348 1486 1739 1553; baseline -0.009 -10"><span class='ocrx_word' id='word_1_149' title='bbox 348 1514 445 1543; x_wconf 85' lang='lat' dir='ltr'>mus</span> <span class='ocrx_word' id='word_1_150' title='bbox 461 1533 471 1551; x_wconf 79' lang='lat'>‚</span> <span class='ocrx_word' id='word_1_151' title='bbox 501 1495 590 1540; x_wconf 89' lang='lat' dir='ltr'>sine</span> <span class='ocrx_word' id='word_1_152' title='bbox 617 1491 762 1553; x_wconf 81' lang='lat' dir='ltr'>aliquo</span> <span class='ocrx_word' id='word_1_153' title='bbox 786 1489 941 1534; x_wconf 86' lang='lat' dir='ltr'>timore</span> <span class='ocrx_word' id='word_1_154' title='bbox 966 1489 1206 1552; x_wconf 82' lang='lat' dir='ltr'>despiceret</span> <span class='ocrx_word' id='word_1_155' title='bbox 1222 1525 1231 1543; x_wconf 78' lang='lat'>,</span> <span class='ocrx_word' id='word_1_156' title='bbox 1264 1497 1554 1550; x_wconf 73' lang='lat' dir='ltr'>assereretque</span> <span class='ocrx_word' id='word_1_157' title='bbox 1576 1486 1739 1549; x_wconf 89' lang='lat' dir='ltr'>quibus</span> 
     </span>
     <span class='ocr_line' id='line_1_19' title="bbox 348 1557 1740 1634; baseline -0.008 -21"><span class='ocrx_word' id='word_1_158' title='bbox 348 1576 492 1634; x_wconf 83' lang='lat' dir='ltr'>posset</span> <span class='ocrx_word' id='word_1_159' title='bbox 515 1561 656 1610; x_wconf 89' lang='lat' dir='ltr'>modis</span> <span class='ocrx_word' id='word_1_160' title='bbox 674 1597 684 1616; x_wconf 77' lang='grc'><em>,</em></span> <span class='ocrx_word' id='word_1_161' title='bbox 712 1559 867 1605; x_wconf 82' lang='lat' dir='ltr'>falsum</span> <span class='ocrx_word' id='word_1_162' title='bbox 892 1559 980 1604; x_wconf 85' lang='lat' dir='ltr'>hoc</span> <span class='ocrx_word' id='word_1_163' title='bbox 1004 1570 1238 1622; x_wconf 86' lang='lat' dir='ltr'>utrumque</span> <span class='ocrx_word' id='word_1_164' title='bbox 1258 1575 1343 1603; x_wconf 81' lang='lat' dir='ltr'>esse</span> <span class='ocrx_word' id='word_1_165' title='bbox 1365 1557 1488 1621; x_wconf 85' lang='lat' dir='ltr'>quod</span> <span class='ocrx_word' id='word_1_166' title='bbox 1511 1557 1625 1601; x_wconf 90' lang='lat' dir='ltr'>Deus</span> <span class='ocrx_word' id='word_1_167' title='bbox 1649 1573 1740 1603; x_wconf 87' lang='lat' dir='ltr'>ser-</span> 
     </span>
     <span class='ocr_line' id='line_1_20' title="bbox 348 1628 1735 1692; baseline -0.01 -7"><span class='ocrx_word' id='word_1_168' title='bbox 348 1638 443 1686; x_wconf 88' lang='lat' dir='ltr'>vari</span> <span class='ocrx_word' id='word_1_169' title='bbox 469 1635 607 1681; x_wconf 86' lang='lat' dir='ltr'>voluit</span> <span class='ocrx_word' id='word_1_170' title='bbox 629 1670 639 1687; x_wconf 87' lang='lat'>‚</span> <span class='ocrx_word' id='word_1_171' title='bbox 666 1641 707 1676; x_wconf 87' lang='lat' dir='ltr'>et</span> <span class='ocrx_word' id='word_1_172' title='bbox 730 1631 984 1675; x_wconf 84' lang='lat' dir='ltr'>sententiam</span> <span class='ocrx_word' id='word_1_173' title='bbox 1008 1629 1061 1674; x_wconf 91' lang='lat' dir='ltr'>de</span> <span class='ocrx_word' id='word_1_174' title='bbox 1082 1646 1167 1692; x_wconf 90' lang='lat' dir='ltr'>qua</span> <span class='ocrx_word' id='word_1_175' title='bbox 1198 1628 1424 1692; x_wconf 82' lang='lat' dir='ltr'>loquimur</span> <span class='ocrx_word' id='word_1_176' title='bbox 1449 1644 1497 1672; x_wconf 78' lang='lat' dir='ltr'>ex</span> <span class='ocrx_word' id='word_1_177' title='bbox 1523 1637 1708 1690; x_wconf 84' lang='lat' dir='ltr'>utraque</span> <span class='ocrx_word' id='word_1_178' title='bbox 1724 1663 1735 1682; x_wconf 77' lang='grc'><strong>,</strong></span> 
     </span>
     <span class='ocr_line' id='line_1_21' title="bbox 349 1700 1740 1775; baseline -0.011 -19"><span class='ocrx_word' id='word_1_179' title='bbox 349 1718 565 1775; x_wconf 86' lang='lat' dir='ltr'>quantum</span> <span class='ocrx_word' id='word_1_180' title='bbox 597 1704 642 1749; x_wconf 89' lang='lat' dir='ltr'>in</span> <span class='ocrx_word' id='word_1_181' title='bbox 675 1718 716 1747; x_wconf 90' lang='lat' dir='ltr'>se</span> <span class='ocrx_word' id='word_1_182' title='bbox 753 1711 867 1756; x_wconf 76' lang='lat' dir='ltr'>erat,</span> <span class='ocrx_word' id='word_1_183' title='bbox 902 1711 1025 1763; x_wconf 79' lang='lat' dir='ltr'>parte</span> <span class='ocrx_word' id='word_1_184' title='bbox 1057 1700 1307 1754; x_wconf 78' lang='lat' dir='ltr'>subrueret,</span> <span class='ocrx_word' id='word_1_185' title='bbox 1338 1714 1516 1761; x_wconf 86' lang='lat' dir='ltr'>prorsus</span> <span class='ocrx_word' id='word_1_186' title='bbox 1549 1706 1740 1760; x_wconf 84' lang='lat' dir='ltr'>putasset</span> 
     </span>
     <span class='ocr_line' id='line_1_22' title="bbox 350 1770 1740 1846; baseline -0.012 -19"><span class='ocrx_word' id='word_1_187' title='bbox 350 1789 548 1846; x_wconf 84' lang='lat' dir='ltr'>parentes</span> <span class='ocrx_word' id='word_1_188' title='bbox 571 1783 753 1839; x_wconf 82' lang='lat' dir='ltr'>propter</span> <span class='ocrx_word' id='word_1_189' title='bbox 779 1771 970 1816; x_wconf 82' lang='lat' dir='ltr'>filiorum</span> <span class='ocrx_word' id='word_1_190' title='bbox 987 1781 1028 1815; x_wconf 87' lang='lat' dir='ltr'>ct</span> <span class='ocrx_word' id='word_1_191' title='bbox 1047 1770 1158 1815; x_wconf 84' lang='lat' dir='ltr'>filios</span> <span class='ocrx_word' id='word_1_192' title='bbox 1179 1779 1362 1834; x_wconf 81' lang='lat' dir='ltr'>propter</span> <span class='ocrx_word' id='word_1_193' title='bbox 1386 1778 1617 1831; x_wconf 84' lang='lat' dir='ltr'>parentum</span> <span class='ocrx_word' id='word_1_194' title='bbox 1638 1783 1740 1830; x_wconf 85' lang='lat' dir='ltr'>pec-</span> 
     </span>
     <span class='ocr_line' id='line_1_23' title="bbox 351 1837 1738 1905; baseline -0.012 -7"><span class='ocrx_word' id='word_1_195' title='bbox 351 1862 447 1899; x_wconf 85' lang='lat' dir='ltr'>cata</span> <span class='ocrx_word' id='word_1_196' title='bbox 469 1861 553 1895; x_wconf 86' lang='lat' dir='ltr'>tam</span> <span class='ocrx_word' id='word_1_197' title='bbox 569 1841 702 1890; x_wconf 85' lang='lat' dir='ltr'>solere</span> <span class='ocrx_word' id='word_1_198' title='bbox 716 1858 847 1905; x_wconf 89' lang='lat' dir='ltr'>quam</span> <span class='ocrx_word' id='word_1_199' title='bbox 865 1840 1021 1886; x_wconf 85' lang='lat' dir='ltr'>debere</span> <span class='ocrx_word' id='word_1_200' title='bbox 1040 1840 1238 1885; x_wconf 83' lang='lat' dir='ltr'>damnari</span> <span class='ocrx_word' id='word_1_201' title='bbox 1259 1857 1269 1883; x_wconf 76' lang='grc' dir='ltr'>ε</span> <span class='ocrx_word' id='word_1_202' title='bbox 1291 1837 1484 1884; x_wconf 71' lang='lat' dir='ltr'>nechic1</span> <span class='ocrx_word' id='word_1_203' title='bbox 1507 1848 1648 1882; x_wconf 89' lang='lat' dir='ltr'>tamen</span> <span class='ocrx_word' id='word_1_204' title='bbox 1668 1848 1738 1882; x_wconf 86' lang='lat' dir='ltr'>ta-</span> 
     </span>
     <span class='ocr_line' id='line_1_24' title="bbox 350 1908 1734 1986; baseline -0.014 -15"><span class='ocrx_word' id='word_1_205' title='bbox 350 1924 402 1971; x_wconf 88' lang='lat' dir='ltr'>lis</span> <span class='ocrx_word' id='word_1_206' title='bbox 434 1915 602 1986; x_wconf 86' lang='lat' dir='ltr'>peccati</span> <span class='ocrx_word' id='word_1_207' title='bbox 642 1913 869 1959; x_wconf 82' lang='lat' dir='ltr'>traducem</span> <span class='ocrx_word' id='word_1_208' title='bbox 898 1949 909 1968; x_wconf 80' lang='lat'><strong>,</strong></span> <span class='ocrx_word' id='word_1_209' title='bbox 947 1911 1016 1957; x_wconf 61' lang='lat' dir='ltr'>rei</span> <span class='ocrx_word' id='word_1_210' title='bbox 1053 1909 1294 1956; x_wconf 85' lang='lat' dir='ltr'>secundum</span> <span class='ocrx_word' id='word_1_211' title='bbox 1335 1908 1561 1972; x_wconf 83' lang='lat' dir='ltr'>opiniones</span> <span class='ocrx_word' id='word_1_212' title='bbox 1602 1923 1696 1952; x_wconf 88' lang='lat' dir='ltr'>suas</span> <span class='ocrx_word' id='word_1_213' title='bbox 1722 1943 1734 1964; x_wconf 84' lang='lat'>‚</span> 
     </span>
     <span class='ocr_line' id='line_1_25' title="bbox 351 1977 1738 2061; baseline -0.014 -20"><span class='ocrx_word' id='word_1_214' title='bbox 351 1994 497 2061; x_wconf 89' lang='lat' dir='ltr'>quiret</span> <span class='ocrx_word' id='word_1_215' title='bbox 513 2002 709 2036; x_wconf 85' lang='lat' dir='ltr'>asserere.</span> <span class='ocrx_word' id='word_1_216' title='bbox 738 1984 862 2028; x_wconf 68' lang='lat' dir='ltr'>Cur?</span> <span class='ocrx_word' id='word_1_217' title='bbox 889 1981 1091 2028; x_wconf 67' lang='lat' dir='ltr'>videlicet</span> <span class='ocrx_word' id='word_1_218' title='bbox 1112 1981 1215 2044; x_wconf 88' lang='lat' dir='ltr'>quia</span> <span class='ocrx_word' id='word_1_219' title='bbox 1247 1980 1324 2026; x_wconf 83' lang='lat' dir='ltr'>etsi</span> <span class='ocrx_word' id='word_1_220' title='bbox 1354 1988 1570 2025; x_wconf 88' lang='lat' dir='ltr'>constaret</span> <span class='ocrx_word' id='word_1_221' title='bbox 1586 1977 1738 2023; x_wconf 87' lang='lat' dir='ltr'>falsam</span> 
     </span>
     <span class='ocr_line' id='line_1_26' title="bbox 351 2048 1736 2126; baseline -0.015 -13"><span class='ocrx_word' id='word_1_222' title='bbox 351 2067 455 2126; x_wconf 89' lang='lat' dir='ltr'>legis</span> <span class='ocrx_word' id='word_1_223' title='bbox 478 2077 563 2108; x_wconf 85' lang='lat' dir='ltr'>esse</span> <span class='ocrx_word' id='word_1_224' title='bbox 591 2055 844 2103; x_wconf 37' lang='lat' dir='ltr'>seutentiam</span> <span class='ocrx_word' id='word_1_225' title='bbox 859 2091 870 2109; x_wconf 77' lang='lat'>,</span> <span class='ocrx_word' id='word_1_226' title='bbox 898 2070 997 2115; x_wconf 79' lang='lat' dir='ltr'>quae</span> <span class='ocrx_word' id='word_1_227' title='bbox 1020 2053 1325 2097; x_wconf 81' lang='lat' dir='ltr'>testificaretur</span> <span class='ocrx_word' id='word_1_228' title='bbox 1351 2048 1565 2109; x_wconf 84' lang='lat' dir='ltr'>ejusmodi</span> <span class='ocrx_word' id='word_1_229' title='bbox 1585 2065 1736 2093; x_wconf 89' lang='lat' dir='ltr'>neces-</span> 
     </span>
     <span class='ocr_line' id='line_1_27' title="bbox 353 2119 1737 2190; baseline -0.016 -6"><span class='ocrx_word' id='word_1_230' title='bbox 353 2135 562 2186; x_wconf 86' lang='lat' dir='ltr'>situdines</span> <span class='ocrx_word' id='word_1_231' title='bbox 588 2125 777 2190; x_wconf 80' lang='lat' dir='ltr'>respergi</span> <span class='ocrx_word' id='word_1_232' title='bbox 811 2123 974 2169; x_wconf 91' lang='lat' dir='ltr'>mutuis</span> <span class='ocrx_word' id='word_1_233' title='bbox 1004 2140 1093 2167; x_wconf 88' lang='lat' dir='ltr'>non</span> <span class='ocrx_word' id='word_1_234' title='bbox 1129 2138 1253 2185; x_wconf 81' lang='lat' dir='ltr'>posse</span> <span class='ocrx_word' id='word_1_235' title='bbox 1284 2119 1566 2175; x_wconf 83' lang='lat' dir='ltr'>criminibus3</span> <span class='ocrx_word' id='word_1_236' title='bbox 1592 2129 1737 2163; x_wconf 89' lang='lat' dir='ltr'>tamen</span> 
     </span>
     <span class='ocr_line' id='line_1_28' title="bbox 352 2189 1736 2257; baseline -0.015 -1"><span class='ocrx_word' id='word_1_237' title='bbox 352 2212 662 2257; x_wconf 88' lang='lat' dir='ltr'>inconcussum</span> <span class='ocrx_word' id='word_1_238' title='bbox 692 2195 920 2249; x_wconf 69' lang='lat' dir='ltr'>manebat,</span> <span class='ocrx_word' id='word_1_239' title='bbox 953 2193 1178 2238; x_wconf 85' lang='lat' dir='ltr'>traducem</span> <span class='ocrx_word' id='word_1_240' title='bbox 1209 2209 1297 2238; x_wconf 91' lang='lat' dir='ltr'>non</span> <span class='ocrx_word' id='word_1_241' title='bbox 1316 2208 1402 2237; x_wconf 88' lang='lat' dir='ltr'>esse</span> <span class='ocrx_word' id='word_1_242' title='bbox 1421 2189 1606 2254; x_wconf 88' lang='lat' dir='ltr'>peccati.</span> <span class='ocrx_word' id='word_1_243' title='bbox 1639 2189 1736 2235; x_wconf 88' lang='lat' dir='ltr'>Hoc</span> 
     </span>
     <span class='ocr_line' id='line_1_29' title="bbox 354 2259 1735 2338; baseline -0.018 -10"><span class='ocrx_word' id='word_1_244' title='bbox 354 2280 467 2328; x_wconf 85' lang='lat' dir='ltr'>enim</span> <span class='ocrx_word' id='word_1_245' title='bbox 488 2275 607 2338; x_wconf 84' lang='lat' dir='ltr'>ipsO‚</span> <span class='ocrx_word' id='word_1_246' title='bbox 635 2284 723 2331; x_wconf 88' lang='lat' dir='ltr'>quo</span> <span class='ocrx_word' id='word_1_247' title='bbox 749 2276 789 2311; x_wconf 86' lang='lat' dir='ltr'>et</span> <span class='ocrx_word' id='word_1_248' title='bbox 806 2275 1037 2330; x_wconf 87' lang='lat' dir='ltr'>parentum</span> <span class='ocrx_word' id='word_1_249' title='bbox 1066 2274 1210 2309; x_wconf 86' lang='lat' dir='ltr'>reatus</span> <span class='ocrx_word' id='word_1_250' title='bbox 1237 2261 1292 2307; x_wconf 88' lang='lat' dir='ltr'>ad</span> <span class='ocrx_word' id='word_1_251' title='bbox 1314 2261 1452 2316; x_wconf 82' lang='lat' dir='ltr'>filios,</span> <span class='ocrx_word' id='word_1_252' title='bbox 1482 2270 1522 2305; x_wconf 91' lang='lat' dir='ltr'>et</span> <span class='ocrx_word' id='word_1_253' title='bbox 1542 2259 1735 2304; x_wconf 87' lang='lat' dir='ltr'>filiorum</span> 
     </span>
     <span class='ocr_line' id='line_1_30' title="bbox 355 2330 1730 2413; baseline -0.019 -14"><span class='ocrx_word' id='word_1_254' title='bbox 355 2352 410 2401; x_wconf 85' lang='lat' dir='ltr'>ad</span> <span class='ocrx_word' id='word_1_255' title='bbox 444 2352 644 2413; x_wconf 78' lang='lat' dir='ltr'>parentes</span> <span class='ocrx_word' id='word_1_256' title='bbox 667 2337 864 2390; x_wconf 79' lang='lat' dir='ltr'>redibat3</span> <span class='ocrx_word' id='word_1_257' title='bbox 890 2335 1120 2381; x_wconf 85' lang='lat' dir='ltr'>constabat</span> <span class='ocrx_word' id='word_1_258' title='bbox 1156 2350 1244 2378; x_wconf 86' lang='lat' dir='ltr'>non</span> <span class='ocrx_word' id='word_1_259' title='bbox 1270 2333 1398 2377; x_wconf 82' lang='lat' dir='ltr'>fuisse</span> <span class='ocrx_word' id='word_1_260' title='bbox 1421 2330 1730 2391; x_wconf 72' lang='lat' dir='ltr'>generationis,</span> 
     </span>
     <span class='ocr_line' id='line_1_31' title="bbox 354 2399 1734 2490; baseline -0.018 -21"><span class='ocrx_word' id='word_1_261' title='bbox 354 2415 472 2490; x_wconf 86' lang='lat' dir='ltr'>quod</span> <span class='ocrx_word' id='word_1_262' title='bbox 494 2415 548 2462; x_wconf 85' lang='lat' dir='ltr'>ad</span> <span class='ocrx_word' id='word_1_263' title='bbox 569 2411 680 2459; x_wconf 85' lang='lat' dir='ltr'>filios</span> <span class='ocrx_word' id='word_1_264' title='bbox 699 2407 963 2469; x_wconf 79' lang='lat' dir='ltr'>gignentium</span> <span class='ocrx_word' id='word_1_265' title='bbox 986 2415 1167 2469; x_wconf 83' lang='lat' dir='ltr'>peccata</span> <span class='ocrx_word' id='word_1_266' title='bbox 1192 2412 1503 2467; x_wconf 72' lang='lat' dir='ltr'>pervenerant3</span> <span class='ocrx_word' id='word_1_267' title='bbox 1526 2399 1734 2463; x_wconf 85' lang='lat' dir='ltr'>quoniam</span> 
     </span>
     <span class='ocr_line' id='line_1_32' title="bbox 354 2475 1734 2547; baseline -0.02 -6"><span class='ocrx_word' id='word_1_268' title='bbox 354 2506 396 2543; x_wconf 86' lang='lat' dir='ltr'>et</span> <span class='ocrx_word' id='word_1_269' title='bbox 416 2512 439 2539; x_wconf 85' lang='lat' dir='ltr'>a</span> <span class='ocrx_word' id='word_1_270' title='bbox 462 2486 562 2535; x_wconf 79' lang='lat' dir='ltr'>filiis</span> <span class='ocrx_word' id='word_1_271' title='bbox 589 2482 642 2528; x_wconf 86' lang='lat' dir='ltr'>ad</span> <span class='ocrx_word' id='word_1_272' title='bbox 662 2489 861 2547; x_wconf 80' lang='lat' dir='ltr'>parentes</span> <span class='ocrx_word' id='word_1_273' title='bbox 880 2514 891 2533; x_wconf 82' lang='grc'>,</span> <span class='ocrx_word' id='word_1_274' title='bbox 924 2476 1001 2521; x_wconf 86' lang='lat' dir='ltr'>ubi</span> <span class='ocrx_word' id='word_1_275' title='bbox 1036 2475 1255 2535; x_wconf 81' lang='lat' dir='ltr'>generatio</span> <span class='ocrx_word' id='word_1_276' title='bbox 1286 2490 1374 2518; x_wconf 87' lang='lat' dir='ltr'>non</span> <span class='ocrx_word' id='word_1_277' title='bbox 1406 2481 1578 2535; x_wconf 77' lang='lat' dir='ltr'>poterat</span> <span class='ocrx_word' id='word_1_278' title='bbox 1604 2486 1734 2515; x_wconf 88' lang='lat' dir='ltr'>causa</span> 
     </span>
     <span class='ocr_line' id='line_1_33' title="bbox 353 2544 1729 2620; baseline -0.019 -7"><span class='ocrx_word' id='word_1_279' title='bbox 353 2582 440 2615; x_wconf 85' lang='lat' dir='ltr'>esse</span> <span class='ocrx_word' id='word_1_280' title='bbox 457 2600 468 2620; x_wconf 85' lang='lat'>‚</span> <span class='ocrx_word' id='word_1_281' title='bbox 491 2561 799 2606; x_wconf 83' lang='lat' dir='ltr'>remeaverant.</span> <span class='ocrx_word' id='word_1_282' title='bbox 822 2548 942 2607; x_wconf 87' lang='lat' dir='ltr'>Quid</span> <span class='ocrx_word' id='word_1_283' title='bbox 966 2547 1097 2608; x_wconf 85' lang='lat' dir='ltr'>igitur</span> <span class='ocrx_word' id='word_1_284' title='bbox 1114 2547 1190 2594; x_wconf 82' lang='lat' dir='ltr'>hie</span> <span class='ocrx_word' id='word_1_285' title='bbox 1213 2544 1475 2592; x_wconf 86' lang='lat' dir='ltr'>confecerim</span> <span class='ocrx_word' id='word_1_286' title='bbox 1496 2551 1729 2607; x_wconf 85' lang='lat' dir='ltr'>appareat,</span> 
     </span>
    </p>
   </div>
   <div class='ocr_carea' id='block_1_3' title="bbox 404 2637 672 2679">
    <p class='ocr_par' dir='ltr' id='par_1_4' title="bbox 404 2637 672 2679">
     <span class='ocr_line' id='line_1_34' title="bbox 404 2637 672 2679; baseline -0.015 -7"><span class='ocrx_word' id='word_1_287' title='bbox 404 2651 414 2672; x_wconf 83' lang='lat'>1</span> <span class='ocrx_word' id='word_1_288' title='bbox 437 2649 527 2679; x_wconf 84' lang='lat' dir='ltr'>Forte</span> <span class='ocrx_word' id='word_1_289' title='bbox 543 2650 601 2673; x_wconf 83' lang='lat' dir='ltr'>nec</span> <span class='ocrx_word' id='word_1_290' title='bbox 619 2637 672 2670; x_wconf 86' lang='lat' dir='ltr'>sic.</span> 
     </span>
    </p>
   </div>
  </div>
 </body>
</html>
