1824 3236
311 226 405 281 324
732 237 765 266 s.
812 235 1054 266 Auoesrrm
1092 235 1296 265 sz1seor1

311 327 405 357 sum
450 306 648 352 abusus:
687 319 766 348 nee
797 312 844 347 tu
876 301 928 346 de
965 301 1169 346 humanis
1204 300 1438 346 seminibus
1466 299 1691 346 hominem

310 401 333 429 a
357 383 450 427 Deo
476 377 587 432 fieri,
614 375 726 421 sieut
744 377 926 437 pejeras,
954 372 1122 426 eredis3
1154 371 1272 435 quod
1319 389 1406 417 nou
1446 371 1688 435 opinando,

309 451 383 500 sed
402 449 533 497 fidem
560 458 680 492 tuam
699 442 979 504 intelligendo
1000 444 1230 489 confirmo.
1251 466 1270 485 >³

375 525 491 569 AUG.
522 515 756 576 Quomodo
788 516 982 578 posueris
1010 514 1297 578 apostolieum
1337 514 1627 560 testimonium
1651 516 1689 570 ⁹,

309 611 398 659 quo
423 592 494 639 ille
519 607 619 636 usus
639 598 699 634 est
720 586 772 633 de
796 586 1051 642 seminibus,
1074 603 1173 648 quae
1194 585 1460 631 seminantur
1482 585 1526 631 in
1561 596 1689 643 terra,

304 664 410 730 quia
438 679 529 708 non
559 658 837 706 vivificantur
856 656 938 702 nisi
965 655 1224 709 moriautur,
1253 654 1365 716 (hoe
1391 656 1505 701 enim
1532 655 1585 701 de
1624 674 1695 701 re-

308 734 574 782 surreetione
599 745 853 793 corporum,
875 729 920 772 in
937 743 1023 789 qua
1042 725 1313 780 versabatur,
1341 725 1579 788 disputatio
1600 743 1696 789 pos-

308 805 528 868 tulabat),
555 802 633 867 qui
657 812 732 847 tua
750 799 823 846 illa
845 798 947 858 legit
979 797 1267 857 intelligenter
1291 796 1504 852 advertat,
1532 808 1573 842 et
1597 814 1697 860 quae

308 879 444 926 nosin
462 876 614 923 eodem
631 873 746 919 libro
760 888 889 935 quem
909 887 1026 915 nune
1048 869 1235 914 refutare
1257 869 1426 914 conaris
1445 869 1526 914 tibi
1549 869 1603 914 acl
1624 869 1697 914 illa

306 948 614 1013 respondimus
633 965 645 998 3
667 956 709 990 et
737 942 926 990 inveniet
953 952 1008 996 te,
1033 940 1151 1004 quod
1177 939 1229 984 ad
1257 957 1346 985 rem
1365 940 1594 1002 pertineat,
1620 957 1698 985 nee

308 1021 375 1066 ibi
398 1017 565 1082 aliquid
590 1016 761 1070 dixisse,
787 1024 829 1059 et
849 1013 925 1059 hic
967 1012 1081 1057 nihil
1105 1011 1262 1057 dicere.
1296 1010 1366 1056 Sic
1404 1012 1518 1057 enim
1541 1028 1699 1071 magno

309 1095 407 1141 nisu
424 1089 590 1138 moliris
609 1086 850 1142 ostendere,
880 1083 1001 1148 quod
1025 1083 1224 1129 homines
1249 1083 1369 1128 Deus
1397 1082 1449 1128 de
1464 1083 1701 1129 seminibus

310 1175 532 1230 operetur,
558 1158 682 1223 quasi
703 1157 792 1203 hoe
816 1165 996 1216 negetur
1014 1173 1036 1200 a
1055 1154 1208 1208 nobis3
1234 1164 1275 1199 et
1301 1152 1485 1199 adhibes
1509 1160 1702 1218 Aposto-

308 1238 403 1284 lum
424 1245 590 1288 testem‚
618 1230 697 1276 ubi
723 1229 799 1275 abs
819 1238 859 1273 te
879 1226 1000 1273 nulla
1020 1226 1246 1272 necessitas
1262 1241 1402 1271 eausae
1420 1226 1586 1287 flagitat
1600 1245 1702 1291 pro-

308 1307 531 1354 bationem
555 1321 565 1348 ε
587 1312 629 1347 et
655 1298 775 1363 quod
795 1309 857 1344 est
875 1297 1092 1354 insulsius,
1129 1296 1191 1342 vis
1229 1295 1370 1358 accipi
1393 1297 1446 1343 de
1464 1298 1702 1346 seminibus

308 1377 564 1429 homiuum,
604 1371 725 1435 quod
768 1369 840 1415 ille
859 1368 966 1414 dixit
987 1368 1040 1413 de
1082 1367 1321 1414 seminibus
1351 1368 1670 1416 frumentorum
1688 1408 1698 1427 ‚

311 1446 521 1513 quoniam
542 1442 587 1488 id
613 1458 742 1487 eausa
761 1439 1000 1503 poscebat3
1033 1448 1075 1483 et
1095 1438 1203 1483 dieis
1243 1439 1377 1484 verba
1410 1443 1500 1499 ejus
1525 1458 1535 1485 :
1588 1463 1607 1483 c<
1635 1442 1701 1488 Tu

313 1541 335 1562 ›>
354 1515 475 1582 quod
496 1513 679 1560 seminas
697 1527 785 1556 non
805 1509 1051 1557 vivificatur
1065 1508 1108 1562 23
1133 1529 1154 1550 »
1173 1519 1214 1553 et
1238 1519 1351 1554 taces
1371 1509 1490 1573 quod
1504 1510 1574 1557 ille
1596 1529 1704 1557 eon-

313 1589 485 1637 nectit:
517 1584 647 1630 «Nisi
682 1582 949 1628 moriatur.»
992 1581 1126 1626 Taces
1151 1579 1279 1626 etiam
1308 1581 1420 1627 illud
1463 1582 1582 1646 quod
1622 1583 1705 1629 ad-

310 1660 458 1723 jungit
481 1667 523 1703 et
549 1655 691 1701 dicit:
724 1675 744 1694 «
773 1654 829 1697 Et
866 1651 986 1714 quod
1026 1651 1208 1696 seminas
1228 1687 1237 1705 ,
1267 1668 1355 1696 non
1396 1669 1555 1716 eorpus
1584 1653 1705 1717 quod

315 1733 514 1780 futurum
535 1735 597 1772 est
619 1724 817 1778 seminas,
836 1722 909 1767 sed
928 1721 1097 1767 nudum
1118 1738 1303 1780 granum
1328 1720 1415 1767 sere
1453 1723 1602 1778 tritici,
1632 1735 1707 1770 aut

318 1803 503 1862 alicujus
541 1806 798 1843 (ῖ-[Έ-ῑοῑοηιιῃ
826 1811 836 1838 :
883 1793 958 1838 ubi
1002 1793 1102 1838 satis
1138 1792 1304 1855 aperit:
1329 1814 1347 1833 ›·›
1379 1792 1455 1839 ubi
1490 1793 1543 1840 de
1568 1794 1698 1841 dieat.

319 1873 493 1931 Quibus
511 1867 672 1922 tacitis,
694 1863 814 1928 quod
835 1864 1030 1927 sequitur
1051 1863 1206 1922 ingeris
1228 1862 1245 1890 3
1272 1880 1282 1907 :
1304 1864 1455 1908 «Deus
1481 1875 1622 1910 autem
1643 1865 1706 1910 illi

319 1944 567 2004 tlatcorpus
581 1935 802 2002 quomodo
823 1935 1026 1983 voluerit,
1049 1944 1089 1978 et
1108 1933 1346 1996 unicuique
1365 1934 1576 1980 seminum
1598 1953 1708 1998 pro-

321 2016 468 2079 prium
485 2028 644 2074 eorpus
668 2027 677 2052 ε
704 2032 720 2049 »
739 2018 779 2052 et
802 2024 887 2052 non
907 2007 968 2052 vis
987 2004 1254 2064 liieintelligi
1274 2022 1459 2068 quorum
1479 2007 1708 2062 seminum,

321 2087 367 2133 id
392 2096 471 2138 est,
500 2082 585 2128 fere
613 2080 762 2133 tritici,
792 2090 866 2123 aut
894 2077 1074 2137 alicujus
1111 2089 1366 2122 metet-orum
1387 2114 1397 2132 ‚
1429 2094 1596 2133 eorum,
1621 2079 1708 2123 sei-

319 2156 423 2202 licet
437 2169 536 2217 quae
548 2168 648 2196 eum
664 2150 947 2205 seminantur,
963 2164 1048 2191 non
1064 2147 1342 2191 vivificantur
1357 2146 1437 2191 nisi
1450 2147 1702 2194 moriantur.

323 2228 381 2273 Et
400 2223 561 2289 quaeris
588 2221 675 2266 lioe
713 2219 881 2264 dietum
913 2217 1042 2262 etiam
1082 2215 1134 2260 ad
1162 2216 1323 2260 semina
1350 2216 1541 2263 humana
1569 2228 1711 2264 trans-

320 2298 430 2344 ferre
453 2313 464 2340 ι
495 2294 548 2340 de
570 2292 735 2356 quibus
751 2290 949 2353 quamuis
969 2287 1179 2333 veraciter
1203 2286 1289 2332 diei
1309 2288 1463 2350 possit,
1492 2289 1612 2351 quod
1627 2289 1710 2335 illis

327 2370 442 2414 Deus
470 2365 541 2411 det
569 2379 727 2426 eorpus
750 2359 971 2424 quomodo
992 2357 1177 2404 zoluerit
1193 2395 1202 2412 ‚
1230 2368 1272 2403 et
1297 2357 1539 2422 uniquique
1560 2377 1711 2406 eorum

325 2436 559 2502 proprium
589 2449 782 2496 eorpus;
817 2447 905 2476 non
933 2440 1077 2474 tamen
1109 2427 1197 2474 dici
1220 2440 1385 2492 potest,
1421 2430 1541 2494 quod
1570 2448 1712 2477 semen

379 2538 387 2559 ¹
421 2535 505 2567 Vide
531 2534 588 2566 lib.
623 2545 654 2564 2.
682 2532 721 2563 de
748 2533 849 2575 Nupt.
884 2537 914 2563 et
945 2532 1044 2563 Cone.
1081 2541 1152 2573 cap.
1194 2537 1246 2566 xl».
1266 2546 1309 2553 —
1328 2528 1342 2551 ²
1362 2542 1378 2562 2
1401 2533 1475 2566 Cor.
1502 2543 1555 2571 xv,
1588 2534 1641 2565 36,
1667 2551 1712 2556 -

326 2592 340 2617 ³
358 2591 439 2625 lbid.
461 2593 514 2633 32.
534 2608 576 2615 —
599 2586 711 2621 ⁴ib121.
730 2588 783 2620 38.
