1824 3236
277 250 371 311 {57ss
701 263 735 289 s.
785 260 1025 290 ‘incusum
1063 261 1270 290 isi’iscopi

278 341 326 375 ut
343 340 385 374 et
402 329 516 374 nolle
534 339 677 392 posset
693 337 734 373 et
752 326 860 373 velle
878 328 946 390 ιβ)
961 364 971 384 ,
1000 338 1040 372 et
1055 327 1285 390 quodlibet
1300 327 1461 373 horum
1483 327 1665 374 haberet

277 401 320 446 in
344 410 570 463 potestate.
603 398 687 445 Sed
710 398 826 444 aliud
841 409 903 444 est
925 395 1132 458 originale
1154 409 1383 462 peceatum
1405 437 1415 454 ,
1441 399 1562 463 quod
1588 399 1665 445 etsi

275 471 462 517 trahunt
491 471 580 516 sine
597 470 777 534 propria
797 470 1019 516 voluntate
1046 481 1267 516 nascentes
1286 508 1296 526 ‚
1321 481 1463 516 tamen
1483 488 1561 534 per
1583 488 1666 517 vo-

275 541 486 587 luntatem
507 540 641 605 primi
659 540 850 586 hominis
868 541 961 604 ipsa
983 551 1044 586 est
1063 541 1183 601 origo
1205 542 1354 587 vitiata
1378 559 1388 586 :
1413 541 1524 586 sicut
1546 540 1666 586 aliud

275 613 405 658 etiam
430 624 490 658 est
529 613 573 658 in
598 615 761 671 majore
793 612 972 658 homine
998 623 1180 676 propter
1204 612 1323 675 quod
1360 612 1468 658 dicit
1492 630 1502 656 :
1528 634 1546 653 α
1568 613 1668 658 Non

276 706 296 726 ›>
316 684 430 730 enini
460 683 579 747 quod
606 683 705 730 volo
743 684 854 730 facio
884 685 1080 740 bonum,
1115 683 1189 728 sed
1217 683 1337 747 quod
1369 685 1472 729 nolo
1505 683 1668 729 malum

277 777 298 797 »
320 755 406 800 hoc
432 772 510 814 ago
526 754 542 783 1
573 772 583 800 ε
613 776 632 796 >)
660 772 736 800 nee
758 765 903 800 tamen
923 755 1051 799 etiam
1076 755 1156 800 ista
1174 755 1400 800 necessitas
1415 754 1668 800 insanabilis

278 837 339 871 est
355 826 392 871 ei
408 864 417 882 ,
442 825 513 871 cui
533 825 695 871 dicitur
713 843 722 870 ε
743 847 762 866 «
781 827 844 871 De
866 825 1193 871 necessitatibus
1214 825 1318 870 meis
1336 842 1437 871 erue
1451 825 1563 872 1ne2.
1585 846 1606 866 »

344 897 461 943 XLI.
500 896 597 941 JcL.
627 917 647 937 «
669 895 878 953 Quaeritis
897 913 996 956 ergo
1018 896 1315 942 necessitatem
1347 896 1434 952 rei,
1462 912 1562 960 quae
1586 912 1673 941 esse

280 988 368 1017 non
388 980 531 1034 potest
555 971 589 1015 si
614 970 782 1033 patitur
802 971 1115 1017 necessitatem.
1154 970 1271 1016 Huic
1295 970 1433 1016 motui
1458 969 1593 1016 animi
1615 969 1674 1015 li-

278 1045 408 1096 bero,
435 1042 525 1088 sine
557 1052 714 1087 coactu
748 1042 925 1101 originis
964 1042 1185 1107 inquieto,
1221 1042 1255 1087 si
1279 1059 1409 1088 causa
1429 1043 1525 1105 ipso
1550 1051 1675 1086 motu

283 1114 411 1160 detur
435 1113 672 1177 antiquior,
696 1130 783 1159 non
807 1112 1000 1173 gignitur
1026 1114 1228 1167 omnino,
1267 1112 1342 1159 sed
1363 1111 1548 1158 tollitur.
1583 1111 1678 1157 No-

283 1202 380 1232 men
407 1185 521 1230 enini
549 1185 695 1248 ipsum
722 1184 959 1231 voluntatis
983 1184 1150 1230 nullam
1184 1185 1273 1230 vim
1295 1184 1432 1230 habet
1466 1183 1645 1229 alteram
1664 1219 1675 1238 ,

282 1273 417 1321 quani
435 1272 524 1302 non
544 1256 703 1302 debere
721 1255 915 1301 mateiiae
931 1255 1053 1320 quod
1068 1265 1282 1302 movetur.
1308 1255 1422 1301 Cum
1441 1271 1542 1315 ergo
1566 1252 1682 1299 unde

285 1338 381 1374 orta
402 1327 457 1373 sit
483 1326 713 1383 voluntas,
741 1326 835 1390 ipsa
858 1326 1086 1373 xoluntite
1107 1327 1280 1405 'quaeris
1316 1326 1559 1390 antiquius5
1595 1342 1683 1370 non

287 1398 511 1444 exoidiuni
539 1401 652 1458 ejus,
680 1397 754 1443 secl
790 1397 968 1443 exitium
994 1399 1213 1462 requhis:
1248 1398 1428 1443 omnino
1453 1397 1568 1442 enim
1595 1413 1684 1440 non

287 1469 545 1530 intelligitui
568 1486 680 1524 esse,
720 1469 754 1514 si
791 1479 864 1514 aut
897 1470 1088 1516 tenebris
1121 1469 1373 1532 deputetui,
1410 1479 1484 1514 aut
1515 1466 1682 1521 nihilo;

291 1558 371 1587 nec
398 1551 542 1604 potest
565 1539 654 1586 dici
671 1543 763 1600 jam
789 1540 1017 1596 voluntas,
1036 1558 1136 1604 quae
1162 1541 1393 1586 subsistere
1416 1557 1504 1585 non
1524 1547 1683 1603 potest,

292 1613 374 1658 nisi
393 1612 438 1659 in
462 1622 584 1657 motu
605 1612 764 1666 animi,
786 1623 965 1672 cogente
989 1613 1126 1659 nullo.
1157 1612 1203 1658 Si
1230 1630 1332 1673 ergo
1358 1622 1487 1671 cogat
1506 1610 1684 1674 aliquis,

295 1695 358 1730 est
389 1683 567 1748 quidem
600 1694 769 1736 motus3
797 1683 871 1729 sed
900 1701 989 1729 non
1009 1695 1072 1730 est
1093 1684 1296 1731 voluntas
1314 1721 1324 1739 ,
1360 1687 1485 1743 cujus
1510 1684 1596 1727 vim
1615 1680 1689 1726 illa

297 1754 562 1802 definitionis
582 1771 683 1817 pars
697 1755 887 1801 secunda
906 1755 1171 1819 complevit,
1193 1755 1238 1801 id
1257 1765 1335 1811 est,
1354 1754 1475 1800 nullo
1491 1763 1684 1813 cogente.

300 1827 345 1873 Si
366 1843 465 1886 ergo
487 1825 688 1871 voluntas
712 1825 823 1871 nihil
849 1837 910 1872 est
940 1826 1086 1883 aliud,
1108 1844 1241 1890 quam
1262 1836 1406 1871 motus
1427 1824 1586 1880 animi,
1614 1839 1692 1868 co·-

301 1908 425 1958 gente
449 1895 570 1942 nullo
588 1914 598 1952 ;
617 1896 730 1942 male
754 1914 935 1961 prorsus
960 1898 1175 1962 quaeritur
1195 1897 1316 1958 origo
1335 1896 1418 1953 rei,
1446 1898 1572 1956 cujus
1591 1910 1694 1939 con-

305 1969 436 2025 ditio,
457 1968 491 2015 si
510 1968 800 2032 praevenitur,
822 1969 985 2016 interit.
1017 1969 1223 2033 Expende
1247 1985 1348 2029 ergo
1369 1965 1479 2032 quid
1504 1966 1557 2011 sit
1575 1963 1695 2029 quod

304 2056 429 2099 roges
453 2056 465 2084 ε
491 2061 511 2080 «
542 2038 686 2096 Unde,
708 2039 879 2103 inquis,
920 2041 1013 2104 ipsa
1038 2040 1241 2086 voluntas
1277 2038 1391 2085 mala
1423 2035 1545 2101 quasi
1567 2035 1697 2081 arbor

307 2110 421 2156 mala
450 2110 494 2155 in
522 2112 666 2173 primo
696 2110 874 2156 homine
899 2112 1046 2174 potuit
1075 2112 1289 2158 exoriri21>
1316 2132 1336 2152 ›>
1375 2109 1453 2173 qui
1479 2105 1697 2153 confiteris

307 2181 576 2228 voluntatem
602 2181 655 2226 de
677 2181 840 2242 origine
863 2183 1108 2242 contigisse.
1153 2182 1366 2229 Voluntas
1397 2179 1514 2225 enini
1550 2187 1694 2223 motus

307 2264 369 2300 est
400 2253 560 2309 animi‚
599 2264 777 2313 cogente
812 2253 948 2301 nullo.
986 2254 1213 2300 Naturalia
1239 2264 1401 2299 cuncta
1429 2260 1592 2311 cogunt
1612 2266 1698 2294 esse

309 2323 428 2388 quod
457 2325 653 2389 sequitur
680 2343 690 2370 :
715 2325 919 2372 voluntas
941 2336 1086 2372 autem
1118 2326 1151 2372 si
1180 2324 1534 2390 praecedentibus
1560 2320 1700 2367 causis

311 2407 511 2456 cogatur,
534 2396 734 2443 voluntas
752 2415 837 2443 esse
854 2415 950 2443 mox
968 2397 1142 2455 desinit,
1160 2409 1201 2444 et
1218 2397 1364 2462 perdit
1380 2392 1696 2447 conditionem,

310 2485 344 2513 Sl
370 2468 537 2531 accepit
574 2469 797 2529 originem.
827 2491 847 2511 ›>

382 2542 492 2588 AUG.
523 2543 565 2586 Si
596 2541 793 2587 voluntas
819 2541 914 2587 ideo
940 2560 1026 2588 non
1053 2543 1190 2589 habet
1224 2543 1434 2603 originem
1451 2580 1461 2600 ,
1486 2539 1587 2605 quia
1612 2555 1701 2584 non

363 2626 370 2644 ¹
392 2626 484 2657 Rom,
508 2635 566 2664 ⁸²¹,
593 2625 724 2660 ¹5.—'²
742 2627 823 2659 Psai.
848 2638 934 2665 xxiv,
958 2632 1057 2658 18.—-
1076 2626 1089 2650 3
1110 2628 1178 2660 Lib.
1200 2642 1231 2663 τι,
1254 2629 1293 2661 -le
1312 2631 1410 2674 Nupt.
1430 2634 1461 2661 et
1480 2628 1578 2660 Cone.
1593 2635 1623 2657 c.
1642 2622 1699 2655 28.
