1863 3262
178 276 335 307 OPERIS
370 274 632 306 IMPERFECTI
669 271 843 304 CONTRA
878 270 1122 311 JULIANUM,
1163 270 1248 300 Lln.
1294 270 1352 299 IV.
1407 253 1497 298 223

127 353 200 388 tur
223 341 424 387 adversus
445 357 537 395 me,
563 339 664 402 quia
700 349 788 383 tam
821 353 935 399 saepe
959 345 1003 379 et
1025 335 1170 380 odiose
1195 344 1450 397 repetuntur
1476 351 1499 378 a

128 423 181 458 te.
208 411 290 457 Dic
307 411 451 474 potius
468 446 479 465 ‚
506 410 540 454 si
558 419 698 472 potes,
716 407 832 454 unde
847 407 1041 451 humana
1059 404 1229 463 ingenia
1259 422 1358 450 cum
1379 414 1499 449 tanta

124 482 383 546 plerumque
400 479 624 526 vitiositate
642 487 899 533 nascantur3
922 492 1023 521 cum
1040 475 1244 519 internos
1266 474 1498 520 conveniat

123 552 256 599 totius
283 550 472 596 hominis
499 567 584 595 esse
613 550 816 613 opificem
853 548 992 591 Deum
1020 549 1212 604 justum,
1249 555 1289 590 et
1316 562 1390 591 vos
1416 562 1495 590 nc-

123 621 261 683 gatis1
288 620 428 666 ullum
463 620 668 680 originale
697 620 959 683 peccatum?
1003 616 1103 661 Non
1143 625 1286 660 autem
1334 615 1496 660 diceres

121 693 305 739 aliorum
330 700 511 756 peccata
532 707 609 736 nos
628 689 720 736 aliis
739 691 955 752 imputare
970 724 982 743 ‚
1007 686 1084 749 qui
1100 686 1161 731 ibi
1179 685 1357 749 quando
1374 702 1496 731 com-

120 762 248 808 missa
274 773 399 818 sunt,
422 779 507 807 non
527 762 703 807 fuerunt
719 798 728 815 ‚
759 761 791 805 si
815 757 1023 804 recoleres
1041 756 1159 817 quod
1180 756 1392 818 scriptum
1414 766 1494 813 est,

120 833 166 879 in
188 831 350 879 lumbis
375 832 568 879 Abrahae
597 831 727 878 fuisse
752 829 884 886 Levi,
915 826 1093 891 quando
1116 827 1318 872 eumdem
1353 827 1498 873 Abra-

119 902 226 949 ham
262 903 585 948 Melchisedech
626 904 703 947 Dei
731 900 881 947 excelsi
903 898 1136 943 decimavit
1161 897 1334 943 antistes
1355 898 1388 944 2.
1429 897 1500 942 Ibi

119 974 233 1019 enim
256 974 447 1029 videres,
482 974 516 1018 si
555 983 593 1018 te
627 972 872 1036 pervicacia
903 986 991 1015 non
1021 980 1230 1025 caecaret,
1256 969 1302 1014 in
1336 969 1498 1014 lumbis

120 1043 229 1090 Adae
257 1043 384 1089 fuisse
418 1059 550 1103 genus
585 1043 831 1089 humanum
869 1038 1046 1103 quando
1081 1040 1351 1103 perpetravit
1387 1038 1496 1085 illud

114 1113 279 1174 grande
302 1124 547 1177 peccatum.

182 1185 407 1232 LXXVII.
447 1188 548 1231 JUI..
591 1204 611 1225 «
632 1183 716 1229 Sed
738 1193 783 1229 ut
808 1194 1076 1230 revertamur
1099 1181 1152 1226 ad
1177 1197 1374 1236 causam,
1399 1191 1499 1244 post

118 1271 250 1318 quam
276 1254 447 1311 dixixfi,
470 1277 489 1296 υ
507 1272 575 1300 me
599 1254 697 1300 ideo
714 1253 899 1299 noluisse
922 1251 1322 1315 concupiscentiam
1350 1252 1496 1296 nomi-

116 1342 249 1381 nare,
272 1325 376 1388 quia
411 1341 501 1370 non
536 1335 642 1370 esset
671 1340 717 1369 ex
744 1325 873 1369 Patre
892 1361 902 1380 ‚
940 1323 1013 1369 sed
1044 1340 1088 1368 ex
1118 1320 1337 1376 n1undo³‚
1372 1325 1498 1381 cujus

114 1394 272 1441 mundi
289 1396 493 1459 princeps
519 1394 660 1440 dictus
682 1405 744 1440 est
768 1394 999 1440 diabolusz
1023 1395 1100 1457 qui
1124 1410 1217 1438 eam
1243 1392 1286 1438 in
1309 1393 1496 1438 Domino

115 1482 205 1511 non
224 1465 417 1519 invenit3
438 1466 540 1529 quia
570 1465 781 1510 Dominus
807 1465 942 1510 homo
961 1482 1047 1510 non
1070 1481 1151 1527 per
1174 1463 1312 1526 ipsam
1337 1463 1390 1508 ad
1410 1463 1498 1508 110-

111 1536 253 1582 'mines
271 1535 403 1582 venit.
432 1556 453 1577 «
474 1536 562 1581 Ubi
587 1535 830 1581 notandum
857 1546 944 1592 est,
971 1535 1073 1600 quia
1099 1551 1201 1580 cum
1226 1534 1279 1579 de
1298 1551 1342 1579 re
1361 1545 1495 1579 natu-

111 1605 196 1651 rali
213 1605 449 1670 loquereris
466 1643 478 1663 ‚
509 1615 689 1669 eamque
712 1623 758 1651 cx
791 1605 957 1651 mundo
990 1622 1076 1651 esse
1120 1604 1290 1650 dixisses
1308 1642 1318 1661 ‚
1348 1604 1498 1650 subdi-

115 1675 216 1722 disti
239 1676 394 1723 mundi
420 1674 551 1722 totius
576 1677 822 1740 principem
855 1677 1081 1722 diabolum
1117 1676 1236 1722 credi
1269 1686 1493 1740 oportere3

114 1756 166 1793 ut
195 1764 286 1792 non
315 1757 494 1793 actuum
524 1747 873 1793 voluntariorum
892 1784 902 1801 ,
931 1747 1004 1792 sed
1024 1746 1289 1792 naturalium
1323 1764 1492 1803 rerum,

115 1817 268 1881 utique
293 1828 550 1864 naturarum
567 1855 578 1873 ‚
606 1817 797 1864 fatereris
821 1834 917 1863 eum
941 1829 1178 1865 auctorem.

183 1889 298 1933 Arm.
323 1887 409 1932 Ubi
432 1887 560 1950 posui
578 1909 598 1929 «
616 1888 1029 1950 Concupiscentiam
1047 1888 1188 1932 carnis
1203 1925 1214 1943 ,
1235 1909 1256 1930 2>
1274 1898 1322 1934 tu
1348 1888 1494 1934 abstu-

116 1957 204 2003 listi
234 1956 336 2002 inde.
370 1957 536 2013 carnis,
577 1957 697 2020 quod
729 1974 805 2017 ego
835 1957 921 2002 dixi
944 1975 954 2002 z
977 1968 1019 2002 et
1056 1958 1133 2002 uhi
1165 1958 1274 2014 dixi,
1315 1980 1335 1999 «
1359 1960 1497 2018 Cujus

118 2027 274 2074 mundi
291 2026 434 2074 dictus
467 2038 528 2073 est
546 2029 752 2091 princeps
766 2028 970 2074 diabolus
987 2049 998 2082 3
1019 2039 1102 2073 »tu
1119 2028 1324 2074 addidisti
1342 2030 1494 2084 totius,

119 2108 162 2144 et
179 2097 324 2144 dixisti
347 2118 367 2140 «
388 2097 542 2143 Totius
562 2097 735 2154 mundi,
752 2120 771 2141 ›>
785 2098 904 2161 quod
916 2115 993 2158 ego
1008 2116 1094 2144 non
1112 2098 1212 2146 dixi.
1235 2101 1323 2159 Age
1341 2110 1388 2145 ut
1402 2101 1500 2163 pla-

119 2179 215 2225 cet,
249 2168 323 2214 dic
353 2168 474 2232 quod
510 2169 594 2215 tibi
612 2168 782 2232 placet,
807 2169 873 2215 vel
893 2169 975 2214 illis
994 2169 1123 2214 etiam
1145 2170 1307 2232 quibus
1335 2170 1493 2233 places,

121 2241 213 2300 Ego
245 2239 644 2302 concupiscentiam
686 2240 826 2285 carnis
865 2239 977 2294 dixi,
1015 2256 1147 2303 quam
1184 2240 1292 2285 dicit
1316 2244 1499 2286 Joannes

122 2327 210 2358 non
232 2326 319 2355 esse
340 2328 363 2355 a
382 2309 561 2366 Pau-eh,
583 2300 662 2355 'sed
685 2328 731 2355 ex
758 2310 923 2356 mundo
940 2347 950 2367 ‚
990 2310 1035 2355 id
1060 2321 1149 2364 est,
1178 2328 1223 2356 ex
1249 2311 1502 2356 hominibus

123 2381 199 2445 qui
235 2391 474 2426 nascuntur
503 2381 548 2426 in
579 2381 772 2438 mundo,
812 2382 996 2445 perituri
1028 2381 1109 2426 nisi
1145 2394 1426 2427 renascantur
1456 2383 1500 2427 in

125 2450 317 2499 Christo.
355 2451 464 2496 Haec
498 2452 855 2515 concupiscentia
897 2452 1040 2498 carnis
1074 2469 1162 2497 non
1200 2463 1263 2498 est
1299 2453 1499 2511 luxuria,

174 2554 185 2575 ¹
205 2555 297 2584 Forte
313 2551 443 2593 negetis.
464 2570 505 2576 —
530 2549 546 2573 2
572 2552 673 2584 Hebr.
687 2564 748 2592 vn,
771 2565 822 2586 10.
849 2571 892 2578 —-
916 2551 930 2576 3
950 2552 1031 2596 Aug.
1051 2553 1109 2587 lib.
1133 2565 1162 2585 2.
1179 2553 1218 2585 de
1235 2555 1334 2597 Nupt.
1353 2565 1382 2587 c.
1405 2555 1436 2587 5.
1457 2572 1501 2578 —-

127 2607 142 2632 4
158 2620 172 2641 1
188 2611 283 2641 Joan.
295 2618 335 2647 11,
357 2608 410 2641 16.
