1824 3236
308 309 399 362 418
717 325 750 353 5.
798 324 1037 355 Λ1’0115’11Ν1
1074 326 1274 355 ΕΡ150οΡ1

304 389 443 451 pascit
466 389 577 434 Deus
595 390 724 434 etiam
744 400 1008 452 peccatores,
1041 392 1340 454 benignusque
1369 402 1431 438 est
1457 409 1587 457 super
1608 394 1681 440 in-

304 469 446 517 gratos
468 470 509 504 et
529 459 689 515 malos,
717 460 887 522 pietatis
915 471 976 506 est
1002 463 1094 521 ejus
1121 462 1414 507 testimonium
1432 499 1442 518 ‚
1468 480 1556 509 non
1584 482 1680 511 ma-

304 529 512 588 lignitatis
532 547 541 574 :
572 530 646 592 qui
668 547 755 575 non
776 530 870 576 vult
889 533 1055 595 quippe
1073 542 1253 577 mortem
1281 532 1516 590 morientis,
1543 535 1614 580 sed
1634 547 1682 583 ut

307 611 544 645 revertatur
568 611 609 644 et
645 599 824 646 vivat‘1:
856 620 933 647 nec
973 604 1059 648 cito
1101 603 1230 664 punit
1261 613 1480 657 errantes;
1519 622 1599 650 nec
1621 606 1680 651 ob

303 669 420 715 aliud
446 671 490 716 id
514 671 635 726 facit,
664 689 793 734 quam
821 683 869 717 ut
894 674 1066 718 bonitas
1085 677 1176 731 ejus
1200 674 1474 736 poenitentiae
1504 686 1676 738 tempus

300 741 536 801 indulgeat.
564 743 635 786 Sic
649 742 761 787 enirn
780 742 1085 805 aitApostolus
1105 761 1115 787 :
1138 764 1157 784 «
1176 744 1444 803 Anignoras‚
1470 746 1678 808 quoniam

298 833 320 855 »
344 813 514 858 bonitas
536 813 611 857 Dei
631 812 684 857 ad
707 814 1006 875 poenitentiam
1030 824 1070 858 te
1091 813 1305 858 adducit?
1332 814 1582 861 Secundum
1604 833 1680 861 au-

300 905 320 924 »
342 894 424 928 tem
453 883 656 927 duritiam
683 895 799 927 tuam
825 893 865 927 et
883 883 1253 946 corimpoeuitcns
1285 894 1329 928 tu
1357 884 1433 929 tibi
1462 884 1678 931 thesauri-

300 978 320 995 »
341 971 408 998 zas
427 955 533 998 iram
550 953 582 999 ⁶2.
611 974 630 993 >³
656 953 859 1015 Disputat
877 954 1003 998 etiam
1026 952 1145 1015 apud
1177 955 1400 1016 Lycaones
1418 966 1459 1000 et
1482 959 1679 1019 Areopa-

298 1025 422 1083 gitas
436 1022 587 1086 quoni
577 1040 643 1067 nn
658 1023 770 1067 Deus
784 1041 859 1068 nec
878 1024 1146 1086 tempolibus
1162 1025 1678 1087 1)rae·te1itaeignorantiae,

297 1093 588 1171 providentiae
622 1110 711 1137 suae
744 1092 1008 1139 documenti
1047 1095 1328 1141 submoverit.
1378 1095 1527 1174 Neque
1563 1095 1679 1141 enim

297 1164 386 1209 sine
411 1163 654 1208 testimonio
693 1163 868 1227 reliquit
897 1164 1193 1227 semetipsum,
1227 1164 1353 1222 dans
1380 1166 1551 1230 inquit,
1581 1165 1680 1229 plu-

296 1235 386 1279 vias
411 1234 464 1279 de
485 1233 615 1282 coelo
637 1245 677 1279 et
698 1245 816 1297 tem}
822 1251 894 1280 ora
917 1234 1158 1291 fructifer‘n
1180 1235 1366 1299 implens
1387 1237 1488 1283 cibo
1507 1247 1549 1282 et
1570 1236 1680 1282 laeti-

297 1305 357 1350 tia
379 1305 511 1349 corda
538 1322 687 1350 eorum
703 1304 737 1351 3.
778 1306 876 1350 Hoc
902 1323 1002 1366 ergo
1027 1306 1145 1369 quod
1176 1306 1292 1369 pluit
1316 1324 1445 1370 super
1477 1306 1616 1353 bonos
1638 1316 1680 1352 et

299 1392 428 1438 super
451 1375 583 1420 malos
598 1411 608 1431 ,
627 1375 944 1421 documentum
964 1387 1025 1421 est
1043 1377 1319 1436 benignitatis
1333 1381 1443 1437 ejus,
1467 1376 1676 1440 queeideo

296 1445 477 1491 sustinet
501 1455 541 1490 et
565 1456 762 1508 expectat
783 1457 973 1491 errantes
994 1483 1004 1502 ,
1037 1457 1084 1491 ut
1109 1446 1313 1492 recedant
1334 1446 1505 1492 tandem
1523 1464 1546 1491 a
1565 1445 1679 1491 malo

296 1527 340 1561 et
362 1515 524 1562 faciant
549 1516 732 1563 bonum.
761 1517 811 1561 In
835 1526 1003 1562 tantum
1028 1534 1127 1577 ergo
1150 1534 1238 1562 non
1264 1517 1358 1563 vult
1378 1518 1469 1564 fieri
1493 1517 1676 1574 malum,

295 1597 342 1632 ut
376 1604 519 1632 amore
545 1588 672 1633 etiam
698 1587 1011 1633 emendationis
1044 1588 1252 1634 humanae
1284 1599 1435 1652 pascat
1458 1588 1591 1634 etiam
1609 1588 1680 1633 in-

296 1668 452 1717 gratos,
484 1658 551 1703 Ad
566 1658 611 1703 id
626 1657 831 1721 perfectae
853 1658 1023 1721 pietatis
1040 1659 1255 1704 indicium
1279 1677 1289 1703 z
1314 1658 1424 1704 illud
1441 1676 1542 1704 vero
1559 1657 1679 1722 quod

295 1727 403 1772 dicis
418 1765 428 1783 ‚
451 1729 579 1773 Creat
601 1728 736 1773 malos
752 1765 762 1783 ‚
790 1728 995 1791 perfectae
1018 1729 1264 1793 iniquitatis
1285 1729 1581 1775 testimonium
1596 1739 1671 1775 est.

296 1798 404 1843 Vide
424 1816 523 1858 ergo
551 1816 682 1861 quam
706 1799 872 1844 nescias
900 1799 1005 1862 quid
1032 1799 1223 1862 loquaris
1242 1837 1252 1854 ‚
1301 1800 1376 1863 qui
1405 1799 1458 1845 de
1481 1798 1676 1862 exemplo

295 1868 604 1915 misericordiae
638 1869 812 1914 voluisti
847 1868 1149 1915 crudelitatem
1182 1870 1382 1932 probare.
1414 1870 1585 1915 Bonum
1619 1879 1680 1914 est

296 1940 408 1984 enim
434 1957 609 2002 pascere
635 1941 764 1985 etiam
796 1939 956 1996 malos,
978 1950 1026 1985 ut
1053 1940 1085 1985 si
1104 1939 1348 1997 voluerint,
1376 1940 1675 1999 corrigantur:

297 2009 522 2055 scelestum
547 2020 687 2055 autem
714 2010 852 2055 facere
871 2010 1077 2072 parvulos
1102 2010 1235 2054 malos
1254 2046 1264 2065 ‚
1291 2021 1339 2055 ut
1358 2010 1434 2073 qui
1461 2008 1569 2055 velle
1592 2024 1678 2054 non

296 2092 477 2144 possunt
493 2118 502 2135 ‚
535 2081 673 2144 iniqui
700 2092 843 2126 tamen
866 2099 953 2126 esse
977 2092 1203 2141 cogantur.
1225 2080 1483 2125 Liberalitas
1510 2097 1610 2138 ergo
1634 2078 1679 2124 in

297 2161 546 2214 peccatores
569 2152 752 2196 exercita
776 2151 957 2196 abducit
989 2170 1011 2196 a
1040 2150 1162 2195 malis
1180 2187 1191 2205 ‚
1229 2167 1315 2195 non
1339 2150 1384 2194 in
1406 2149 1519 2194 mala
1543 2149 1672 2208 cogit.

301 2219 507 2267 Conditio
532 2233 674 2267 autem
696 2222 909 2267 malorum
932 2239 1020 2267 non
1049 2220 1230 2266 abducit
1250 2238 1270 2265 a
1292 2220 1485 2283 pessimis
1504 2239 1514 2276 3
1545 2219 1616 2265 sed
1638 2229 1679 2264 et

300 2309 412 2356 opus
439 2302 480 2338 et
511 2303 780 2356 operatorem
810 2292 855 2337 in
883 2291 1045 2337 nefaria
1070 2300 1229 2336 cuncta
1250 2289 1486 2353 compellit.
1514 2289 1679 2335 Insanis

300 2380 399 2422 ergo
424 2380 525 2408 cum
553 2362 660 2408 dicis
676 2401 687 2415 ,
725 2363 852 2408 Creat
876 2362 1038 2407 malum
1073 2362 1187 2406 Deus
1209 2378 1219 2406 :
1258 2360 1333 2406 sed
1355 2360 1456 2424 plus
1486 2361 1674 2417 insanis,

302 2450 402 2478 cum
422 2433 465 2478 id
493 2433 717 2492 Evangelii
745 2432 987 2477 testimonio
1013 2432 1225 2477 affirmare
1252 2431 1440 2486 conaris,
1461 2440 1503 2476 et
1519 2447 1568 2476 eo
1591 2441 1678 2475 tes-

301 2502 484 2548 timonio
508 2502 552 2547 in
578 2520 665 2566 quo
684 2502 845 2562 grande
871 2513 933 2548 est
953 2512 1254 2562 argumentum
1271 2501 1478 2547 bonitatis
1495 2500 1672 2547 divinae.

306 2572 491 2618 Attende
513 2572 646 2632 igitur
663 2609 675 2629 ,
701 2583 865 2636 quanto
888 2589 1006 2618 nunc
1040 2572 1194 2618 fortius
1224 2571 1471 2617 reflectatur
1492 2588 1503 2616 ε
1529 2571 1645 2617 Deus
1661 2607 1674 2628 ,

351 2657 361 2676 ¹
379 2653 606 2695 Ezech.xv111,
628 2658 682 2689 32.
701 2674 742 2680 -—
760 2655 776 2677 2
793 2659 886 2690 Rom.
905 2668 939 2692 11,
963 2664 992 2693 4.
1013 2675 1055 2680 -
1077 2654 1091 2678 3
1110 2652 1264 2696 Act.x1v‚
1288 2667 1342 2694 ¹7·
