1824 3236
331 263 417 324 495
743 277 776 306 s.
822 276 1065 307 mausum
1102 276 1302 306 Episcopi

326 342 717 388 manifestissimum
739 352 801 386 est
818 378 828 397 ,
851 343 989 387 Deum
1007 343 1176 388 nonnisi
1196 343 1611 406 praevaricatoribus
1630 339 1712 387 illis

325 424 429 459 tuuc
455 413 711 458 homiuibus
746 413 968 467 intulisse3
1007 425 1080 459 aut
1118 432 1236 460 nuuc
1271 432 1339 459 eas
1378 415 1536 475 negetis
1563 431 1711 460 eorum

323 495 517 547 posteros
539 484 706 547 perpeti
732 484 924 547 paradisi
953 486 1093 531 exules
1115 522 1125 542 ,
1151 497 1192 531 et
1218 486 1381 549 ubique
1406 497 1620 531 terrarum
1650 495 1713 530 tot

322 565 363 599 et
387 565 526 599 tantas
552 555 739 600 miserias
773 555 1061 618 perferentes3
1091 567 1163 601 aut
1184 556 1348 602 dicturi
1386 558 1484 602 estis
1502 594 1511 612 ,
1549 566 1713 618 quanto

325 642 459 684 magls
482 625 664 688 quisque
697 636 759 671 est
783 637 988 689 peccator
1013 637 1053 671 et
1079 627 1241 690 impius
1259 664 1269 683 ‚
1304 638 1425 673 tanto
1462 627 1597 686 magis
1623 630 1714 686 ejus

326 712 446 754 agros
471 712 622 758 parere
649 696 794 759 spinas
817 707 860 742 et
886 697 1095 752 tribulos,
1130 707 1171 742 et
1194 708 1315 743 tanto
1341 699 1474 757 magis
1505 715 1603 743 eum
1634 713 1712 742 su—

324 767 426 812 dare
454 765 712 822 laboribus3
749 779 789 814 et
823 779 989 832 quanto
1023 779 1085 814 est
1119 786 1307 847 quaeque
1328 769 1510 815 mulier
1501 769 1710 832 iniquior,

324 848 446 883 tanto
480 855 572 883 eam
616 839 856 902 parientem
892 839 1062 884 dolores
1090 841 1270 919 perpeti
1305 840 1555 900 oravimes?
1592 840 1714 884 Sicut

325 927 425 970 ergo
450 927 597 973 poenae
618 911 839 956 humanu
844 928 917 956 um
957 911 1227 957 miseriarum
1248 929 1393 975 ‚quas
1423 911 1714 957 communiter

323 980 551 1043 perierunt
575 980 655 1026 filii
678 980 817 1026 Adam
839 999 861 1027 a
885 981 955 1027 die
972 982 1106 1027 exitus
1124 982 1177 1028 de
1201 993 1348 1029 ventre
1373 982 1522 1028 matris
1540 997 1709 1035 εοιυῐη,

322 1050 421 1096 ideo
449 1062 549 1097 suut
575 1051 801 1110 omnium,
829 1052 931 1115 quia
964 1064 1166 1116 parentes
1205 1070 1457 1099 communes
1482 1063 1583 1098 sunt
1615 1068 1714 1096 orn-

324 1123 470 1176 nium,
498 1122 551 1168 de
571 1140 759 1186 quorum
785 1124 1146 1187 praevaricatione
1173 1125 1252 1169 ista
1283 1133 1527 1170 venerunt:
1557 1123 1616 1168 ita
1640 1122 1714 1184 ip-

324 1210 469 1239 sorum
512 1193 703 1239 duorum
745 1195 1051 1257 praevaricatio
1098 1200 1185 1240 tam
1228 1211 1437 1255 magnum
1482 1203 1712 1257 peccatum

323 1264 452 1311 debet
489 1265 699 1324 intelligi,
742 1275 790 1310 ut
825 1276 970 1328 posset
1004 1266 1201 1312 omnium
1234 1284 1280 1312 ex
1324 1265 1415 1312 viro
1458 1276 1499 1310 et
1537 1263 1714 1310 muliere

322 1336 594 1382 nascentium
634 1336 679 1381 iu
718 1335 906 1381 deterius
941 1348 1109 1382 mutare
1148 1347 1375 1389 naturam,
1413 1347 1453 1381 et
1487 1333 1714 1381 communi

323 1417 447 1453 reatu
462 1418 670 1470 tanquam
690 1406 958 1453 haereditarii
977 1408 1115 1453 debiti
1136 1408 1328 1467 obligare
1341 1405 1706 1468 chirographum.

390 1477 599 1542 Quisquis
635 1494 735 1538 ergo
770 1477 880 1523 dicit
915 1478 1045 1523 talem
1080 1478 1377 1524 conditionem
1415 1474 1714 1540 quorumlibet

322 1547 580 1594 delictorum
596 1585 606 1603 ‚
654 1565 753 1611 quae
796 1565 914 1593 nuuc
959 1549 1314 1603 coimnittuutur‚
1358 1563 1444 1591 esse
1486 1544 1708 1597 debuisse,

325 1618 465 1682 qualis
482 1619 566 1664 fuit
583 1618 781 1664 conditio
801 1618 950 1664 delicti
971 1619 1110 1675 illius,
1127 1619 1245 1682 quod
1267 1619 1311 1663 iu
1335 1617 1452 1663 illius
1474 1616 1574 1663 vitae
1594 1625 1713 1660 tanta

321 1688 526 1751 felicitate
545 1727 556 1741 ,
586 1700 627 1735 et
652 1699 771 1735 tanta
811 1707 899 1735 non
934 1689 1147 1752 peccandi
1179 1689 1389 1735 facilitate
1430 1687 1711 1733 commissum

323 1770 407 1814 est3
445 1761 575 1806 etiam
608 1761 724 1824 ipsas
765 1760 872 1806 duas
895 1761 1005 1806 vitas
1031 1760 1394 1824 debet,‚aequare‚
1434 1776 1525 1804 eam
1551 1757 1713 1802 scilicet

323 1847 423 1894 quae
438 1849 556 1878 nunc
578 1832 738 1892 agitur‚
763 1842 804 1877 et
824 1849 917 1877 eam
939 1832 1101 1895 quaein
1122 1832 1204 1877 illis
1229 1831 1387 1876 sanctis
1408 1841 1449 1875 ct
1473 1829 1609 1874 beatis
1632 1827 1711 1872 de-

320 1902 431 1949 liciis
453 1904 673 1964 agebatur.
701 1903 834 1960 Quod
859 1904 891 1949 si
916 1920 1003 1949 esse
1028 1903 1357 1949 stolidissimum
1374 1901 1540 1953 ceruis;
1568 1899 1712 1944 desine

322 1973 376 2020 de
399 1976 590 2038 peccatis
621 1976 847 2039 praesentis
877 1976 1027 2021 saeculi
1054 1974 1493 2038 vellepraescribcre,
1519 1989 1572 2016 ne
1602 1970 1711 2015 illud

322 2062 527 2106 magnum
559 2058 790 2110 peccatum
817 2046 980 2092 habeat
1005 2064 1127 2092 suam
1155 2047 1243 2092 vim
1276 2056 1317 2091 et
1352 2061 1477 2090 suum
1503 2041 1706 2088 meritum

322 2115 553 2175 singulare.
576 2117 838 2180 Quanquam
860 2116 964 2162 etin
990 2117 1075 2162 hac
1098 2117 1185 2162 vita
1208 2117 1485 2178 omnipotens
1510 2124 1549 2158 et
1569 2116 1711 2171 justus

321 2185 392 2231 ille
413 2186 489 2250 qui
507 2186 615 2232 dicit
637 2204 647 2231 z
669 2186 903 2232 «Reddam
924 2197 1103 2249 peccata
1128 2197 1306 2249 patrum
1338 2186 1381 2230 iu
1402 2183 1560 2239 filios‘¹‚
1584 2203 1604 2223 »
1625 2199 1710 2244 pa-

321 2267 493 2302 rentum
513 2268 634 2303 reatu
658 2258 785 2304 ctiam
807 2267 1000 2320 posteros
1027 2258 1181 2302 irretiri
1204 2257 1305 2302 satis
1323 2256 1546 2301 evidenter
1564 2264 1710 2298 osten-

323 2326 417 2383 dit,
444 2338 485 2373 et
508 2328 708 2392 quamvis
731 2328 901 2373 mitiore
926 2344 1033 2372 nexu
1050 2365 1060 2382 ,
1088 2339 1231 2372 tamen
1255 2325 1553 2372 luertditarios
1579 2323 1707 2368 dehi-

324 2409 436 2444 tores
450 2400 559 2455 fieri,
584 2400 664 2445 nisi
679 2416 772 2455 eos,
794 2399 1012 2458 sicutjam
1031 2398 1074 2443 in
1098 2398 1396 2461 superioribus
1416 2397 1548 2455 hujus
1567 2394 1708 2458 operis

320 2469 525 2531 partibus
544 2470 864 2533 disputavimus
883 2507 893 2525 ‚
925 2487 946 2514 a
972 2469 1149 2516 vinculo
1175 2469 1290 2515 illius
1310 2466 1553 2531 proverbii,
1586 2464 1705 2527 quod

320 2540 407 2586 dici
440 2540 545 2586 solet
570 2558 580 2586 :
604 2543 796 2588 «Patres
830 2540 1206 2588 manducaverunt
1240 2557 1371 2588 uvam
1405 2537 1634 2591 acerbam,
1663 2545 1705 2580 et

367 2624 375 2646 ¹
397 2624 498 2657 Exod.
524 2636 575 2661 xx,
599 2627 630 2658 5.
