1824 3236
169 310 324 341 orfitus
364 309 619 339 inin-:nrnc'st
659 310 831 340 CONTRA
873 313 1115 352 mummi,
1158 314 1241 343 [113.
1287 314 1345 343 w.
1398 297 1491 343 5:35

110 375 374 430 doceretur3
401 397 420 417 »
453 391 554 420 cuni
594 375 684 420 sine
715 375 801 421 ulla
837 377 1110 425 dubitatione
1141 379 1365 432 doccatur,
1406 397 1490 425 non

113 447 282 511 aliquid
328 461 651 498 aerumnarum‚
681 446 755 491 sed
790 463 936 494 omnes
969 466 1185 496 aerumnas
1221 451 1492 496 nascentium

112 528 212 581 post
252 527 484 581 peccatum
520 515 653 578 primi
677 515 891 575 hominis,
932 519 1020 565 imo
1055 531 1237 583 propter
1265 531 1492 584 peccatum

111 588 246 651 primi
269 586 486 644 hominis,
514 596 673 632 nostrae
691 587 831 633 illatas
851 605 937 635 esse
956 594 1152 636 naturai)

179 656 292 713 Sed,
324 678 342 698 α
361 656 486 713 Non,
522 656 692 720 inqui5‚
721 657 817 704 ideo
857 669 955 704 sunt
984 660 1122 707 miseri
1160 671 1407 717 nascentes,
1448 671 1496 708 ut

109 745 198 774 esse
225 727 288 774 rei
323 727 657 774 convincantur.
687 749 707 769 υ
727 728 817 774 Nec
837 746 914 789 ego
942 729 1042 775 dico
1064 748 1073 774 :
1101 730 1204 776 Ideo
1229 730 1370 776 miseri
1395 741 1496 776 sunt

110 809 356 854 nascentes,
395 809 443 844 ut
465 798 787 844 convincantur
822 800 882 845 rei
905 817 914 844 :
942 800 1015 846 sed
1042 800 1142 846 dico
1176 801 1321 864 potius
1349 819 1359 846 :
1387 800 1493 847 Ideo

110 869 437 916 convincuntur
468 868 529 914 rei
559 886 668 925 esse,
704 870 915 933 quoniam
939 882 1041 917 sunt
1065 871 1220 918 miseri.
1253 875 1400 917 Justus
1434 882 1495 917 est

110 938 226 985 enim
246 940 380 995 Deus,
403 938 524 1003 quod
543 938 711 985 assidue
724 950 875 986 contra
894 950 933 986 te
950 939 1060 987 dicis
1078 979 1088 997 ,
1111 950 1154 987 et
1168 940 1306 987 nescis
1323 942 1495 1001 :justus

110 1019 201 1066 est,
228 1008 407 1073 inquam
427 1045 438 1065 ‚
464 1011 582 1054 Deus
601 1029 612 1063 ;
634 1020 675 1056 et
693 1009 791 1055 ideo
816 1022 1036 1058 nascentes
1054 1028 1132 1058 nec
1149 1011 1289 1057 facere
1305 1027 1384 1056 nec
1402 1011 1496 1057 fieri

111 1079 268 1126 sineret
301 1081 501 1136 miserOS,
545 1080 625 1126 nisi
649 1092 791 1127 nosset
824 1099 932 1129 reos.
968 1082 1090 1128 Unde
1113 1099 1201 1128 non
1242 1081 1366 1128 aliter
1388 1080 1494 1127 fides

112 1149 330 1197 catholica
351 1149 553 1211 intelligit
576 1151 697 1214 quod
722 1151 781 1197 ait
807 1152 1040 1216 Apostolus
1064 1171 1074 1198 :
1104 1174 1124 1195 «
1145 1154 1228 1199 Per
1251 1168 1388 1199 unum
1414 1151 1495 1197 ho-

112 1243 126 1261 »
158 1220 318 1267 minem
340 1231 572 1285 peccatum
598 1221 779 1268 intravit
803 1222 847 1268 in
871 1223 1104 1280 mundum,
1122 1233 1250 1287 etper
1261 1233 1493 1286 peccatum

112 1312 133 1334 ›>
156 1309 270 1338 mors
286 1328 298 1350 ,
326 1302 368 1338 et
386 1292 445 1338 ita
468 1292 514 1338 in
538 1309 685 1339 omnes
708 1293 908 1340 homines
924 1295 1198 1357 pertransiit,
1220 1293 1265 1339 in
1285 1308 1374 1356 quo
1392 1309 1492 1338 om-

111 1383 133 1404 »
155 1380 228 1408 nes
251 1362 591 1426 peccaverunt&
621 1384 641 1405 »
667 1363 799 1421 Quod
826 1375 874 1410 tu
901 1364 1051 1410 nolens
1068 1365 1225 1411 referre
1248 1362 1303 1409 ad
1319 1363 1495 1423 originis

110 1450 293 1492 nexum,
314 1433 572 1497 detorquere
597 1434 768 1480 conaris
790 1433 844 1480 ad
861 1435 1116 1482 imitationis
1141 1434 1385 1498 exemplum
1408 1450 1419 1478 ε
1447 1450 1494 1478 ex

112 1521 200 1568 quo
223 1504 299 1560 fit,
333 1514 380 1550 ut
407 1521 510 1550 cum
533 1505 614 1550 tibi
645 1505 838 1551 dieitur:
862 1505 954 1553 Cur
985 1522 1085 1566 ergo
1111 1505 1301 1551 miserias
1329 1503 1496 1564 generis

111 1575 296 1622 humani
332 1575 378 1621 in
401 1575 496 1639 ipso
522 1576 772 1639 incipientis
796 1577 935 1622 aetatis
958 1576 1130 1622 exordio
1152 1613 1162 1632 ‚
1193 1575 1433 1622 innumeris
1453 1583 1496 1618 et

112 1646 292 1693 (liversis
307 1646 430 1693 malis
454 1646 539 1692 suis
560 1657 856 1710 protestantur
875 1647 1083 1703 infantes,
1106 1646 1183 1710 qui
1200 1645 1319 1691 nulla
1342 1643 1490 1690 imita-

115 1717 230 1763 tione
247 1720 515 1781 peccarunt‘?
539 1727 745 1780 tanquam
777 1717 1028 1777 gravissima
1054 1728 1095 1763 et
1113 1714 1356 1764 inevitabili
1377 1731 1494 1778 pres-

112 1804 211 1834 sura
238 1787 476 1844 stomachi,
511 1787 558 1833 in
590 1787 671 1832 hos
697 1787 887 1834 vomitus
906 1804 1108 1851 erumpas
1124 1823 1135 1843 ‚
1159 1797 1201 1831 01
1225 1785 1374 1831 dicas:
1399 1785 1497 1830 Non

112 1857 217 1922 quia
239 1858 300 1918 rei
315 1867 438 1914 sunt,
465 1857 564 1903 ideo
583 1868 686 1902 sunt
704 1857 845 1903 miseri
870 1858 946 1921 qui
963 1868 1226 1910 nascuntur3
1252 1854 1327 1902 sed
1346 1865 1394 1900 ut
1411 1855 1498 1900 hac

113 1926 283 1974 miseria
317 1927 573 1974 commoniti
593 1964 605 1984 ‚
644 1937 826 1974 caveant
866 1939 1096 1991 peccatum
1134 1925 1269 1991 primi
1305 1924 1497 1971 hominis

113 1997 291 2045 imitari.
322 1997 395 2044 Sic
418 1998 533 2044 enim
553 1998 706 2061 putavi
719 1997 894 2061 planius
913 2008 954 2044 et
974 1997 1225 2062 explicatius
1243 2012 1330 2042 esse
1352 1994 1499 2051 dicen-

115 2067 221 2114 dum
234 2104 246 2125 ‚
263 2068 384 2132 quod
412 2078 460 2114 tu
478 2068 709 2114 obscurius
738 2068 1070 2134 perplexiusque
1091 2067 1251 2114 dixisti.
1282 2064 1366 2112 Sed
1391 2082 1500 2129 quo-

114 2138 359 2186 modolibet
371 2139 460 2186 hoc
480 2138 624 2196 dicas,
643 2140 741 2203 quis
769 2156 858 2185 non
875 2139 1022 2185 videat
1043 2138 1187 2185 studio
1214 2134 1500 2183 defendendae

115 2209 333 2273 opinionis
349 2220 435 2256 tuae
452 2209 630 2256 omnino
652 2219 693 2255 10
713 2208 932 2255 attendere
954 2208 1066 2255 nolle
1084 2206 1194 2273 quid
1212 2205 1356 2252 dicas?
1375 2203 1501 2250 Ideo·

116 2297 169 2326 00
210 2279 379 2327 fuerant
397 2317 409 2338 ,
451 2297 600 2344 quaeso
638 2290 678 2325 te
698 2317 708 2335 ,
751 2279 949 2325 homines
987 2279 1236 2325 innocentes
1276 2273 1498 2338 plectendi

115 2349 311 2407 miseria,
333 2368 421 2397 000
440 2349 562 2415 quod
583 2349 720 2396 ullum
738 2360 968 2413 peccatum
992 2349 1230 2404 haberent,
1254 2344 1327 2392 sed
1343 2354 1391 2390 ut
1410 2361 1497 2390 non

115 2419 362 2468 haberent?
388 2419 552 2467 Debuit
583 2437 683 2480 ergo
714 2430 756 2466 et
784 2421 872 2466 Eva
906 2420 1027 2483 prius
1051 2419 1144 2465 sieri
1178 2417 1330 2463 misera
1366 2431 1499 2479 quam

117 2507 213 2542 rea,
247 2502 296 2537 ut
326 2490 495 2538 miseria
533 2507 609 2537 sua
638 2501 989 2537 commoneretur
1027 2506 1115 2536 non
1149 2484 1390 2534 consentire
1413 2502 1498 2530 ser-

116 2560 254 2624 penti.
283 2562 447 2607 Debuit
464 2572 506 2607 et
526 2559 667 2608 Adam
689 2560 811 2624 prius
834 2561 980 2624 puniri
1009 2559 1122 2607 malo
1146 2557 1324 2606 0115011ῑο
1339 2589 1352 2615 ,
1373 2572 1428 2604 ne
1443 2553 1497 2602 ad

169 2645 180 2666 ¹
200 2645 295 2680 Rom.
315 2655 345 2684 v,
365 2655 417 2677 12.
