1824 3236
175 264 330 294 omanis
369 262 630 293 meur-recu
666 259 840 290 CONTRA
875 260 1119 301 erfflun,
1159 262 1246 292 Lm.
1291 262 1329 292 v.
1411 243 1506 300 345

125 330 253 375 tuitas
274 328 482 373 naturalis
497 331 515 373 ἶ)
553 327 694 390 Usque
715 325 821 371 adeo
842 325 1007 388 quippe
1037 344 1163 372 omne
1184 326 1391 386 originale
1406 343 1503 371 ma-

124 400 215 446 lum
250 399 450 445 meritum
488 408 716 457 negantes,
755 406 914 441 cuncta
943 397 1155 442 naturalia
1182 398 1286 442 vitia
1326 396 1505 444 laudare

126 469 349 529 cogimini,
375 479 422 513 ut
442 484 525 513 non
544 466 681 512 solum
704 482 889 529 corpore
905 465 1135 520 deformes,
1165 467 1342 526 debiles,
1357 484 1505 513 mons—

128 551 380 602 truososque
395 538 527 584 foetus
549 537 828 584 verumetiam
849 536 1008 592 fatuos,
1037 538 1071 583 si
1091 555 1218 583 nemo
1243 538 1306 583 ibi
1326 555 1506 601 peccas-

127 620 207 664 set,
248 619 468 655 exorturos
499 608 544 653 in
580 607 782 671 paradiso
822 607 950 653 fuisse
989 606 1174 662 dicatis3
1218 608 1326 654 dum
1366 619 1506 653 tamen

127 679 377 743 pudendam
405 688 649 741 susceptam
669 688 874 733 vestram,
896 694 983 741 qua
1008 694 1110 723 caro
1129 679 1406 741 concupiscit
1431 678 1504 724 ad-

124 767 268 796 versus
295 750 497 813 spiritum
517 784 527 804 ‚
561 749 672 795 inter
697 749 871 794 delicias
893 748 978 794 loci
1001 748 1117 795 illius
1152 749 1386 794 beatissimi
1411 749 1503 795 col-

123 820 286 868 locetis.

185 893 354 939 XXIII.
385 891 488 938 JUL.
524 891 728 937 «Verum
758 906 893 945 nunc,
922 889 1042 954 quod
1066 890 1187 936 locus
1219 889 1364 950 exigit,
1392 890 1508 935 inse-

120 978 322 1024 quamur.
355 963 553 1024 Apparet
572 972 625 1017 te,
649 960 928 1006 subtilissime
949 960 1218 1023 disputator,
1237 977 1370 1005 unam
1384 976 1505 1005 eam-

121 1032 308 1096 demque
326 1049 416 1077 rem
440 1043 641 1078 naturam
666 1031 830 1078 scilicet
848 1032 1089 1077 humanam
1112 1032 1277 1091 magnis
1311 1030 1506 1077 extulisse

120 1102 345 1159 laudibus,
374 1103 449 1148 sed
475 1103 719 1163 majoribus
736 1102 972 1148 maculasse
992 1102 1250 1148 criminibus
1269 1119 1279 1147 :
1307 1100 1427 1164 quod
1448 1100 1510 1146 si-

121 1184 197 1219 cut
220 1190 307 1219 uno
343 1183 556 1237 tempore,
586 1191 673 1219 uno
697 1189 828 1236 opere
859 1189 1034 1236 unoque
1060 1173 1238 1218 consilio
1265 1172 1432 1218 evenire
1451 1171 1510 1216 si-

121 1243 213 1289 mul
236 1261 322 1289 non
339 1255 504 1307 potest;
526 1245 584 1290 ita
603 1244 712 1290 ratio
729 1244 939 1289 naturalis
957 1261 1234 1307 nequaquam
1250 1243 1368 1306 capit
1388 1243 1502 1297 haec,

119 1314 186 1361 vel
201 1316 284 1360 sub
308 1315 588 1360 alternatione
617 1315 854 1368 contraria,
876 1314 949 1359 sed
976 1331 1064 1359 uno
1098 1331 1267 1377 semper
1293 1313 1440 1376 plena,
1462 1312 1509 1358 id

119 1396 197 1440 est,
216 1386 433 1431 taxatione
451 1385 574 1441 boni,
600 1401 826 1448 nunquam
851 1395 1033 1448 propter
1055 1384 1235 1440 malum,
1277 1382 1395 1447 quod
1416 1387 1507 1443 ejus

119 1457 317 1503 instituta
355 1455 629 1520 peractoris1
657 1457 723 1501 sui
743 1473 831 1501 non
852 1457 1036 1519 capiunt
1072 1452 1344 1516 dignitatem,
1373 1454 1456 1500 nisi
1483 1471 1508 1498 a

117 1527 405 1590 pollutissimo
421 1527 768 1573 Manichaeorum
794 1527 922 1573 dente
950 1527 1188 1573 mordetur.
1213 1525 1298 1572 Sed
1321 1526 1407 1571 hoc
1431 1542 1506 1570 ex·-

117 1597 234 1660 pleto
256 1597 362 1644 illud
391 1597 583 1660 inquiro,
607 1614 716 1660 quos
737 1609 861 1660 putes
892 1598 1105 1643 connubii
1134 1597 1278 1643 fumos
1316 1612 1506 1658 sequen-

115 1666 223 1713 dos?
252 1668 363 1713 Nam
383 1668 418 1713 si
442 1668 714 1713 connubium
740 1668 885 1714 fateris
901 1685 987 1713 non
1005 1685 1090 1713 esse
1104 1685 1278 1714 causam
1294 1666 1503 1722 hominis,

116 1737 189 1783 sed
208 1749 438 1792 naturam3
466 1739 638 1802 peccati
667 1755 842 1802 quoque
878 1756 1052 1784 causam
1080 1756 1165 1784 non
1204 1755 1290 1783 esse
1332 1754 1506 1783 connu-

115 1808 259 1865 bium,
279 1808 352 1854 sed
377 1820 603 1863 naturain3
626 1810 716 1855 hoc
746 1810 1022 1855 connubium
1043 1809 1116 1855 cui
1148 1809 1324 1854 laudem
1345 1808 1498 1863 dabas,

118 1889 255 1924 totnm
294 1897 468 1943 prorsus
501 1882 693 1927 evanuit.
738 1880 822 1925 Cui
852 1897 954 1939 ergo
988 1881 1047 1925 rei
1083 1879 1334 1934 ascribitur,
1376 1878 1514 1923 since

116 1950 218 1996 mali
248 1951 328 2006 tui,
347 1967 428 1997 nec
451 1951 559 1997 boni
583 1952 664 1997 mei
695 1968 822 1996 causa
842 1954 930 1997 esti)
956 1951 1001 1996 Si
1023 1951 1078 1995 ab
1096 1951 1321 1995 honestate
1340 1965 1505 1995 connu-

115 2021 179 2066 bii
196 2022 393 2067 homines
411 2023 658 2077 submoves,
682 2040 735 2068 ne
753 2040 850 2067 eum
874 2023 999 2068 etiam
1031 2021 1307 2067 fornicationi
1334 2021 1506 2080 cogaris

116 2093 353 2146 ascribere,
379 2111 401 2139 a
431 2093 679 2139 necessitate
705 2094 917 2139 connubii
949 2103 1181 2156 peccatum
1207 2109 1422 2146 removes,
1451 2108 1504 2136 ne

115 2164 289 2227 nuptias
322 2164 530 2210 damnare
567 2164 772 2220 videaris3
799 2165 906 2228 quid
925 2165 1133 2210 remansit
1161 2163 1290 2209 laude
1314 2163 1498 2223 dignum

114 2235 159 2280 in
172 2235 433 2298 possessione
455 2236 676 2296 conjugii?
712 2236 803 2282 Cur
823 2236 933 2281 illud
958 2237 1079 2281 times
1102 2235 1260 2280 violare
1281 2250 1494 2288 sermone,

116 2305 231 2370 quod
263 2306 436 2352 admota
456 2306 752 2370 disputatione
765 2307 964 2353 funditus
985 2307 1225 2352 subruisti?
1244 2307 1381 2366 Cujus
1400 2322 1500 2364 ergo

115 2395 215 2438 ergo
240 2377 439 2423 reicausa
465 2395 565 2433 esse,
592 2378 765 2424 dicetur
781 2379 813 2424 si
840 2397 918 2425 nec
940 2379 1052 2424 malo
1081 2395 1160 2424 nec
1177 2379 1296 2424 hono
1315 2377 1503 2440 partici-

115 2459 194 2512 pat
225 2448 442 2494 naturali?
471 2449 594 2495 Nihil
620 2466 719 2509 ergo
735 2454 825 2508 jam
857 2451 944 2511 agit
971 2451 1013 2496 in
1040 2451 1171 2496 rebus
1201 2449 1403 2495 humanis
1421 2465 1504 2493 no·-

114 2537 214 2565 men
229 2519 522 2583 honestasque
542 2520 764 2581 conjugii?
787 2521 871 2567 Sed
889 2522 1071 2582 angeris,
1096 2532 1138 2568 et
1161 2520 1268 2567 dure
1285 2519 1458 2584 quidem
1478 2536 1489 2572 ς

164 2605 173 2627 ¹
194 2606 287 2636 Forte
306 2615 362 2648 per
376 2605 515 2637 auc-toris
527 2604 574 2638 sui
590 2604 774 2648 dignitatem
790 2615 854 2638 non
869 2608 1013 2649 capiunt.
