1863 3262
163 307 317 338 ommis
353 305 610 337 IMPERFECTI
646 302 823 334 CONTRA
859 304 1107 347 mmm-um,
1146 308 1235 338 mn.
1277 310 1335 339 ιν.
1391 295 1476 356 ¹93

170 373 320 430 «Quae
332 389 432 432 ergo
445 369 626 434 pudoris
644 369 864 416 tenebitur
877 371 1112 433 quantitas,
1131 374 1260 436 quive
1278 374 1397 420 limes
1409 376 1482 421 in-

106 454 170 489 ter
191 454 252 489 tot
276 447 310 503 ej
320 460 366 488 us
385 441 649 488 diversitates
667 478 676 495 ‚
711 451 841 503 atque
861 442 972 486 inter
991 453 1142 505 ceptus
1167 446 1325 506 partim
1340 462 1481 493 ncces-

106 513 255 563 sarios,
275 512 434 576 partim
453 511 656 557 societate
673 510 884 567 defensos,
908 528 986 574 per
1004 529 1133 575 quem
1159 515 1292 575 possit
1313 515 1479 574 doceri,

108 582 335 629 diabolum
360 580 602 627 naturalem
636 580 834 626 ardorem
855 582 1024 627 sexibus
1044 582 1294 629 miscuisse?
1324 587 1385 631 Ac
1405 604 1484 650 per

108 655 214 710 hoc,
234 664 282 698 ut
305 653 559 717 praesidium
598 652 816 716 opinionis
841 663 930 697 tuae
959 663 1130 698 constat
1154 654 1322 711 officiis,
1358 657 1482 715 locis,

109 723 305 770 moribus
320 759 330 775 ‚
356 723 538 779 artibus,
560 733 602 768 et
620 723 719 768 totis
743 722 870 767 simul
898 723 1100 781 gentibus
1121 722 1407 779 dissolutum3
1430 729 1490 774 ita

110 793 314 840 remansit
353 793 586 850 invictum,
617 792 737 856 quod
769 810 847 838 nos
877 792 971 855 ipsa
1008 792 1176 839 ratione
1216 805 1257 840 et
1296 798 1492 859 apostolo

113 863 251 910 Paulo
267 862 448 908 docente
465 863 755 918 defendimus,
779 862 923 908 omnia
946 880 1147 926 corpora,
1175 866 1318 911 omnia
1351 884 1493 912 mem-

112 934 194 979 bra
216 950 480 1010 corporum,
516 950 748 997 omnesque
773 950 917 979 sensus
934 950 1189 996 corporum,
1219 937 1359 982 Deum
1384 955 1492 984 auc-

116 1014 251 1048 torem
264 1002 563 1049 universorum
586 1021 771 1060 creasse3
794 1003 943 1048 sedita
965 1004 1272 1051 ordinassent
1292 1008 1498 1070 quaedam

115 1073 162 1118 in
183 1072 390 1118 membris
411 1074 566 1118 nostris
589 1090 670 1137 pro
690 1074 1098 1136 opportunitatibus
1122 1085 1367 1138 temporum
1391 1080 1498 1124 ami-

117 1143 225 1189 ciret
245 1141 408 1205 pudor,
431 1143 634 1206 quaedam
658 1143 859 1188 honestas
892 1144 1102 1189 naturalis
1127 1146 1312 1203 offerret,
1337 1148 1499 1211 quibus

118 1223 209 1258 tam
229 1212 485 1259 indecorum
503 1224 606 1259 essct
635 1214 820 1273 tegimen
848 1213 1069 1268 adhiberi‚
1098 1233 1228 1278 quam
1248 1217 1502 1281 importune

122 1282 376 1343 genitalium
399 1282 574 1342 vulgare
597 1294 823 1329 secretum.

189 1354 303 1399 AUG.
323 1353 392 1397 Tu
403 1363 548 1416 potius
559 1354 811 1416 importune
824 1353 1504 1433 culpaimportunitatisaspergis

124 1440 211 1478 eos,
231 1423 284 1468 de
296 1423 458 1486 quibus
475 1423 534 1468 ait
562 1423 792 1485 Scriptura
816 1422 983 1479 divina,
1006 1444 1026 1464 α
1057 1424 1174 1470 Nudi
1195 1443 1241 1470 ci
1245 1439 1335 1485 ant
1359 1440 1400 1475 et
1417 1447 1505 1476 non

123 1514 146 1536 ›>
162 1492 551 1538 confundebantur
563 1491 580 1522 1
589 1513 631 1538 .›>
654 1493 710 1537 Et
723 1503 836 1537 certe
855 1503 959 1538 tunc
975 1493 1037 1538 ita
1052 1495 1157 1539 recti
1172 1508 1314 1553 erant,
1334 1509 1383 1544 ut
1397 1500 1505 1546 recti

120 1563 226 1609 facti
239 1573 383 1609 erant:
403 1563 556 1609 «Fecit
568 1563 682 1608 enim
698 1564 828 1618 Deus,
842 1563 954 1608 sicut
967 1563 1165 1623 legimus,
1178 1565 1401 1614 hominem
1414 1587 1506 1615 rec-

123 1654 144 1676 »
156 1634 286 1680 tum2.
297 1654 317 1674 ›>
328 1632 410 1678 Illo
424 1649 525 1692 ergo
538 1642 731 1695 tempore
742 1642 874 1678 tantae
884 1633 1156 1680 rectitudinis
1167 1653 1273 1685 suae,
1286 1639 1503 1702 numquid

122 1714 210 1750 tam
227 1703 353 1767 pravi
363 1714 502 1759 erant,
527 1714 576 1749 ut
590 1703 908 1766 imprudenter,
932 1704 1228 1767 impudenter,
1253 1707 1498 1765 inhoneste,

120 1775 390 1838 importune,
417 1774 671 1833 genitalium
695 1785 856 1820 secreta
879 1774 1137 1834 vulgarent?
1163 1778 1357 1837 Agnosce
1371 1780 1505 1839 igitur

121 1843 318 1891 nondum
333 1843 461 1889 fuisse
475 1861 650 1889 causam
666 1843 864 1906 pudendi
885 1844 1061 1907 quando
1077 1846 1274 1892 nondum
1296 1849 1505 1911 pudenda

121 1925 244 1960 erant
261 1914 335 1959 illa
357 1914 572 1969 membra,
595 1930 696 1977 quae
713 1930 832 1959 nunc
856 1915 1031 1976 proprie
1052 1915 1259 1977 pudenda
1274 1919 1499 1968 dicuntur.

123 1985 223 2030 Non
241 1984 355 2028 enim
380 1983 674 2028 habitabatin
691 1983 898 2028 membris
921 1983 985 2028 lex
1006 2000 1250 2045 repugnans
1274 1986 1357 2046 legi
1376 2006 1503 2034 men-

122 2053 192 2107 tis,
217 2053 306 2098 sine
325 2068 412 2114 qua
436 2068 555 2096 nunc
587 2052 783 2097 nascitur
806 2068 947 2098 nemo.
994 2053 1201 2099 Nondum
1226 2054 1366 2102 fuerat
1386 2061 1506 2117 justo

116 2124 289 2186 Judicio
326 2122 426 2179 Dei,
456 2122 530 2185 qui
550 2123 700 2168 merito
725 2123 913 2168 deseruit
931 2123 1209 2182 desertorem,
1237 2126 1505 2176 inobedienti

122 2193 302 2242 homini
326 2209 416 2238 suae
445 2193 588 2238 carnis
609 2193 906 2239 inobedientia
939 2194 1169 2242 retributa.
1211 2196 1360 2260 Neque
1393 2200 1508 2247 enim

122 2282 212 2313 non
228 2275 292 2310 est
316 2263 457 2309 carnis
475 2263 770 2309 inobedientia
789 2274 938 2309 contra
954 2265 1155 2327 spiritum
1173 2269 1499 2331 concupiscere,

122 2334 322 2401 quamvis
346 2336 476 2378 etiam
497 2333 656 2396 spiritu
679 2347 830 2380 contra
855 2352 947 2381 eam
969 2336 1306 2399 concupiscente
1329 2356 1418 2385 non
1441 2342 1504 2388 si-

122 2417 252 2454 natur
291 2403 410 2467 quod,
448 2414 630 2449 conatur
669 2404 863 2468 implere.
907 2405 1003 2450 Hoc
1031 2423 1129 2465 ergo
1152 2407 1350 2454 nondum
1392 2423 1500 2468 erat,

124 2475 300 2542 quando
334 2473 441 2519 nudi
461 2484 600 2529 erant}3
622 2485 663 2520 et
688 2492 775 2520 non
801 2474 1204 2524 confundebantur.
1234 2479 1331 2524 Non
1354 2479 1501 2544 itaque

124 2549 186 2598 illi
212 2564 313 2595 vera
347 2545 545 2591 nuditate
582 2546 832 2610 importune
856 2547 1110 2610 genitalium
1157 2560 1319 2597 secreta
1345 2552 1503 2614 vulga-

176 2629 283 2663 ¹Gen.
296 2640 336 2667 11,
353 2629 409 2662 25.
427 2646 469 2653 —
484 2626 500 2650 2
517 2629 622 2663 Eccle.
642 2642 701 2670 vn,
720 2632 770 2662 30.

263 2700 401 2732 cxmv.
1324 2690 1376 2735 13
