1863 3262
325 271 413 300 222
736 268 770 298 s,
814 266 1059 297 AUGUSTINI
1096 265 1299 295 Ei‘iscovl

322 334 498 396 spiritus
529 331 572 376 in
612 342 882 394 potestatem,
912 329 1279 393 quemadmodum
1311 327 1514 391 porcos1.
1550 339 1597 374 ut
1622 346 1702 375 no-

321 405 463 448 vimus
495 405 788 464 acceperunt?
825 402 911 456 Qui
954 400 1129 459 maligni
1150 400 1326 462 spiritus
1366 411 1561 461 possunt,
1589 400 1703 446 sicut

322 473 520 518 hominos
538 472 853 516 irrationalium
878 471 1073 516 membra
1099 470 1368 521 annualium,
1404 469 1460 514 ita
1481 469 1544 514 illi
1574 470 1701 515 etiam

321 544 415 606 ipsa
439 543 599 587 semina
619 542 782 587 vitiare.
815 542 875 586 De
893 540 1147 585 hominibus
1174 539 1358 602 quaestio
1377 549 1454 591 cst,
1475 539 1517 584 in
1543 540 1703 602 quibus

325 613 406 657 Dei
428 613 569 671 imago
603 628 829 674 nunquam
865 611 1134 655 diversorum
1161 610 1383 661 vitiorum,
1413 626 1513 654 cum
1541 610 1703 673 quibus

324 701 393 728 eos
412 683 529 727 nasci
548 682 762 738 videmus,
786 698 939 744 poenas
958 691 1197 743 pateretur,
1220 697 1326 743 quas
1337 681 1425 743 pati
1455 698 1540 726 non
1560 691 1704 743 posset

323 755 523 813 injustas,
559 752 639 797 nisi
678 753 867 815 peccatis
891 752 1155 811 gignentium
1177 752 1552 812 praecedcntibus:
1584 751 1703 814 quod

323 841 400 869 vos
418 834 636 883 liegaiite5‚
658 834 698 868 et
723 823 851 868 fidem
879 822 1142 867 catholicam
1164 821 1373 877 deseritis,
1401 832 1443 866 et
1466 822 1704 867 Manichaei

322 895 479 954 dogma
506 893 735 948 nefarium,
762 903 975 957 quantum
992 903 1142 956 optare
1157 909 1244 936 non
1261 909 1388 937 ausus
1414 903 1491 947 est,
1519 892 1700 952 adjuva-

326 966 395 1021 tis,
426 964 502 1009 ubi
525 964 609 1009 sibi
634 975 778 1009 certus
796 980 1057 1026 securusque
1077 963 1294 1018 videatur,
1317 963 1548 1008 hominum
1576 964 1702 1026 opifi-

324 1052 418 1081 cem
437 1051 523 1079 non
551 1034 747 1079 confiteri
772 1050 921 1080 verum
945 1038 1106 1090 Deum,
1134 1034 1206 1079 sed
1231 1045 1398 1094 gentem
1428 1034 1703 1081 introducere

325 1105 621 1150 tenebrarum.

389 1174 589 1220 LXXVI.
629 1176 725 1219 JUL.
761 1194 780 1214 «
810 1174 897 1220 Nos
930 1191 1032 1220 vero
1066 1174 1181 1220 nihil
1222 1173 1458 1230 habemus,
1498 1173 1618 1238 quod
1657 1174 1702 1220 in

325 1256 471 1292 nostro
496 1243 803 1290 admirandum
830 1245 1057 1291 credamus
1077 1245 1276 1306 ingenio,
1301 1244 1403 1308 quia
1423 1245 1702 1305 intelligimus

324 1334 405 1363 nec
432 1325 663 1379 peccatum
689 1315 778 1360 sine
801 1315 1040 1372 voluntate,
1068 1334 1148 1362 nec
1168 1317 1257 1362 sine
1282 1316 1372 1361 Deo
1392 1333 1597 1379 corpora,
1622 1332 1701 1361 nec

325 1388 414 1434 sine
437 1386 695 1449 corporibus
718 1403 863 1432 sensus
881 1403 1115 1450 corporum
1136 1426 1147 1444 ‚
1175 1405 1255 1433 nec
1280 1387 1369 1433 sine
1396 1387 1702 1433 commixtione

326 1457 545 1518 conjugia,
565 1473 645 1501 nec
658 1456 747 1501 sine
764 1458 854 1502 Deo
874 1469 1099 1520 operatore
1119 1458 1291 1504 existere
1308 1475 1431 1520 posse
1453 1472 1698 1503 nascentes:

324 1539 367 1575 ct
387 1527 687 1574 indubitatum
707 1536 897 1572 tenemus
915 1565 925 1583 ‚
953 1544 1093 1591 neque
1124 1528 1306 1573 dvinum
1333 1545 1419 1573 esse
1437 1565 1448 1583 ‚
1472 1527 1591 1591 quod
1616 1527 1700 1573 do-

325 1599 699 1658 caturinjustum3
723 1614 862 1660 neque
885 1599 1004 1661 quod
1024 1599 1223 1645 divinum
1244 1600 1325 1656 sit,
1351 1617 1475 1663 posse
1491 1599 1701 1658 injustum

325 1670 485 1717 doceri.
519 1670 616 1713 Non
634 1668 778 1713 minus
796 1679 960 1727 autem,
982 1688 1112 1734 quam
1137 1688 1184 1716 ea
1207 1688 1307 1734 quae
1331 1670 1516 1716 diximus
1535 1707 1546 1726 ,
1580 1670 1700 1715 relu-

324 1752 393 1788 cet
415 1758 500 1787 esse
516 1739 743 1803 iniquum,
784 1739 818 1785 si
854 1741 1033 1786 aliorum
1068 1752 1247 1805 peccata
1281 1742 1396 1798 aliis,
1430 1741 1505 1804 qui
1532 1741 1595 1790 ibi
1620 1758 1700 1801 nec

322 1813 510 1867 fuerint,
542 1810 703 1855 nedum
737 1812 1054 1868 consenserint,
1088 1812 1373 1875 imputentur.
1412 1811 1602 1857 Proinde
1630 1811 1700 1857 his

323 1882 555 1930 illuminati
582 1881 745 1926 solibus
771 1884 869 1940 jure
896 1884 1064 1945 optimo
1086 1884 1435 1929 Manichaeorum
1458 1893 1580 1928 antra
1598 1881 1698 1927 des—

323 1955 536 2018 picimus,
567 1952 642 2014 qui
663 1962 823 2014 putant
847 1952 911 1997 vel
931 1970 1016 1997 esse
1039 1970 1162 2016 posse
1188 1953 1276 1998 sine
1294 1953 1515 1998 voluntate
1537 1968 1699 2015 pecca-

326 2036 418 2070 tum
432 2061 443 2077 ‚
466 2022 534 2068 vel
550 2038 638 2066 non
663 2039 685 2066 a
707 2022 795 2066 Deo
814 2022 1010 2068 homines
1028 2023 1138 2078 fieri,
1158 2023 1225 2068 vel
1242 2023 1297 2068 ad
1320 2023 1451 2068 alium
1471 2033 1698 2067 auctorem

323 2111 491 2141 sensum
514 2108 775 2154 corporum,
805 2103 847 2136 et
881 2092 935 2137 ad
965 2093 1097 2137 alium
1127 2110 1313 2155 corpora
1350 2093 1596 2155 pertinere3
1629 2091 1697 2136 vel

323 2167 464 2212 Deum
492 2179 599 2217 esse,
621 2161 696 2223 qui
714 2161 994 2223 iniquitatum
1012 2162 1269 2208 criminibus
1295 2162 1597 2225 opprimatur3
1622 2172 1697 2208 aut

320 2234 476 2281 scelere
496 2231 736 2294 iniquitatis
757 2232 898 2291 urgeri
916 2249 1038 2288 eum,
1068 2233 1143 2295 qui
1164 2243 1354 2278 aeternus
1377 2234 1573 2278 onmium
1594 2249 1696 2278 con-

321 2307 437 2352 ditor
461 2303 725 2355 aestinietur3
754 2313 827 2348 aut
856 2304 1056 2349 umbram
1080 2303 1270 2366 aliquam
1290 2304 1640 2364 tenerejustitiae‚
1661 2302 1696 2348 si

319 2378 503 2424 aliorum
525 2372 768 2420 voluntates
783 2373 965 2419 aliorum
989 2373 1266 2437 applicentur
1282 2375 1514 2421 exortibus.
1542 2377 1602 2420 Ac
1617 2390 1695 2436 per

316 2449 404 2495 hoc
429 2445 580 2492 merita
604 2443 794 2506 partium
818 2444 998 2504 negotiis
1016 2482 1028 2501 ,
1049 2461 1135 2489 non
1158 2445 1339 2504 ingeniis
1364 2445 1645 2508 imputamus·
1672 2464 1692 2485 >2

383 2520 491 2566 Auo.
534 2515 633 2560 Jam
660 2514 742 2561 tibi
765 2515 820 2561 ad
844 2516 989 2561 omnia
1018 2515 1223 2580 respondi
1246 2533 1256 2561 ε
1282 2533 1361 2563 nec
1385 2516 1482 2564 ideo
1510 2515 1692 2561 firman-

359 2602 369 2625 ¹
390 2602 489 2634 Marc.
505 2609 579 2635 vm,
594 2599 647 2628 32.
